2183 2747
43 163 302 199 v01.t.p.22=rm
460 164 683 202 EXSTANT
736 164 964 201 IVDICIVM.
1143 164 1218 203 Lib.
1235 165 1265 202 I.
1291 177 1315 201 c.
1325 165 1521 203 XXXIII.
1722 180 1795 215 279

47 263 93 297 tis
109 263 141 296 in
162 261 241 296 hanc
263 258 468 307 συναγωγὴν
489 261 686 296 coaluerunt.
738 263 784 296 Vt
806 263 960 296 omittam
982 256 1168 310 suspectum
1194 264 1418 312 Apocryphae
1439 260 1688 312 praedicationis
1703 263 1795 301 Pauli

45 313 292 355 testimonium,
319 314 481 359 Sibyllam
497 311 782 355 commendantis,
810 313 968 349 Clemens
987 315 1161 349 Romanus
1176 317 1209 350 in
1224 326 1316 365 parte
1332 315 1499 365 deperdita
1518 317 1644 364 primae
1662 314 1746 350 illius
1763 326 1795 351 et

48 365 203 402 aureolae
217 365 257 402 ad
272 368 465 402 Corinthios
480 365 661 415 Epistol-ae,
690 365 834 411 Sibyllae
849 363 1126 413 testimoniofvsus
1141 366 1204 410 est,
1232 378 1265 402 vt
1278 375 1316 402 ex
1333 371 1468 403 Irenaeo
1485 378 1515 403 et
1533 367 1641 403 lussini
1659 369 1795 403 iunioris

29 418 289 469 quaestionibus
309 417 350 454 ad
369 417 586 454 Orthodoxos
607 417 747 453 ostendit
764 420 979 467 Beueoegius,
1006 421 1039 453 in
1062 417 1178 454 codice
1200 433 1369 455 canonum
1392 419 1558 455 vindicato
1575 420 1642 455 Lib.
1660 422 1682 454 1.
1703 433 1730 454 c.
1747 431 1795 463 14.

47 485 81 507 n.
100 478 130 512 8.
161 472 342 506 Barnabam
367 484 500 520 quoque
519 485 555 506 ac
578 470 722 516 Sibyllae
745 470 970 507 testimonium
988 468 1146 520 respicere
1162 473 1197 506 in
1217 473 1341 515 verbis,
1369 468 1454 511 ἕτοιν
1475 470 1575 524 ξύλον
1597 471 1724 517 κλινθῆ
1737 467 1797 519 καὶ

48 521 183 568 timei,
211 521 389 573 suspicatur
401 522 809 566 minorami-Oxonienfis‚
834 523 924 573 quod
947 523 1023 561 ideo
1037 537 1108 559 non
1127 523 1247 568 credo,
1280 527 1355 574 quia
1379 525 1580 574 praecedunt
1600 525 1715 560 verba:
1742 526 1797 563 λέ-

47 590 102 623 ·γει
118 572 248 626 Κύριος,
275 574 452 626 quomodo
469 590 538 611 non
557 576 739 625 loquuntur
757 576 931 611 Christiani
942 605 952 619 ,
979 590 1056 611 cum
1071 576 1214 623 Sibyllae
1235 578 1330 613 verba
1355 581 1517 613 recitaturi
1536 575 1618 613 sunt.
1672 579 1795 612 Memi-

47 632 95 664 nit
110 628 254 675 Sibyllae
277 632 376 664 etiam
398 630 541 664 Hermas
567 631 599 663 in
623 628 770 670 Pastore,
795 640 829 664 vt
854 626 948 678 supra
970 639 1085 664 notare
1109 643 1164 664 me
1185 632 1334 665 memini.
1389 632 1527 666 Horum
1550 632 1706 666 oninium
1728 633 1796 665 iam

47 680 216 719 dietorum
233 685 403 717 neminem
421 692 504 730 puto
519 678 632 730 legill'e
646 695 701 720 ea.
730 694 813 730 quae
829 682 900 730 post
915 692 1034 717 eorum
1051 692 1196 717 mortem
1211 681 1349 718 demum
1364 680 1479 732 scripta
1495 679 1620 718 necesse
1638 681 1700 725 est,
1726 696 1797 724 non

46 737 153 783 magis
169 747 271 784 quam
287 731 485 784 Iosephum,
513 737 569 784 qui
592 733 735 779 Sibyllae
758 737 912 769 meminit
927 734 984 769 Lib
1001 736 1024 769 1.
1046 748 1072 768 c.
1089 747 1114 780 5.
1143 737 1276 784 Antiqu.
1291 735 1451 781 Sibyllina
1470 735 1613 772 Oracula
1634 733 1674 770 de
1692 737 1796 770 Anto-

46 790 132 823 ninis
149 798 180 822 et
197 789 298 822 Lucio
319 789 431 831 Ver03
458 800 564 836 neque
585 784 684 821 credo
706 786 745 821 ab
767 789 802 821 iis
818 783 937 829 visam,
966 800 1049 836 quae
1072 786 1156 822 libro
1178 788 1299 823 oclauo
1324 787 1442 830 exstat,
1475 786 1726 824 acrostichidem
1744 785 1793 830 ⁸),

47 839 304 875 memorabilem
320 841 430 889 vtique
448 837 471 874 st
487 837 652 887 legiss'ent.
687 835 741 873 sed
765 842 889 874 nemini
907 850 1132 874 memoratam
1156 850 1230 874 ante
1244 837 1439 883 Eusebium,
1466 851 1515 883 et,
1541 843 1596 890 qui
1618 843 1650 875 in
1666 841 1796 875 Graeco

45 890 161 928 codice
176 894 364 927 carminum
387 891 531 937 Sibyllae
546 893 746 937 Erythraeae
760 889 870 926 vidisse
885 905 957 926 eam
981 888 1011 926 se
1027 891 1177 934 testatur,
1207 893 1439 940 Augustinum.
1491 895 1538 928 Ita
1562 890 1701 929 sortassis
1724 889 1796 927 sub-

47 943 124 980 inde
151 944 214 980 alia
235 955 333 993 atque
357 943 419 979 alia
441 943 604 990 Sibyllino
628 946 757 978 nomini
788 940 954 993 supposita
978 941 1050 979 sunt
1070 946 1153 979 inter
1178 945 1380 980 Christianos
1395 974 1405 988 .,
1440 948 1507 981 iam
1531 943 1660 981 saeculo
1682 948 1798 994 primo

45 997 167 1038 ainaim,
203 995 245 1032 de
259 997 374 1046 quibus
404 997 514 1031 obiicit
534 993 668 1037 Celsus,
708 1009 808 1045 quem
830 993 886 1031 sub
909 995 1058 1032 Adriano
1079 1009 1116 1030 ac
1136 994 1288 1046 deinceps
1316 995 1460 1034 floruisse
1475 998 1606 1034 testatur
1633 999 1797 1046 Origenes

46 1049 115 1085 Lib.
131 1051 155 1084 Ι.
171 1062 202 1098 p.
220 1056 252 1090 8.
266 1047 329 1083 alia
351 1046 482 1083 saeculo
505 1045 668 1089 secundo,
696 1048 804 1097 qualia
827 1046 899 1083 sunt
923 1049 1000 1091 illa,
1040 1062 1123 1098 quae
1143 1047 1208 1084 dixi
1231 1048 1272 1084 de
1286 1052 1461 1086 Antoninis
1483 1064 1520 1086 ac
1537 1052 1573 1086 L.
1586 1052 1699 1095 Vero3
1730 1049 1794 1085 alia

24 1109 31 1114 “
45 1099 177 1137 saeculo
192 1104 306 1142 tertio,
333 1111 366 1136 vt
387 1099 595 1136 Acrossichis.
650 1099 862 1136 Clementem
877 1115 956 1136 vero
972 1103 1166 1136 Romanum
1190 1112 1221 1136 et
1238 1100 1399 1152 reliquos,
1425 1116 1508 1152 quos
1530 1105 1720 1144 nominaui,
1748 1104 1795 1137 vti

45 1151 224 1204 losephum
241 1166 395 1203 quoque,
417 1151 683 1203 quoniam'nihil
698 1151 738 1187 de
756 1152 879 1198 Sibylla
901 1151 1098 1202 proferunt,
1126 1153 1215 1202 quod
1236 1168 1305 1189 non
1328 1169 1366 1190 ex
1380 1155 1545 1201 Sibyllinis
1571 1154 1657 1205 apud
1672 1157 1792 1191 Gentes

44 1209 110 1257 peti
135 1209 298 1257 potuerit,
338 1219 438 1255 quare
460 1203 631 1255 suppositis
651 1218 712 1255 per
733 1205 936 1241 Christianos
969 1205 1110 1241 oraculis
1128 1203 1200 1241 vsos
1219 1206 1386 1244 affirmare
1410 1207 1567 1250 debeam,
1595 1221 1665 1242 non
1686 1205 1795 1242 video.

46 1261 132 1294 Sane
152 1259 302 1308 gentibus
325 1261 425 1294 etiam
447 1257 488 1293 de
508 1271 576 1294 vno
596 1259 670 1293 Deo
697 1254 832 1293 summo
856 1258 1020 1301 constitit,
1047 1269 1096 1300 et,
1124 1257 1215 1307 quod
1231 1259 1387 1295 Clemens
1412 1262 1585 1295 Romanus
1610 1258 1737 1294 videtur
1754 1272 1796 1294 ex

47 1311 172 1357 Sibylla
187 1307 327 1346 attulilse
343 1309 384 1346 de
399 1308 528 1346 mundo
543 1309 812 1358 conflagratum,
840 1309 917 1360 quid
933 1309 1022 1346 aliud
1040 1310 1083 1346 est
1096 1338 1106 1353 ,
1131 1324 1231 1360 quam
1255 1312 1345 1362 quod
1371 1316 1402 1347 in
1423 1310 1538 1348 iisdem
1560 1310 1646 1349 sorte
1665 1310 1796 1356 Sibylli-

46 1366 94 1400 nis
109 1363 196 1403 libris
210 1359 323 1412 legisse
338 1359 370 1398 se
391 1365 498 1398 innuit
513 1361 653 1399 Ouidius
668 1363 734 1401 Lib.
749 1365 772 1398 Ι.
788 1365 1018 1412 Metamorph.
1034 1377 1063 1398 v.
1080 1368 1154 1408 256.

424 1439 487 1471 Esse
511 1451 633 1482 quoque
664 1441 697 1470 in
721 1439 788 1471 fatis
811 1439 1031 1474 reminiscitur,
1053 1439 1150 1469 affore
1173 1447 1304 1482 tempus,

428 1502 498 1537 Quo
521 1509 622 1536 mare,
647 1510 709 1540 quo
732 1498 838 1536 tellus,
866 1509 1066 1542 correptaque
1089 1501 1171 1538 regia
1194 1498 1274 1529 coeli

425 1559 555 1595 Ardent,
587 1567 615 1589 et
637 1559 743 1589 mundi
767 1559 860 1590 moles
883 1559 1009 1602 operosa
1032 1560 1157 1591 laboret.

43 1632 92 1666 Ac
108 1627 236 1665 libellus
254 1643 358 1680 paene
373 1629 504 1679 impleri
527 1627 633 1679 posset
646 1629 821 1679 gentilium
836 1628 876 1665 de
891 1628 1009 1665 mundi
1023 1627 1136 1665 futuro
1154 1627 1305 1663 incendio
1323 1627 1512 1663 testimoniis
1525 1623 1572 1661 s).
1627 1628 1794 1676 Denique,

44 1681 135 1732 quod
150 1681 192 1717 de
205 1685 285 1717 turri
302 1682 500 1728 Babylonica
516 1680 644 1732 profert
664 1696 703 1718 ex
720 1681 844 1728 Sibylla
860 1679 1036 1732 Iosephus,
1063 1696 1175 1717 nonne
1191 1679 1354 1726 Abydeno
1372 1690 1403 1715 et
1417 1679 1609 1729 Eupolemo
1624 1681 1722 1715 etiam
1745 1680 1793 1713 in-

42 1732 184 1770 notuiss'e
201 1733 321 1771 docent
337 1733 492 1770 Eusebius
507 1736 573 1771 Lib.
590 1736 645 1770 lx.
663 1749 733 1784 cap.
755 1747 796 1779 54.
814 1745 847 1770 et
859 1749 930 1785 cap.
950 1747 995 1779 17.
1011 1745 1190 1784 praeparat.
1205 1744 1236 1769 et
1251 1732 1398 1778 Cyrillus
1413 1745 1436 1767 ι.
1452 1742 1567 1767 contra
1583 1732 1698 1768 Iulian.
1726 1732 1794 1767 Ne-

18 1796 23 1799 ”
43 1785 111 1822 scio
129 1798 259 1830 autem,
285 1801 327 1822 an
343 1785 415 1823 satis
440 1787 580 1824 firmum
601 1798 839 1836 argumentum
855 1786 894 1823 fit
908 1786 1011 1823 Voflii
1029 1787 1095 1822 Lib.
1115 1786 1154 1822 de
1172 1788 1276 1821 Poetis
1295 1787 1426 1821 Graecis
1442 1798 1512 1835 cap.
1530 1797 1551 1819 ι.
1570 1799 1601 1833 p.
1616 1787 1648 1820 6.
1664 1785 1720 1833 qui
1735 1796 1792 1818 au-

44 1840 173 1875 storem
186 1838 238 1874 vel
251 1837 552 1876 consarcinatorem
569 1839 809 1885 Sibyllinorum
826 1840 899 1889 post
913 1840 985 1887 [If]
1001 1839 1205 1874 Constantini
1226 1841 1276 1873 M.
1294 1849 1443 1886 tempora
1459 1836 1598 1872 demum
1619 1833 1727 1871 vixisse
1743 1849 1792 1870 ar-

44 1894 116 1942 guit
130 1905 169 1926 ex
187 1904 246 1935 eo,
270 1891 361 1941 quod
375 1893 498 1938 Sibylla
514 1894 583 1929 Lib.
597 1895 650 1929 lu.
668 1906 701 1942 p.
720 1900 789 1936 283.
808 1892 973 1935 affirmat,
999 1889 1032 1928 fc
1048 1889 1110 1928 ess'e
1133 1904 1255 1927 nurum
1270 1892 1421 1932 Noachi,
1446 1900 1476 1925 et
1500 1891 1606 1925 Patres
1629 1886 1791 1948 Constan-

1719 1951 1793 1976 tmo

86 2033 120 2065 e)
149 2031 251 2059 Huius
277 2030 483 2060 acrostichidis
514 2027 665 2071 triplicem
693 2031 892 2073 metaphrasin
946 2028 1046 2060 facere
1063 2036 1214 2070 coeperat,
1230 2027 1357 2058 vlterius
1372 2026 1572 2070 persequitur,
1588 2035 1680 2068 atque
1694 2025 1731 2056 ad
1743 2035 1791 2058 at*

42 2076 259 2112 germanicam,
271 2075 306 2102 D.
322 2076 363 2104 Io.
379 2075 599 2110 Habermamst,
611 2075 778 2105 Eberhardi
796 2079 892 2106 Guer-
945 2084 1123 2113 gumentum
1141 2083 1258 2108 eorum,
1275 2073 1386 2112 quibus
1402 2071 1485 2101 fraus
1499 2073 1589 2101 nimis
1605 2078 1708 2112 aperta
1722 2069 1790 2100 sub-

42 2127 122 2153 ΜΓ,
144 2115 287 2158 Happelii
309 2126 337 2146 et
360 2116 440 2147 suam
463 2118 586 2148 exhibet
610 2118 656 2150 Io.
680 2119 783 2162 Christ.
809 2118 890 2150 Neli-
945 2117 1034 2153 oluit,
1054 2116 1236 2158 respondere
1250 2123 1390 2145 conatur:
1412 2114 1540 2145 Titulus
1555 2116 1612 2144 est:
1636 2114 1790 2144 Nochma-

13 2167 16 2170 '
42 2161 169 2201 ringius
210 2163 242 2190 in
287 2163 367 2190 notis
411 2161 447 2191 ad
488 2161 650 2202 profan-iam
687 2165 889 2200 germanicam
944 2160 1004 2199 lige
1035 2161 1276 2198 Verthcidigung
1309 2159 1362 2188 der
1393 2157 1626 2194 Sibyllinischen
1657 2158 1790 2198 Prophe·

44 2203 263 2239 Sibyllinorum
279 2204 447 2234 verfionem
466 2207 577 2235 iterum
599 2205 770 2242 editorum,
795 2206 889 2236 Halae
943 2206 1115 2242 zeihungeit
1129 2214 1222 2241 gegcn
1240 2203 1289 2232 die
1303 2202 1456 2232 Einwiu-fe
1482 2201 1636 2241 gelehrter
1648 2203 1790 2237 Mai-mer,

11 2269 19 2275 .
43 2249 150 2278 saxon.
169 2258 244 2286 ¹7¹9·
262 2255 287 2282 8.
304 2258 368 2289 pag.
386 2253 448 2286 ³75·
468 2248 519 2289 sqq
574 2251 634 2278 Hic
649 2250 727 2279 bom
745 2250 803 2279 fide
823 2261 888 2291 per·
943 2247 1058 2278 welche
1085 2246 1183 2276 solche
1207 2245 1256 2275 fur
1272 2244 1363 2276 falsch
1385 2246 1448 2276 und
1461 2246 1610 2276 erdiehtet
1624 2245 1788 2283 ausgeben.

43 2290 146 2321 suadet
162 2292 214 2321 fibi
230 2293 366 2322 eamdem
383 2291 464 2321 illam
482 2292 540 2322 else
551 2293 788 2325 acrostichidem.
797 2304 889 2333 quam
942 2289 1040 2321 Halle.
1060 2301 1140 2328 ¹72²·
1160 2298 1185 2323 8.
1642 2311 1646 2314 -

44 2336 77 2365 in
95 2333 249 2370 Sibyllinis
267 2338 355 2365 ctiam
373 2334 486 2374 legisset
501 2338 620 2372 Cicero,
637 2335 745 2377 §supra
763 2347 823 2378 cap.
842 2348 886 2373 30.
972 2334 1017 2376 s)
1037 2346 1066 2363 v.
1085 2334 1154 2375 lust.
1170 2332 1261 2374 Lipsii
1276 2331 1400 2368 Phyfiol.
1417 2333 1508 2362 Stoic.
1521 2330 1680 2362 L-lLDiffi
1693 2339 1741 2360 22.
1755 2337 1787 2360 et

0 2377 1 2395 ³
44 2376 70 2418 §.
87 2385 131 2415 3.)
156 2388 184 2408 et
200 2388 318 2419 praeter
333 2389 366 2408 ea
382 2378 510 2408 alterum
528 2378 665 2417 vulgauit
681 2379 837 2415 volumen,
856 2383 888 2409 in
940 2389 985 2415 23-
1000 2389 1027 2419 p.
1046 2383 1191 2415 597-601.
1212 2377 1255 2406 Τ.
1271 2379 1322 2407 IV.
1337 2379 1416 2417 Opp.
1431 2376 1478 2405 ed.
1496 2377 1649 2416 Antwerp.
1667 2377 1745 2413 ¹637.
1762 2372 1786 2403 f.

10 2428 14 2433 ’
42 2432 104 2462 quo
119 2425 249 2460 genuina
261 2434 314 2452 nos
331 2421 770 2458 haberesibyliim,contendit
786 2426 887 2459 enixe,
939 2422 1004 2453 Iac.
1031 2420 1177 2462 namsia·
1197 2419 1270 2452 Diss‘.
1292 2421 1330 2451 de
1354 2421 1453 2451 Stoica
1482 2418 1592 2450 mundi
1619 2417 1785 2450 exustione.

6 2481 13 2511 j
43 2465 708 2509 etquodinimroduffione,priorivolumini
717 2467 889 2511 praemisa,
936 2465 1062 2506 laeger.
