2183 2747
0 2225 3 2231 '
62 2223 113 2254 vbi
129 2225 281 2255 Reimarus
303 2235 332 2255 et
351 2224 481 2266 plurima
502 2235 623 2260 eorum,
647 2235 722 2265 quae
743 2225 790 2254 hic
807 2225 906 2254 Fabri-

571 125 802 163 HOMERVS
837 124 885 162 IN
920 124 1092 161 VETER.
1126 125 1282 162 NVMIS.
1461 125 1536 160 Lib.
1554 126 1603 163 ΙΙ.
1631 138 1655 164 c.
1670 138 1691 161 1.

70 125 163 176 Εἴ.
177 135 203 163 p.
210 133 258 160 ις]
1762 137 1816 171 325

70 220 224 259 Eundem
242 236 387 259 numum
411 221 549 259 illustrat
565 222 707 271 Scaliger
727 220 767 257 ad
787 218 963 257 Eusebium
987 234 1020 270 p.
1035 231 1084 265 47.
1110 219 1260 256 editionis
1283 218 1460 264 secundae,
1495 231 1526 256 et
1550 222 1654 256 Laur.
1668 221 1817 269 Begcrus

70 285 155 312 tom.
173 287 198 312 ι.
213 273 353 312 thesauri
369 274 526 312 Brandeb.
543 289 575 326 p.
592 287 663 322 419.
716 276 964 323 Smyrnaeorum
979 286 1123 309 numum
1142 276 1365 310 Homericum
1381 275 1510 310 exhibet
1526 275 1593 310 Ez.
1609 274 1817 320 Spanlumius

70 326 113 364 de
129 325 184 363 vsu
201 325 441 365 numifinatum
458 342 489 378 p.
505 336 580 373 487.
634 327 747 364 Alium
766 328 859 362 Dan.
879 327 1027 376 Heinsius
1042 340 1074 376 Ρ.
1091 337 1158 371 345.
1177 338 1374 376 poematum
1387 357 1397 372 ,
1420 338 1451 363 et
1477 330 1510 362 in
1535 329 1704 362 Itinerario
1730 327 1819 360 luco.

70 382 131 416 bru
145 381 284 427 Sponins
308 393 389 431 part.
407 383 430 416 Ι.
458 395 490 431 p.
507 393 571 427 ιιι).
595 379 669 418 edit.
685 382 922 422 Germanicae,
949 389 980 415 et
1005 381 1039 414 in
1062 377 1282 415 Miscellancis
1303 379 1450 415 eruditae
1477 381 1676 429 antiquitatis
1698 392 1728 428 p.
1748 390 1816 422 ¹40-

71 432 231 482 [Repetiit
249 434 345 470 illum
363 433 434 484 post
453 438 626 483 Cuperum
642 436 677 468 in
692 431 874 483 Apotheoii
888 445 920 481 p.
936 441 965 474 8.
1021 433 1207 479 Sigehaertns
1223 431 1440 479 Hauercmnp.
1457 436 1487 468 in
1514 429 1583 468 diff.
1606 431 1647 468 de
1670 433 1817 466 nummis

69 489 305 529 contorniatis,
332 483 544 522 differtationi
564 485 604 522 de
619 484 797 522 Alexandri
816 487 866 521 M.
882 480 1080 520 numismate
1095 481 1246 526 subiessa,
1275 499 1307 534 p.
1324 493 1381 529 148
1397 483 1441 534 sq.
1459 484 1566 534 Lugd.
1585 486 1650 519 Bar.
1674 496 1760 529 ¹72²·
1787 495 1816 526 4.

69 539 174 574 Numi
199 552 277 574 cum
300 541 444 576 Homeri
466 539 576 589 effigie
600 544 733 589 eiusque
755 541 850 580 icon,
877 540 942 573 aeri
966 535 1075 580 incisi,
1103 551 1235 587 quoque
1256 540 1465 588 reperiuntur
1487 541 1520 573 in
1545 537 1688 574 editione
1711 538 1817 572 Curtii

69 591 363 641 Suakenburgiana
384 605 415 642 p.
433 605 448 639 5
466 590 509 642 sq.
561 593 822 627 Contorniatum
847 588 1028 640 quemdam
1046 591 1270 626 Homericum
1297 604 1440 626 numum
1461 593 1593 639 Argiuis
1617 587 1754 631 adserit,
1788 599 1819 623 et

68 642 111 679 ad
126 645 346 681 Homericam
366 643 465 681 rest-rt
481 643 676 695 apotheosin
692 643 872 689 Pcdrnstns
894 646 926 678 in
948 639 1166 692 descriptione
1191 640 1293 679 musei
1321 642 1538 678 Pharnefiani.
1567 645 1703 678 Parmae
1723 654 1817 687 1709.

69 709 104 740 4.
130 707 213 732 tom.
231 699 272 732 V.
301 696 384 733 adde
400 697 563 734 editorem
579 697 670 733 libri:
698 699 743 733 Le
766 695 883 731 delizie
905 694 957 731 dei
979 693 1062 731 dotti
1085 706 1118 731 et
1137 694 1226 745 degli
1249 695 1366 732 eruditi
1389 709 1491 744 opera
1515 695 1669 745 postuma
1693 693 1746 730 del
1769 693 1818 729 I).

69 749 170 784 Giov.
186 750 301 789 Lami,
327 750 395 786 vol.
411 753 434 786 1.
452 765 484 800 p.
503 762 568 796 195.
587 760 657 785 not.
709 753 753 785 At
768 749 921 784 Schottus
937 751 969 783 in
988 747 1169 797 Apotheosi
1183 750 1328 785 Homeri
1348 763 1419 798 cap.
1438 752 1493 785 VI.
1512 762 1559 784 nr.
1575 761 1605 792 4,
1627 762 1659 797 p.
1675 760 1733 792 354
1750 744 1817 795 sqq.

69 799 223 852 copiosus
251 801 394 839 similem
417 807 450 838 in
472 801 592 842 Museo
608 805 702 852 regio
725 799 926 838 Berolinensi
939 799 1104 837 seruatum
1127 815 1271 838 numum
1293 799 1420 847 adfert3
1447 812 1479 837 at
1494 812 1610 850 negat,
1638 800 1734 836 illum
1756 799 1818 834 ess'e

69 857 256 903 genuinum
272 867 303 891 et
323 853 444 892 referre
459 858 603 891 Homeri
623 853 838 904 apotheosin,
867 864 963 902 atque
984 853 1083 903 plane
1106 854 1168 889 alia
1191 857 1318 890 ratione
1343 853 1485 904 explicat
1509 863 1637 904 partem
1658 849 1818 888 auersam.

71 911 114 943 At
129 905 247 943 confer
271 910 350 944 At‘ta
375 907 499 944 Erudit.
525 905 608 958 Lips.
634 921 662 943 a.
683 919 764 952 1713.
789 904 892 942 mens.
909 906 969 941 lul.
995 920 1025 955 p.
1042 918 1110 953 295.
1135 917 1166 942 et
1185 904 1287 942 mens.
1311 907 1401 943 Febr.
1429 919 1508 952 17¹5.
1533 921 1564 956 p.
1581 909 1637 942 66.
1701 905 1818 940 Alium

69 973 214 996 numum
240 961 352 996 habuit
383 972 414 996 et
445 961 602 1011 explicuit
619 959 833 996 Burmannus
854 960 894 994 11.
916 961 951 993 in
975 962 1224 995 commentariis
1248 958 1289 995 ad
1310 956 1508 995 numismata
1533 958 1661 1002 Sicula,
1691 971 1723 1007 p.
1745 969 1817 1000 443.

69 1012 188 1058 (altero
206 1024 302 1050 tomo
317 1013 474 1050 Doruillii
489 1013 699 1058 Siculorum)
721 1015 754 1048 in
775 1025 843 1062 quo
864 1011 903 1046 ab
918 1025 980 1046 vna
996 1022 1087 1061 parte
1111 1016 1188 1051 OM
1202 1016 1340 1052 ΗΡΟΣ
1360 1025 1438 1048 cum
1459 1015 1565 1062 capite
1585 1013 1729 1047 Homeri
1751 1008 1816 1044 dia-

67 1064 204 1102 dcmato
219 1078 250 1102 et
266 1067 420 1108 barbato;
444 1067 483 1101 ab
499 1065 598 1102 altera
615 1075 707 1115 parte
728 1070 908 1104 ΙΗΤΩΝ
931 1078 1008 1099 cum
1023 1064 1152 1100 Pallade
1168 1065 1313 1115 galeat23
1341 1095 1356 1108 ,‚
1367 1065 1513 1116 qualem,
1541 1068 1584 1100 ait
1596 1067 1818 1104 Burmannus,

68 1132 107 1154 ex
129 1122 217 1168 gazis
241 1121 383 1155 Comitis
399 1119 586 1154 Pembrokii
607 1116 766 1168 produxit
779 1118 891 1163 Haym
911 1116 978 1152 vol.
1001 1118 1038 1151 11.
1067 1115 1171 1154 Thes.
1186 1119 1329 1154 Britann.
1351 1133 1383 1168 p.
1400 1126 1446 1166 58.
1474 1115 1528 1154 sed
1554 1120 1589 1153 in
1615 1119 1706 1152 cuius
1731 1126 1814 1164 typo

68 1185 173 1221 quum
190 1174 296 1221 prima
314 1171 419 1207 littera
437 1170 586 1207 detritior
600 1168 689 1213 esset,
716 1169 805 1206 male
823 1171 991 1215 Haymius
1006 1170 1153 1206 exhibuit
1227 1177 1415 1210 ΡΗΤΩΝ
1438 1171 1543 1207 littera
1558 1173 1669 1220 priore
1685 1169 1814 1218 pundiis

67 1223 211 1273 expressa
227 1235 399 1273 tamquam
419 1229 643 1263 ΚΡΗΤΩΝ
659 1236 721 1272 pro
739 1228 941 1265 IHTQN,
969 1233 1003 1257 vt
1026 1232 1136 1272 aperte
1159 1226 1189 1257 in
1212 1236 1290 1258 meo
1315 1223 1446 1272 legitur.
1458 1229 1472 1242 “
1509 1222 1603 1259 Adde
1617 1222 1760 1259 eundem
1783 1223 1816 1254 in

66 1276 235 1314 Addendis
252 1287 358 1312 notar.
376 1279 408 1311 in
426 1275 563 1312 Anthol.
579 1278 648 1311 Lat.
666 1289 697 1325 p.
715 1284 787 1321 738.
803 1274 843 1310 ad
857 1275 929 1309 libr.
946 1276 983 1308 11.
997 1278 1101 1324 epigr.
1119 1277 1252 1311 CCVll.
1268 1286 1298 1310 et
1318 1279 1352 1310 in
1370 1275 1536 1312 Addendis
1561 1274 1601 1311 ad
1618 1277 1756 1311 Comm.
1775 1271 1814 1307 ad

65 1343 160 1366 num.
183 1327 282 1365 sicula
305 1343 337 1379 p.
353 1331 420 1365 612.
438 1332 474 1366 E.
499 1327 611 1365 laudat
634 1328 689 1364 ille
710 1329 840 1377 Taylor.
864 1326 904 1363 ad
924 1329 1050 1363 Marm.
1072 1327 1224 1364 Sanduic.
1243 1342 1276 1378 Ρ.
1295 1333 1347 1366 62.
1365 1333 1417 1372 63.
1440 1339 1471 1364 et
1494 1331 1701 1365 Dennerium
1724 1325 1816 1372 (Pel.

65 1383 161 1428 Ierin)
180 1393 262 1418 tom.
279 1383 334 1416 Ill.
350 1383 452 1417 Num.
472 1384 551 1432 Pop.
570 1392 601 1416 et
618 1382 697 1416 Vrb.
716 1382 778 1417 tab.
797 1381 916 1416 XCIII.
934 1394 983 1415 nr.
1003 1393 1044 1415 12.
1067 1383 1121 1430 qui
1143 1395 1286 1416 numum
1312 1382 1560 1417 Burmanniano
1585 1379 1727 1416 similem
1751 1376 1816 1412 edi-

63 1433 121 1470 dit.
148 1434 264 1480 Harl]
319 1435 508 1482 Smyrnacos
530 1444 640 1470 aurem
664 1447 735 1470 non
757 1432 864 1469 modo
890 1432 1030 1469 delubro
1052 1431 1228 1469 honoraffe
1250 1436 1464 1478 Homerum,
1493 1445 1524 1470 et
1547 1435 1676 1479 Statua,
1707 1427 1815 1481 [quod

62 1490 163 1523 etiam
181 1501 199 1523 a
214 1485 451 1532 Botysshenitis
465 1485 593 1524 faetum
612 1498 722 1523 narrat
738 1488 806 1522 Dio
821 1483 1083 1533 Chrysostomus
1099 1484 1169 1522 diff.
1185 1488 1338 1526 XXXVI,
1355 1501 1386 1537 p.
1401 1498 1473 1533 439.
1497 1500 1514 1522 a
1529 1486 1727 1523 Ptolomaeo
1746 1484 1815 1519 Phi-

62 1539 217 1590 lopatore
238 1538 394 1575 Aelianus
414 1553 480 1576 var.
502 1540 585 1578 Hist.
606 1542 692 1576 Xlll.
716 1553 764 1575 22.
785 1550 816 1575 et
837 1541 1001 1575 Lucianus
1026 1542 1061 1575 in
1091 1539 1325 1575 Demosthenis
1353 1540 1538 1586 encomim}
1564 1537 1616 1575 scd
1647 1547 1678 1574 et
1707 1548 1814 1572 numo

62 1606 178 1635 aereo,
205 1593 393 1627 Strabonem
416 1594 588 1630 auetorem
608 1593 768 1629 habemus
791 1592 848 1628 lib.
863 1592 953 1628 XlV.
976 1605 1006 1640 p.
1022 1595 1101 1637 646.
1125 1592 1170 1642 [p.
1191 1597 1266 1639 956.
1287 1590 1360 1628 edit.
1378 1592 1518 1639 AlmeL]
1542 1603 1573 1628 et
1586 1592 1733 1627 Plinium
1756 1589 1813 1624 lv.

62 1658 107 1682 12.
123 1645 193 1681 hist.
209 1647 264 1695 qui
282 1645 400 1680 auctor
413 1645 456 1681 est
471 1660 616 1682 numum
631 1644 799 1696 quendam
816 1643 903 1695 apud
920 1646 1122 1691 Smyrnaeos
1140 1644 1265 1681 dietum
1289 1642 1382 1681 fuisse
1399 1645 1599 1686 Homerum,
1631 1639 1813 1691 ‘Opneesom

63 1697 164 1748 Qod
179 1699 349 1732 delubrum
362 1699 498 1734 Homeri
511 1710 608 1735 vocat
625 1701 745 1734 Cicero
762 1711 825 1748 pro
842 1699 963 1734 Archia
987 1711 1059 1747 cap.
1075 1699 1163 1734 VllI.
1193 1699 1344 1733 Straboni
1366 1698 1430 1736 loc.
1448 1710 1550 1733 mem.
1566 1695 1684 1732 dicitur
1707 1688 1812 1741 Ὀμή-

64 1767 146 1803 quote
165 1749 272 1786 Plinio
290 1751 336 1786 H.
353 1753 395 1788 N.
409 1753 465 1788 lv.
482 1765 525 1789 12.
539 1753 766 1790 Homer-eum,
793 1761 828 1786 vt
845 1749 988 1797 Castoris
1001 1757 1031 1785 et
1047 1751 1194 1786 Pollucis
1208 1747 1364 1793 olidam,
1394 1749 1449 1797 [de
1473 1763 1541 1799 quo
1563 1750 1720 1788 nomine,
1749 1749 1812 1781 Ca-

61 1804 140 1840 stori
159 1814 191 1839 et
207 1802 333 1838 Pffluci
350 1803 558 1853 peculiariter
572 1804 670 1844 dato,
697 1802 761 1839 vid.
778 1805 1003 1839 Monumenta
1027 1816 1143 1851 graeca
1164 1817 1202 1838 ex
1223 1801 1343 1839 Museo
1376 1804 1587 1843 lac.Nannii,
1614 1803 1718 1836 Senat.
1748 1800 1812 1834 Ve-

15 1857 18 1860 ’
62 1860 151 1899 neti,
179 1854 334 1891 illustrata
351 1870 367 1892 a
385 1859 426 1892 D.
447 1854 543 1894 Clam.
565 1858 680 1906 magi,
707 1855 947 1899 Cremonensi,
973 1857 1126 1899 Romae,
1154 1862 1234 1901 ¹785-
1252 1867 1281 1899 4.
1301 1870 1332 1905 p.
1352 1858 1410 1898 168
1428 1853 1471 1903 sq.
1499 1855 1614 1901 HarL]
1642 1848 1809 1892 οἰνοὶκωον,

15 1957 19 1959 ¹
62 1908 220 1954 Polyaen.
236 1907 290 1942 lib.
309 1921 332 1944 ι.
348 1922 419 1958 cap.
438 1921 480 1955 3¹·
506 1908 617 1947 Schol.
632 1911 767 1945 Luciani
782 1919 866 1948 tom,
882 1922 906 1944 ῐ.
923 1923 955 1958 Ρ.
972 1922 999 1953 3.
1014 1920 1046 1944 et
1060 1921 1104 1952 17.
1131 1909 1298 1943 Anubidis
1313 1903 1514 1950 'Avgssfq'tlm
1530 1907 1810 1942 Lucian.Tox-.u·i.

63 1964 201 1998 Veneris
215 1957 422 2012 Ἀφροδίσιον
443 1964 560 1998 Athen.
578 1964 620 1997 V.
640 1976 671 2011 p.
690 1973 764 2007 207.
798 1962 965 2008 Apollinis
980 1958 1208 2000 Ἀπολλώνιον
1234 1962 1346 1996 Schol.
1365 1960 1528 2008 Euripidis
1547 1959 1661 1996 Oresse
1677 1972 1706 1992 v.
1723 1966 1810 2002 ¹389-

61 2015 248 2063 Acstulnpii
273 2011 502 2059 Ἀσκλήπιον,
526 2013 756 2059 Ἀσκληπὲἱον
784 2024 815 2050 et
844 2012 1096 2059 Ἀσκληπίεων,
1132 2016 1235 2052 Laert.
1251 2016 1306 2049 lv.
1332 2026 1384 2057 24.
1424 2014 1677 2062 Ez.Spanhem.
1710 2025 1739 2059 p.
1755 2023 1807 2054 τι).

16 2074 22 2077 “
61 2067 162 2118 Epist.
185 2080 208 2102 ι.
231 2064 271 2101 ad
297 2071 335 2105 A.
359 2068 498 2105 Morell.
549 2068 707 2114 Astarte:
733 2065 933 2119 ’Λςαῖςτειον
977 2080 990 2103 1
1007 2068 1094 2102 Sam.
1118 2067 1239 2102 XXXI.
1264 2079 1301 2102 ιο
1326 2064 1374 2100 ’”).
1435 2066 1610 2101 Mineruae
1632 2061 1808 2150 Ἀθῆιεῖιπ

814 2140 828 2141 7
1018 2121 1064 2154 ss
1095 2131 1113 2162 3
1665 2119 1746 2153 Dio·-
1783 2129 1808 2150 '¹‘-

962 2180 1138 2215 videbatur‚
1171 2179 1298 2210 creditus
1318 2178 1427 2215 fuerit,
1451 2189 1468 2208 a
1497 2178 1553 2208 deo
1579 2177 1641 2220 ipso
1669 2175 1806 2218 accepisse

960 2227 1051 2253 animi
1067 2224 1167 2253 dotesz
1191 2225 1306 2264 postea,
1329 2222 1485 2252 secundum
1501 2222 1583 2252 vsum
1599 2222 1739 2262 loquundi
1754 2222 1804 2249 snt-

961 2268 1107 2307 genzlique
1128 2269 1282 2307 antiquum
1305 2266 1375 2296 deus
1396 2266 1620 2301 nominabatur,
1647 2273 1691 2299 et,
1722 2264 1804 2293 nue'ta

960 2314 1102 2351 opinione
1120 2321 1151 2339 ac
1167 2309 1387 2351 superstitione,
1411 2309 1481 2339 deus
1506 2310 1621 2339 habitus
1645 2310 1683 2338 est
1699 2307 1803 2337 cultus-

102 2180 151 2217 σι)
172 2178 317 2212 Bellonae
331 2179 435 2211 Ἐιυέοι
452 2179 514 2211 Dio
528 2177 650 2222 Caſj31..
668 2191 728 2222 cap.
746 2191 774 2216 4.
790 2192 818 2222 p.
835 2184 907 2212 606.

42 2302 46 2305 Π
62 2269 123 2297 eius
139 2266 260 2305 adtulit,
284 2278 312 2298 et
327 2268 383 2299 alia
400 2268 547 2298 eiusmodi
563 2267 686 2297 delubra
702 2277 789 2309 atque
810 2270 905 2298 nemi-

0 2306 3 2314 ’
23 2346 26 2351 ,
62 2321 98 2340 na
113 2310 239 2349 colligit.
285 2315 339 2348 At,
366 2323 434 2353 quia
451 2311 515 2342 talis
537 2310 684 2350 catalogus
706 2312 762 2341 huc
783 2322 841 2341 non
865 2311 905 2341 fa-

63 2356 119 2390 eit‚
135 2353 214 2385 ‘nolo
229 2355 338 2386 diutius
353 2358 464 2386 morari
487 2355 620 2386 lee'tores.
667 2356 711 2385 Sic
732 2355 810 2397 apud
836 2357 909 2386 Dio-

64 2408 129 2435 nem
144 2409 263 2439 quoque
279 2400 421 2435 Cassium,
446 2401 478 2430 1..
494 2410 554 2440 cap.
571 2408 599 2437 7.
617 2409 645 2440 p.
664 2402 734 2435 609.
758 2399 908 2437 Δημήτριον

62 2440 183 2472 Certus
202 2444 344 2483 templum
367 2451 557 2472 memoratur.
614 2442 703 2479 Qiod
724 2452 822 2472 antem
846 2445 908 2472 Ho-

47 2485 138 2515 'meti
162 2488 312 2524 ingenium
333 2495 362 2516 et
383 2487 476 2529 poefis
503 2489 581 2516 vires
607 2486 748 2516 humanas
773 2486 909 2528 superare

963 2365 1029 2395 qne.
1063 2353 1122 2383 vid.
1141 2355 1249 2395 Cuperi
1269 2352 1426 2395 Apotheos.
1450 2365 1478 2395 p.
1496 2364 1517 2382 11
1537 2352 1575 2393 sq.
1601 2352 1635 2382 tle
1659 2351 1736 2381 culm
1762 2351 1803 2379 di-

963 2400 1035 2427 vino
1053 2399 1186 2426 Homero
1209 2399 1356 2439 praestito.
1402 2399 1480 2426 Hinc
1496 2398 1588 2427 Pinio
1609 2398 1638 2425 in
1655 2395 1804 2425 Alabim<

963 2444 999 2471 ΙΙ.
1023 2436 1053 2468 εἷς
1068 2441 1143 2475 ancli
1160 2439 1173 2468 δ
1187 2440 1246 2468 θεὼ·
1262 2441 1309 2478 tw)
1323 2441 1390 2469 3152
1404 2441 1547 2479 προφήτης.
1570 2439 1645 2469 addc
1658 2439 1713 2470 Sil.
1729 2440 1803 2470 lla..

963 2487 1041 2515 xm.
1059 2488 1126 2522 785.
1160 2484 1274 2515 Harl.-
