2183 2747
591 168 863 206 POEMATVM
902 168 1277 206 HOMERICORVM.
1421 168 1496 203 Libi
1515 170 1563 204 II.
1581 180 1605 204 c.
1621 181 1650 203 2.
1753 179 1812 215 359

63 267 198 302 timachi
213 264 420 315 Colophonii
437 263 617 313 Reliquiis,
645 264 768 310 (Halae
785 265 858 301 Sax.
878 267 971 308 17'86.
991 268 1037 310 8.)
1052 279 1082 315 p.
1101 277 1151 309 34.
1178 265 1295 302 dubius
1311 263 1468 311 redditur,
1496 279 1578 300 num
1593 267 1810 300 Antimachus

61 331 161 369 poeta
177 322 276 355 etiam
291 316 390 354 fuerit
407 321 663 366 grammaticus,
687 317 836 367 adeoque
855 330 936 352 num
953 332 1078 354 nouam
1098 321 1241 354 Homeri
1262 317 1487 354 recensionem
1504 329 1578 353 ante
1598 316 1809 353 Aristotelem

59 374 318 408 concinnauerit.
370 372 488 406 Dionis
507 369 640 420 quidem
666 372 840 406 auctoritas
865 383 919 406 me
940 384 1010 406 non
1031 383 1183 407 moueret
1205 371 1244 407 ad
1267 370 1495 407 dubitandum.
1549 373 1636 407 Nam
1659 373 1809 419 primum

58 436 133 461 ante
149 423 358 460 Aristotelem
373 421 468 459 fuiffe
481 426 673 472 interpretes
690 425 853 465 Homeri,
877 425 908 459 li.
927 437 954 458 e.
970 428 1226 473 grammaticos,
1251 424 1388 463 constat.
1442 426 1539 459 Tum
1558 425 1625 459 Dio
1647 426 1808 459 incertam

57 475 211 528 sequutus
227 475 375 514 samam,
398 477 492 525 φασὶ
510 473 640 526 scripsit.
695 478 847 525 Denique
863 473 970 511 sensus
993 478 1171 513 verborum
1194 490 1327 527 quoque
1344 475 1406 513 esse
1425 476 1550 528 potest,
1577 487 1681 512 artem
1699 489 1809 525 gram-

59 533 216 567 maticam
232 542 263 573 et
281 532 429 565 criticam
447 530 486 564 ab
505 528 678 565 Aristotele
694 532 826 579 eiusque
841 528 996 578 exemplo
1020 533 1243 581 principatum
1260 528 1436 580 accepisse,
1463 532 1496 568 h.
1512 544 1539 566 e.
1561 529 1671 566 inulto
1696 529 1807 577 plures

58 579 207 620 exstitiffe
225 596 325 632 quam
340 593 454 626 antea,
481 585 536 632 qui
560 584 594 616 in
616 593 751 631 vtraque
774 581 828 617 illa
853 592 920 617 arte
940 585 1063 631 ingenii
1089 586 1170 619 vires
1192 594 1391 619 exercerent.
1445 582 1515 619 Cel.
1534 593 1646 619 tamen
1669 581 1808 629 Wiffius

58 639 92 672 in
109 635 275 686 Epistola,
302 635 342 670 cl.
359 635 616 683 Schellenbergii
635 634 748 670 libello
771 632 930 681 subiecta,
958 649 988 684 p.
1009 647 1061 681 119
1077 633 1142 686 sqq.
1168 635 1254 671 illius
1277 635 1494 672 dubitationes
1517 636 1656 678 tollere,
1679 646 1710 671 et
1730 649 1806 685 pro-

58 690 134 724 bare
150 686 298 730 sustinet,
323 687 580 737 Colophonium
594 698 729 737 poetam
745 701 816 723 non
832 686 894 722 ell'e
911 686 1088 735 eumdem,
1116 700 1213 739 atque
1233 692 1384 725 criticum
1407 698 1437 724 et
1459 691 1604 724 Homeri
1631 687 1806 727 editorem.

59 745 265 790 Argumenta
280 752 392 776 tamen
411 741 514 783 illius,
543 753 745 790 quamquam
768 737 937 789 ingeniose
960 744 1143 790 excogitata
1165 752 1262 792 atque
1287 741 1412 778 erudite
1434 741 1613 791 explicata,
1639 755 1711 777 non
1735 739 1807 780 satis

56 791 206 829 fecerunt
223 793 433 839 Villoisom'O.
486 794 552 828 Hie
568 796 669 842 igitur
685 796 718 827 in
733 793 984 842 Prolegomenis
1001 793 1040 829 ad
1056 792 1147 829 suam
1167 797 1312 830 Homeri
1333 794 1423 830 Iliad.
1449 795 1630 830 editionem
1651 806 1728 844 pag.
1745 796 1807 833 XX

56 844 125 896 sqq.
149 859 218 882 non
243 843 352 881 solum
375 848 541 881 examinat
557 846 745 882 wolflanas
761 849 901 881 rationes
919 857 1016 895 atque
1031 846 1267 897 expositiones;
1291 845 1344 883 sed
1362 847 1455 898 plura
1471 850 1570 884 etiam
1587 850 1704 883 excitat
1720 847 1806 894 loca,

56 903 90 934 in
104 899 218 949 quibus
236 895 417 934 scholiastes
432 897 553 934 codicis
569 900 731 934 Marciani
748 897 788 934 ad
803 897 988 935 Antimachi
1003 899 1181 936 editionem
1199 912 1373 950 prouocat.
1426 903 1491 936 Res
1515 912 1626 936 tamen
1652 899 1804 940 nondum

0 989 1 999 η
55 949 127 987 satis
153 950 301 1001 expedita
328 951 548 1001 omnibusque
570 949 822 987 dubitationibus
845 951 944 987 libera
961 950 1024 988 esse
1042 952 1179 989 videtur.
1231 953 1324 989 Nolo
1346 953 1499 1003 equidem
1526 952 1685 996 insistere,
1712 956 1803 993 Anti.

0 1002 2 1014 '
54 1005 216 1042 maehum
241 1003 498 1053 Colophonium
519 1003 691 1053 aliquoties
717 1003 843 1053 culpari
864 1007 898 1039 in
921 1002 1066 1052 scholiis,
1102 1005 1191 1056 quod
1217 1018 1351 1056 poetam
1379 1021 1445 1041 non
1469 1006 1683 1052 intellexerit,
1710 1005 1804 1045 sicin

0 1053 3 1072 ¹
54 1056 312 1092 cod.Ve11et.B.
337 1068 368 1092 et
390 1055 541 1106 Lipsiensi
565 1055 606 1092 ad
629 1056 717 1091 liiad.
735 1053 778 1103 «γ’,
804 1070 870 1102 197·
903 1067 972 1092 tum
997 1053 1033 1096 δ”.
1060 1071 1134 1105 439,
1161 1056 1277 1094 erraffe
1302 1059 1420 1094 dicitur
1443 1060 1680 1100 Antimachus,
1711 1061 1802 1109 quod

2 1122 5 1153 ῃ
53 1118 174 1158 Aemi
191 1127 248 1158 uoq
265 1109 381 1152 Φρβον
398 1112 430 1144 in
445 1107 537 1144 versu
554 1107 699 1158 quodam
715 1108 826 1144 adlato
846 1108 984 1145 tinxilset
1001 1125 1103 1160 equos
1118 1113 1257 1155 Martis,
1285 1111 1378 1158 (loco
1397 1111 1487 1147 Iliad.
1505 1108 1530 1150 o'.
1549 1124 1609 1158 ¹19·
1625 1111 1714 1147 male
1730 1129 1802 1163 per.

52 1165 178 1212 cepto‚)
208 1175 305 1211 atque
329 1161 518 1208 Eustatlzius
541 1159 608 1210 ipse
640 1161 680 1197 ad
703 1160 794 1196 Iliad.
809 1158 844 1199 ν’.
866 1175 942 1208 299.
973 1177 1004 1212 p.
1021 1175 1095 1209 932.
1118 1163 1193 1199 edit.
1211 1178 1296 1200 rom.
1316 1166 1555 1200 Antimachum
1586 1163 1661 1200 ideo
1684 1165 1802 1203 errasse

3 1242 7 1253 ‹
51 1226 186 1256 inonet;
214 1213 265 1250 sed
289 1214 379 1264 quod
397 1214 582 1250 Eustatbius
605 1215 845 1249 Antimachum
870 1216 912 1249 ibi
935 1227 1030 1251 vocat
1055 1220 1333 1264 grammaticum,
1359 1216 1621 1253 controuersiam
1645 1218 1800 1256 nondum

51 1267 196 1310 dirimit,
223 1281 425 1317 quamquam
449 1267 490 1303 el.
508 1264 698 1303 Villoisonii
715 1266 876 1317 expositio
892 1282 925 1317 p.
942 1269 1075 1304 xxiiii.
1093 1269 1137 1304 est
1160 1280 1265 1305 acuta.
1306 1269 1358 1305 Cl.
1379 1273 1467 1306 enim
1487 1269 1637 1305 XVolfius
1664 1267 1798 1323 respon.

49 1319 126 1355 dere
143 1319 267 1369 potest,
293 1319 499 1355 Eustathium
515 1333 586 1355 rem
609 1330 641 1355 et
663 1322 854 1356 Antimachi
879 1320 994 1356 locum
1019 1335 1089 1357 non
1112 1322 1199 1358 clare
1221 1320 1424 1372 perspexiffe.
1480 1322 1529 1358 Ad
1554 1321 1643 1358 Iliad.
1659 1320 1699 1373 ξ’.
1717 1337 1799 1373 499.

7 1364 9 1402 ¹,
49 1371 65 1410 ὁ
85 1367 118 1411 δὲ
133 1373 184 1420 φῗι
203 1368 342 1410 κώδειαν
357 1367 545 1420 οἱνοισχών,
573 1371 709 1408 adnotat
724 1370 908 1409 scholiastes
927 1376 1042 1410 Venet.
1057 1386 1180 1411 veteres
1198 1378 1327 1411 criticos
1342 1372 1534 1424 disputass'e,
1561 1386 1671 1410 vtrum
1689 1386 1739 1427 φη
1760 1377 1797 1413 sit

9 1439 11 1467 5
47 1426 80 1461 h.
99 1425 121 1460 l.
141 1425 342 1461 vocabulum
362 1426 572 1465 encliticum,
599 1436 631 1461 et
650 1436 794 1475 ponatur
820 1439 882 1474 pro
906 1425 967 1469 ὦς,
994 1441 1054 1462 nec
1077 1430 1143 1466 ne?
1169 1439 1199 1463 et
1223 1430 1348 1477 pergit:
1376 1443 1460 1478 714>ss
1483 1425 1518 1466 Σε
1539 1445 1597 1467 τον
1620 1427 1797 1472 Ζηνρὸοπν

47 1476 150 1522 ὑγιως
171 1476 412 1527 οἰπσφαινετοη
434 1481 550 1519 ἐκεινο,
585 1477 636 1516 ὅτι
659 1477 674 1515 ὃ
695 1483 841 1523 noim-ns
865 1474 1014 1519 §Senon
1038 1476 1101 1518 cide
1126 1496 1166 1519 το
1191 1489 1259 1529 φη,
1288 1478 1367 1519 olm
1391 1496 1437 1520 τε
1459 1480 1520 1520 ὠς·
1554 1483 1582 1519 οἱ
1604 1477 1639 1519 cle
1671 1481 1797 1524 MET'

47 1528 258 1573 AT'TON,
285 1531 400 1582 ὥσπερ
415 1529 633 1581 ’Λντιμοιχσς
648 1548 704 1580 καί
722 1535 750 1569 οἱ
766 1548 843 1582 περι
859 1539 1103 1581 Καλλιμοιχευ
1116 1546 1123 1553 ·
1149 1543 1179 1568 et
1206 1533 1245 1569 ad
1264 1547 1294 1568 v.
1311 1547 1385 1578 500-
1406 1538 1485 1573 ἴσως
1505 1530 1540 1573 de·
1556 1551 1612 1579 nou
1634 1531 1796 1586 Ἀντιμα-

47 1599 115 1633 χες
130 1583 284 1622 ε’ντευθεν
299 1584 500 1628 ἕπλοινηθη,
524 1591 574 1631 φη
587 1599 693 1635 ’γεςων
708 1586 786 1623 οἶσιν
801 1584 920 1623 simv-
949 1581 995 1624 deae
1011 1581 1045 1624 de
1063 1585 1188 1637 ἔξωθεν
1212 1586 1506 1637 προσλαμβανεαν
1523 1603 1564 1625 το
1583 1586 1637 1625 (ἐς.
1697 1589 1795 1625 Essne

45 1646 187 1685 vtroque
203 1636 282 1672 loco
298 1636 406 1680 idem,
433 1648 465 1672 at
487 1636 568 1672 alius
591 1640 845 1686 grammaticus,
871 1640 1108 1680 Antimachus,
1137 1653 1179 1674 an
1200 1638 1267 1675 duo
1289 1638 1406 1675 diuersi
1430 1639 1664 1688 designantur?
1723 1644 1794 1678 Nec

45 1701 126 1724 vero
141 1700 176 1724 vt
191 1691 320 1724 criticus
335 1688 488 1725 laudatur
504 1689 577 1726 ille:
602 1701 634 1725 et
648 1688 822 1739 quomodo
838 1693 1004 1740 antiquior
1019 1694 1232 1727 Antimachus
1247 1691 1308 1728 dici
1326 1695 1434 1742 potuit
1451 1690 1529 1741 μετ’
1543 1689 1646 1732 αὗτὲν
1658 1694 1732 1741 post
1755 1695 1793 1728 il-

44 1741 111 1774 Ium
130 1741 360 1777 Zenodotuni?
411 1745 464 1777 An
482 1742 575 1777 locus
592 1742 637 1778 est
659 1742 898 1791 interpolatus?
951 1743 1037 1779 Alibi
1058 1755 1168 1780 tamen
1193 1744 1338 1780 recensio
1363 1745 1551 1780 Antimachi
1579 1760 1791 1782 commemo-

43 1803 135 1828 ratur
152 1795 185 1827 in
201 1792 264 1828 illis
281 1791 430 1837 scholiis,
455 1805 507 1837 et,
534 1806 568 1830 vt
584 1791 678 1844 supra
693 1794 853 1839 vidimus,
884 1797 917 1830 in
934 1793 1063 1832 scholiis
1079 1796 1200 1832 codicis
1218 1797 1397 1848 Lipsiensis.
1455 1800 1639 1835 Enimuero
1662 1803 1788 1834 mirum

42 1843 225 1886 videbitur,
256 1849 310 1895 qui
337 1847 406 1882 lieri
430 1850 593 1895 potuerit,
624 1858 658 1883 vt
680 1850 870 1883 Antimachi
892 1847 992 1885 editio
1015 1864 1032 1884 a
1059 1850 1154 1886 nullo
1176 1850 1241 1885 alio
1270 1861 1377 1886 vetere
1397 1854 1620 1900 grammatico
1644 1851 1788 1895 laudata,

42 1907 111 1933 tam
135 1896 190 1933 diu
215 1900 383 1947 incognita
407 1909 438 1933 et
467 1910 640 1949 tamquam
671 1897 796 1950 sepulta
827 1903 962 1943 iaceret,
998 1902 1186 1938 multorum
1217 1915 1326 1939 autem
1355 1903 1499 1939 aliorum
1529 1903 1731 1940 recensiones
1755 1908 1788 1941 in

42 1952 198 1985 omnium
214 1947 282 1985 fere
299 1948 399 1986 essent
415 1964 473 1986 ore
489 1961 520 1986 et
534 1952 698 1988 manibus.
750 1950 873 1988 Forsan
887 1965 998 1990 autem
1011 1968 1084 1990 rem
1098 1958 1139 1990 ita
1155 1955 1306 2005 expedire
1330 1954 1515 2005 polsumus.
1569 1959 1787 1994 Antimachus

39 2002 276 2053 Colophonius
287 2031 296 2045 ,
325 2005 527 2039 Homericae
539 2001 675 2053 poeseos
691 2003 890 2048 admirator,
916 2007 1036 2043 habere
1051 2011 1160 2058 potuit
1177 2008 1390 2058 exemplum,
1417 2009 1570 2056 (Copiam
1585 2011 1719 2046 barbare
1740 2009 1786 2046 di-

42 2067 112 2098 ces,
136 2056 327 2104 Absclirift)
358 2058 530 2106 epicorum
554 2059 743 2094 carminum
767 2060 1031 2096 Homericorum
1046 2088 1055 2102 ,
1091 2060 1182 2110 quod
1203 2060 1370 2097 interdum
1393 2059 1589 2113 discreparet
1611 2077 1628 2098 a
1652 2062 1785 2113 reliquis

39 2107 299 2157 exemplaribus,
328 2119 358 2144 et
374 2107 463 2158 quod
482 2107 599 2145 alicubi
616 2109 729 2154 latuit,
755 2122 811 2147 aut
823 2114 858 2147 in
873 2111 959 2153 aliis,
984 2111 1060 2149 inde
1076 2111 1211 2156 sumtis,
1235 2113 1396 2164 exemplis
1411 2113 1466 2150 diu
1483 2113 1712 2152 conseruatum
1730 2116 1783 2151 est.

40 2158 78 2195 ld
96 2160 302 2210 exemplum,
330 2158 459 2196 summa
478 2161 661 2211 quondam,
687 2161 878 2213 praesertim
894 2167 1011 2213 primis
1025 2167 1241 2214 temporibus,
1270 2170 1399 2202 raritate
1414 2167 1654 2218 exemplarium
1671 2179 1701 2203 et
1717 2171 1783 2204 An-

39 2214 176 2247 timachi
192 2213 400 2263 Colophonii
417 2215 628 2258 auctoritate,
653 2216 836 2251 Antimachi
851 2215 951 2264 editio
967 2222 1076 2253 vocari
1092 2221 1209 2268 potuit.
1265 2219 1376 2255 Postea
1398 2233 1498 2264 vero,
1523 2235 1624 2271 quam
1647 2221 1719 2268 alii,
1747 2223 1781 2256 ii-

37 2277 102 2314 que
118 2264 311 2301 celebriores
327 2269 536 2315 grammatici
548 2295 557 2310 ,
586 2270 641 2317 qui
656 2267 766 2316 plures
782 2269 964 2305 habuerunt
985 2268 1126 2306 adseclas
1150 2267 1290 2321 suaeque
1309 2269 1496 2320 disciplinae
1520 2273 1694 2315 alumnos,
1720 2286 1781 2309 no-

36 2329 91 2352 vas
107 2318 253 2353 Homeri
268 2317 472 2355 recensiones
487 2322 745 2363 concinnarunt,
767 2320 838 2357 fieri
853 2324 981 2371 potuit,
1004 2333 1038 2358 vt
1063 2327 1228 2358 memoria
1250 2326 1484 2362 Antimacheae
1509 2325 1660 2361 editionis
1682 2328 1779 2361 inter-

34 2371 115 2411 int,
141 2380 173 2405 et
188 2370 227 2405 ab
243 2371 480 2421 antiquioribus
496 2382 623 2407 tantum
640 2377 885 2421 grammaticis,
912 2377 966 2423 qui
990 2373 1088 2410 simul
1105 2376 1296 2412 exercebant
1318 2388 1422 2412 artem
1441 2381 1609 2419 criticam,
1637 2375 1778 2413 seruare-

34 2430 99 2457 tur.
153 2423 205 2457 Sic
220 2425 253 2457 in
268 2421 399 2459 scholiis
412 2426 591 2460 Marcianis
606 2425 687 2461 aliae
702 2440 856 2476 quoque,
884 2439 1026 2475 quarum
1042 2431 1249 2464 mentionem
1264 2428 1342 2464 alias
1357 2429 1407 2465 vel
1424 2430 1523 2480 plane
1543 2443 1632 2472 non,
1657 2429 1709 2466 vel
1729 2444 1779 2465 ra·

34 2471 156 2512 tiffime
179 2471 305 2514 fastam
331 2473 556 2530 effenscimus,
586 2490 828 2519 memorantur.
879 2477 1051 2533 quuid
1076 2479 1138 2525 cst,
1164 2484 1306 2519 omnino
1327 2486 1440 2532 negari
1461 2496 1532 2520 non
1555 2482 1684 2534 potest,
1710 2481 1776 2518 edi-

1642 2544 1772 2571 tionem
