2183 2747
107 179 230 231 Ξξῐ-ῐ-Ρ-
240 191 298 220 490

181 223 298 234 ..ι-..-

747 179 1201 223 PYTHAGORYCORVM.

1459 186 1531 223 Lib.
1545 186 1593 223 ῙῙ.
1609 199 1633 223 c.
1653 199 1691 236 13.
1797 198 1861 236 827

110 291 147 313 ea
173 291 243 315 non
267 279 477 331 indiligenter
500 278 637 330 collegit
663 279 819 328 singulari
843 280 978 319 diatriba
1002 281 1141 319 Carolus
1156 280 1347 329 Goeffiidux
1371 282 1523 330 Zapstm‚
1550 283 1676 335 Lipsiae
1703 287 1792 331 1706.
1817 284 1860 324 αἱ.

116 330 258 368 :solandi
272 336 358 385 Opp.
372 334 518 384 polium.
535 344 617 372 tom.
636 335 658 368 1.
672 347 702 383 p.
720 339 770 371 161
786 332 857 385 sqq.

110 471 295 515 disciplinam
319 476 456 516 vitaeque
479 476 625 505 rationem
647 476 774 511 imitati,
804 484 896 515 vsque
921 472 957 503 ad

111 525 245 559 tempora
258 520 423 549 Aristoxeni
439 527 467 548 et
489 519 665 549 Heraclidis.
705 518 854 559 (Diogen.
878 520 956 548 vm.

110 564 178 599 46.)
204 563 336 592 Extintsta
351 562 575 604 quodammodo
597 566 672 593 circa
699 562 818 603 Olymp.
839 563 956 592 CXXX.

110 603 274 646 disciplina,
298 608 376 636 vires
391 614 420 636 et
440 609 531 636 vitam
556 608 634 648 quasi
655 608 843 648 recuperauit
866 616 958 635 annos

111 651 228 679 circiter
249 657 366 680 centum
388 659 454 680 ante
478 652 626 681 Christum
650 659 772 689 natum,
804 657 833 680 et
857 652 956 690 primo

110 702 196 722 aerae
213 694 385 724 christianae
402 694 527 731 saeculo,
552 705 604 737 per
618 703 714 724 totum
731 696 890 735 imperium
908 704 957 722 ro-

110 746 231 766 manum
246 737 320 767 adeo
332 741 438 773 creuit,
462 749 660 780 numerusque
675 750 799 773 eorum,
830 739 882 778 qui
904 739 956 771 Py-

110 781 248 818 thagorei
263 782 458 818 habebantur,
482 782 555 812 adeo
571 784 672 813 aufius
681 783 731 818 cst,
754 790 787 812 vt
801 792 816 810 a
827 782 957 810 Luciano

111 823 236 865 aliisque
272 825 495 856 adccnserentur
531 826 613 856 sec‘lis
648 836 710 856 tum
739 825 956 855 florentissimis.

107 870 219 898 'remo
245 868 358 899 saeculo
385 872 442 899 iam
467 871 615 902 decretum
646 877 752 911 quarto
773 878 871 898 autem
895 870 957 909 post

107 911 256 942 Plotinum
273 912 358 954 plane
376 914 457 943 desiit
475 925 580 943 nomen
591 915 854 952 Pythagoreorum.
878 914 957 941 Ter-

109 958 151 985 tia
171 958 262 994 igitur
278 967 370 998 eaque
387 957 489 986 xltnna
506 957 595 987 classis
609 968 626 987 a
643 957 757 987 saeculo
773 959 871 998 primo
894 957 958 996 post

111 1001 144 1029 C.
163 1002 203 1030 N.
221 1011 312 1041 vsque
337 1001 373 1030 ad
397 1004 517 1030 terti-uni
535 1003 646 1031 floruit.
702 1004 745 1031 De
771 999 957 1041 philosophis

111 1044 332 1084 pythagoricis,
357 1046 407 1084 qui
432 1045 571 1085 quasdam
595 1045 695 1075 Italiae
720 1047 853 1074 ciuitates
874 1054 956 1072 rexe-

111 1097 192 1123 runt,
215 1088 283 1117 vide
298 1089 366 1118 Aeta
384 1089 471 1118 Erud.
488 1088 563 1130 Lips.
587 1088 680 1130 suppl.
703 1097 773 1118 tom.
789 1090 826 1118 ΙΙ.
848 1099 876 1129 p.
896 1096 957 1123 523.

112 1133 295 1169 Pythagorae
318 1140 346 1161 et
369 1133 622 1171 Pythagoreorum
645 1135 816 1174 praecipuas
839 1133 957 1172 opinio-

111 1186 162 1205 nes
179 1184 266 1216 atque
281 1174 463 1216 disciplinam
482 1177 579 1207 verbis
594 1184 746 1212 veterum,
777 1176 957 1217 potissimum

113 1221 276 1254 Ciceronis,
300 1218 455 1260 'proposuit
470 1229 498 1250 et
516 1220 663 1251 interdum
683 1219 824 1261 explicu.t
847 1218 881 1248 cl.
900 1220 957 1250 Ge-

112 1263 197 1294 dicte
215 1265 244 1292 in
263 1265 304 1292 M.
321 1265 363 1292 T.
379 1265 532 1294 Ciceronis
554 1266 664 1295 Histor.
689 1262 795 1306 philos.
819 1264 958 1304 antiquae

109 1316 164 1336 etc.
189 1306 317 1336 Berolin.
341 1313 420 1345 1782.
435 1314 460 1341 8.
476 1320 505 1350 p.
521 1317 562 1346 47
576 1325 619 1331 —
634 1312 682 1338 62..
706 1307 802 1339 Harl.

157 1355 188 1385 v)
213 1351 328 1387 Qubus
347 1351 461 1382 nullum
484 1353 685 1383 testimonium
706 1351 841 1381 additum
861 1350 956 1387 vides,

111 1395 133 1424 ii
149 1393 227 1435 apud
245 1393 339 1424 solum
355 1395 549 1426 Iamblichum
562 1407 586 1426 c.
601 1396 652 1427 vlt.
670 1395 706 1426 dc
722 1398 784 1426 vita
812 1395 956 1434 Pythago-

111 1448 163 1468 rae
178 1447 391 1470 memorantur.
438 1442 547 1482 Neque
573 1440 722 1471 adsentior
740 1438 879 1475 Lloydio,
904 1441 957 1480 qui

112 1481 252 1524 pleraque
267 1486 388 1514 nemina
403 1486 668 1523 Pythagoricorum
683 1489 730 1520 (ex
748 1490 805 1516 218.
820 1483 956 1518 ducenta)

112 1527 238 1556 contiEta
254 1525 310 1556 css'e
329 1537 344 1556 a
360 1527 521 1558 Iamblicho
538 1530 668 1559 coniicit.
714 1526 864 1566 Qiorsum
878 1530 956 1557 enim

113 1578 158 1599 tot
171 1569 242 1600 falsa
259 1571 453 1608 confluxisset,
476 1574 527 1613 qui
542 1572 636 1603 multa
659 1583 730 1602 vera
752 1572 956 1613 praetermisit.

115 1613 325 1652 [Claudianus
347 1615 527 1647 Mamertus
551 1616 603 1646 lib.
626 1619 663 1646 11.
688 1616 723 1645 de
747 1617 819 1645 statu
843 1617 957 1645 animae

111 1668 175 1699 cap.
190 1660 255 1688 Vll.
271 1669 299 1699 p.
317 1662 378 1689 126.
403 1661 456 1695 ait,
479 1659 526 1696 se,
556 1660 576 1689 fi
599 1659 659 1690 sola
681 1661 803 1690 nomina
826 1660 957 1700 postero-

112 1712 180 1731 rum
196 1703 378 1740 Pythagorae
393 1703 520 1745 prodere
533 1703 634 1740 vellet,
658 1703 799 1734 volumen
815 1702 871 1733 effe
887 1702 956 1733 effe-

111 1747 240 1776 Sturum.
285 1745 428 1781 Lloydius
445 1756 542 1778 autem
558 1749 637 1778 redte
652 1747 747 1778 sentit.
793 1749 873 1778 Nam
881 1749 956 1777 Iam-

113 1789 228 1820 blichus
245 1787 355 1827 sot-ibit,
379 1790 417 1828 se,
441 1792 648 1834 practer-mistis
667 1791 797 1822 obscuris
812 1791 956 1830 Pythago.

112 1836 200 1869 ritis,
228 1841 341 1863 tantum
364 1834 500 1865 clariores
523 1837 742 1867 recenfiturum.
799 1838 859 1865 Iam
884 1846 957 1865 vero

114 1887 231 1912 eorum,
255 1888 329 1917 quos
347 1878 493 1915 recenset,
520 1879 599 1910 nulla
623 1880 701 1922 apud
718 1888 843 1915 vetereS,
869 1881 957 1920 [quo-

114 1932 182 1951 rum
197 1921 317 1961 quidem
339 1921 443 1964 scripta
465 1924 495 1951 in
515 1923 610 1953 lucem
631 1931 681 1953 aut
703 1925 839 1953 notitiam
862 1924 959 1952 homi-

113 1975 185 1994 num
211 1966 380 2002 venerunt‚]
411 1969 534 1996 mentio.
596 1968 682 1999 Certe
710 1966 770 2007 ipse
799 1966 959 2002 Fabricius,

115 2011 163 2039 vir
178 2007 288 2038 multae
302 2008 448 2045 lefmionis,
473 2020 577 2040 eorum
591 2012 771 2040 mentionem
788 2009 859 2039 alibi
878 2012 960 2039 inue-

116 2051 292 2083 nitnullam.
340 2055 416 2091 Ergo
438 2056 488 2083 vix
510 2053 640 2084 dubitari
663 2055 773 2095 potest,
803 2064 854 2083 cos
878 2062 961 2083 natos

117 2095 173 2126 effe
190 2099 220 2126 in
236 2098 358 2126 cerebro
380 2096 552 2134 Iamblichi,
589 2099 641 2138 qui
661 2099 871 2140 panegyricum
893 2097 961 2127 scri-

117 2139 187 2170 bens
203 2141 397 2179 Pythagorae,
419 2141 502 2172 suum
528 2144 661 2182 putauit,
692 2143 753 2171 eius
783 2144 871 2171 etiam
891 2151 962 2171 enu-

117 2193 231 2214 merare
248 2184 417 2226 discipulos,
442 2192 479 2221 et,
497 2195 570 2225 quos
587 2196 646 2214 non
664 2185 783 2221 habuit,
807 2185 962 2223 effingere:

118 2229 182 2265 [aut
198 2227 306 2263 forsan,
330 2240 403 2269 quos
421 2228 498 2258 fama
513 2229 669 2269 quaedam,
683 2231 771 2258 etiam
787 2231 895 2258 incerta
910 2229 962 2258 ob-

120 2269 277 2311 scuraque,
307 2280 357 2301 aut
379 2272 506 2302 aliorum
531 2272 655 2313 suspicio
674 2272 851 2307 tradiderat,
874 2275 962 2301 nimis

123 2315 300 2344 confidenter
317 2325 346 2345 et
362 2316 610 2346 inconsideranter
634 2317 664 2345 in
688 2326 844 2344 numerum
871 2323 898 2344 et
920 2315 962 2344 fa-

97 2370 101 2371 ’
123 2357 236 2388 miliam
253 2358 373 2388 illorum
391 2361 545 2401 recipere]
571 2359 639 2389 vide
656 2361 743 2388 finem
754 2360 842 2388 huius
857 2358 962 2388 cataio-

124 2403 164 2439 gi.
187 2401 377 2441 Heumann]
424 2405 540 2433 Notum
555 2413 646 2444 porro
663 2405 719 2439 est,
751 2402 964 2443 discipulorum

125 2445 304 2484 Pythagorae
319 2445 394 2476 alios
411 2446 495 2477 fuisse
518 2444 692 2488 ἐσωτερικὲς,
716 2455 747 2476 vt
771 2447 873 2476 ametor
897 2447 963 2476 Phi-

123 2485 357 2529 losophumenon
374 2490 425 2520 sub
443 2493 581 2528 Origenis
596 2493 715 2521 nomine
735 2489 872 2531 appellat,
888 2501 963 2530 quos

126 2530 298 2562 lamblichus
322 2545 384 2576 cap.
404 2540 442 2568 18.
466 2532 672 2576 Πυὲκγυμίιςς
709 2534 783 2565 alios
809 2532 963 2575 ἒξωτεμκὶς

1065 387 1107 422 M
1121 400 1155 422 m
1184 401 1319 424 mmm
1346 400 1365 423 2
1685 390 1859 428 Abrotelcs

1011 484 1085 515 quos
1106 474 1284 505 Iamblichus
1302 484 1388 506 vocat
1404 474 1611 518 Πυθαγοριςᾶς.
1663 479 1857 520 Aristophon-

1012 521 1048 548 tis
1063 529 1183 560 quoque
1200 521 1305 549 comici
1329 520 1429 550 drama
1444 521 1502 551 fuit
1516 520 1727 561 livaywwir,
1757 523 1856 553 lauda-

1011 570 1074 592 tum
1092 563 1251 594 Athenaeo
1268 566 1319 594 VI.
1335 575 1364 605 p.
1382 571 1443 599 238.
1486 567 1555 595 Siue
1571 574 1602 596 vt
1623 568 1793 601 Anonymus
1815 570 1858 598 yi-

1012 614 1058 636 tae
1081 606 1203 648 scriptor
1228 607 1306 648 apud
1332 610 1471 639 Photium
1503 609 1567 639 eod.
1591 612 1715 640 CCle.
1743 622 1772 651 p.
1795 621 1857 649 7¹2·

1011 650 1113 680 Suidas
1127 653 1158 680 in
1183 653 1298 687 Πυθαγ.
1325 660 1352 682 et
1380 652 1469 683 schol.
1494 654 1654 683 Theocriti
1680 654 1858 689 ldyll.xlv.

1011 705 1040 723 v.
1060 704 1084 729 5.
1105 705 1155 724 eos
1171 695 1331 734 distinguit,
1355 695 1406 726 alii
1422 696 1505 727 fuere
1522 698 1713 738 Πυθαγορικά
1734 701 1856 740 proprie

1012 738 1100 774 dieti,
1133 740 1184 779 qui
1206 750 1271 768 cum
1295 739 1358 781 ipso
1382 742 1547 779 Pythagora
1573 742 1679 772 versati
1704 740 1784 772 sunt‘:
1806 742 1857 773 alii

1012 780 1195 822 Πυθαγέξειοι
1222 783 1329 813 horum
1358 783 1513 826 discipuli,
1543 785 1593 815 alii
1617 785 1744 827 denique
1759 788 1857 817 ssus„-

1012 824 1128 865 yepez),
1155 827 1177 854 οἶ
1193 823 1289 855 ἄλλως
1314 828 1410 863 {furh-a
1432 827 1564 866 ζηλωταί.
1616 831 1737 860 Certum
1760 839 1858 862 tamen

1011 872 1069 905 est,
1100 871 1174 899 hauc
1196 871 1412 901 distinffioncm
1443 871 1577 903 veterum
1604 873 1779 915 scriptorum
1804 875 1856 905 vsu

1012 925 1071 943 non
1087 916 1287 955 comprobari,
1312 924 1340 945 ct
1357 919 1500 946 recentius
1515 927 1713 947 commentum
1739 918 1859 950 videtur

1013 957 1170 987 Dodxvello
1185 969 1213 999 p.
1237 968 1293 994 193-
1311 959 1346 988 de
1360 961 1421 989 vita
1439 961 1559 998 Pythag.
1605 963 1648 991 De
1672 961 1858 993 distinetione

1012 1003 1042 1030 in
1059 999 1253 1037 ἄκεσματικὲς
1270 1011 1297 1031 et
1317 1002 1532 1039 μαᾶηλακτικὲς,
1556 1004 1624 1034 vide
1639 1005 1717 1035 infra
1734 1008 1764 1035 in
1781 1009 1856 1048 Hip·

1012 1046 1147 1086 pomede.
1172 1046 1296 1076 lv’abric.
1343 1046 1403 1076 Ce-l.
1431 1047 1571 1089 Mcinetf
1593 1050 1624 1078 in
1648 1051 1777 1079 Historia
1803 1051 1855 1081 do-

1011 1090 1172 1118 &rimarum
1188 1089 1265 1130 apud
1282 1092 1332 1119 Gr.
1356 1099 1385 1120 et
1406 1093 1492 1120 Rom.
1511 1094 1534 1121 1.
1559 1103 1587 1132 p.
1602 1096 1667 1128 461.
1690 1096 1788 1123 reiicit
1811 1094 1855 1125 di-

1011 1133 1195 1163 stinetionem
1213 1141 1241 1163 et
1258 1133 1479 1165 multitudinem
1497 1134 1623 1165 classium
1640 1136 1676 1166 ab
1697 1139 1854 1173 Anonymo

1010 1176 1088 1217 apud
1106 1178 1243 1206 Photium
1267 1176 1374 1208 fa&am
1396 1187 1483 1220 atquc
1508 1190 1523 1209 a
1547 1179 1635 1210 Suida
1655 1189 1683 1210 et
1704 1180 1854 1212 scholiaste

1009 1221 1046 1250 ad
1066 1221 1266 1251 Theocritum
1288 1221 1411 1263 aliisque
1432 1225 1600 1264 repetitam,
1629 1234 1741 1265 eaque,
1779 1236 1855 1266 quae

1011 1263 1187 1306 Sclufferus
1208 1264 1243 1294 de
1266 1265 1372 1296 Philos.
1394 1266 1494 1297 Italica
1512 1278 1576 1309 cap.
1601 1270 1650 1298 XI.
1677 1268 1713 1298 de
1733 1268 1854 1299 diuersis

1011 1307 1127 1338 italicae
1141 1307 1245 1350 philos.
1267 1309 1414 1351 discipulis
1436 1310 1595 1352 multisque
1616 1322 1719 1341 eorum
1741 1312 1855 1343 ordini-

1010 1352 1077 1389 bus,
1100 1352 1182 1382 nullo
1198 1352 1312 1384 delee‘tu
1329 1353 1441 1396 vsuque
1465 1362 1493 1385 et
1514 1355 1626 1385 iudicio
1647 1357 1750 1386 critico
1772 1356 1856 1387 adhi—

1011 1396 1086 1432 bito,
1112 1395 1240 1435 collegit.
1287 1399 1425 1439 Sequitur
1439 1401 1538 1440 potius
1552 1399 1733 1440 ll‘J'einevfius
1744 1401 1854 1431 Aristo·

1011 1451 1120 1470 xenum
1150 1441 1228 1482 apud
1251 1441 1460 1473 Iamblichum
1487 1442 1553 1473 feet.
1574 1452 1622 1479 95.
1648 1445 1745 1473 Taur.
1777 1444 1855 1486 apud

1010 1485 1142 1516 Gellium
1159 1487 1180 1515 I.
1196 1496 1224 1522 9.
1241 1493 1270 1516 et
1285 1485 1458 1527 Diogenem
1473 1487 1550 1528 apud
1567 1488 1710 1529 Porphyr.
1727 1497 1771 1526 37.
1791 1488 1855 1523 (vbi

1010 1540 1038 1558 v.
1062 1529 1246 1559 Rittershusii
1268 1535 1392 1566 notam.)
1453 1530 1609 1571 Duplicem
1630 1533 1721 1569 igitur
1740 1539 1854 1563 tantum

1010 1574 1160 1603 constituit
1181 1572 1305 1603 classem.
1358 1576 1389 1604 In
1419 1576 1550 1615 priorem
1580 1575 1797 1616 recipiebantur
1819 1578 1854 1613 ii,

1010 1618 1092 1658 quia
1117 1617 1281 1655 Pythagora
1303 1617 1366 1658 ipso
1384 1617 1502 1648 fuissent
1529 1619 1647 1660 probati
1670 1627 1697 1648 et
1720 1619 1756 1649 ad
1779 1621 1853 1650 inte-

1010 1663 1120 1690 riorem
1132 1660 1337 1702 philosophiae
1356 1661 1537 1702 disciplinam
1552 1670 1639 1702 atque
1654 1665 1854 1701 cognitionem

1010 1704 1133 1740 admissi,
1158 1713 1245 1745 atquc
1262 1705 1411 1747 Esoterici
1424 1706 1482 1735 fine
1499 1705 1720 1737 Matllenmtiri
1740 1709 1854 1737 vocati:

1011 1749 1043 1778 hi
1058 1748 1362 1780 videnturMeinerlio
1377 1760 1432 1791 pro
1449 1749 1614 1779 diuersitate
1632 1752 1740 1788 ingenii
1757 1759 1786 1781 et
1803 1751 1854 1782 do-

1011 1793 1173 1823 &rinarum
1191 1793 1428 1834 arripiendarum
1442 1802 1529 1835 atque
1546 1793 1663 1823 futurae
1685 1796 1763 1824 vitae
1785 1806 1852 1825 con-

1013 1837 1134 1866 ditionis
1152 1839 1238 1866 etiam
1256 1839 1414 1878 nuncupati
1436 1838 1493 1867 liue
1510 1838 1686 1868 Theoretici
1708 1839 1766 1867 iiue
1782 1840 1855 1874 Phy-

1011 1882 1071 1915 fici,
1095 1881 1153 1910 siue
1169 1880 1294 1910 Politici.
1340 1883 1532 1911 posteriorem
1555 1880 1667 1910 classem
1696 1881 1856 1914 effecerunt

1014 1923 1145 1954 nondum
1160 1924 1294 1966 probati,
1319 1925 1445 1965 ideoque
1469 1936 1589 1954 arcanae
1613 1924 1780 1967 disciplinae
1804 1927 1855 1957 ad-

1014 1969 1071 1998 huc
1094 1977 1245 2009 expertes,
1285 1976 1313 1998 et
1333 1967 1459 1997 α’κες-ικοὲ
1480 1969 1538 1998 siue
1558 1968 1747 2005 -λκεςμειτικοῖ
1767 1976 1854 2012 (quos

1013 2019 1111 2041 tamen
1133 2011 1336 2042 discernendos
1358 2011 1424 2047 effe,
1468 2013 1661 2044 'stedi-mann.
1685 2025 1713 2055 p.
1736 2020 1793 2051 284
1814 2014 1855 2056 sq.

1014 2064 1116 2086 contra
1129 2055 1309 2086 Schefferum
1326 2056 1483 2097 probatum
1500 2058 1579 2092 iuit,)
1602 2065 1690 2098 atque
1708 2059 1857 2090 exoterici

1016 2099 1096 2129 diffl.
1157 2099 1266 2129 Falsam
1299 2099 1352 2129 ess'e
1377 2100 1456 2129 idem
1487 2101 1631 2130 existimat
1658 2102 1855 2142 quorumdam

1015 2144 1207 2184 opinionem,
1231 2143 1387 2173 esotericos
1402 2151 1430 2173 et
1451 2145 1672 2174 mathematicos
1694 2145 1779 2176 fuisse
1802 2158 1854 2176 ro-

1016 2195 1106 2222 catos,
1130 2189 1182 2226 qui
1198 2187 1393 2224 Pythagoram
1411 2190 1487 2217 intra
1503 2187 1641 2217 Sidonem
1667 2189 1855 2226 audiuissent,

1015 2229 1101 2271 plene
1115 2231 1293 2271 vberiusque
1310 2230 1407 2260 edocii
1421 2230 1498 2260 illius
1522 2232 1702 2262 reconditam
1725 2233 1855 2275 philoso-

1016 2274 1135 2314 phianm
1159 2273 1317 2313 efhterz'cos
1335 2282 1434 2304 contra
1457 2284 1656 2316 nuncupatos,
1684 2280 1736 2317 qui
1761 2277 1855 2312 adytis

1016 2316 1182 2357 secretaque
1216 2317 1349 2346 doen-ina
1381 2317 1499 2348 fuiss'cnt
1530 2318 1644 2348 exclusi.
1711 2323 1857 2362 Compara

1017 2359 1183 2391 (arnbliclzi
1204 2359 1313 2390 librum
1327 2372 1343 2391 a
1358 2361 1536 2392 Villoisonio
1552 2362 1664 2392 editum
1679 2365 1709 2394 in
1726 2365 1856 2396 Anccdo-

1017 2406 1053 2433 tis
1069 2406 1190 2441 graecis,
1215 2412 1287 2434 tom.
1303 2407 1338 2435 11.
1357 2417 1383 2446 p.
1402 2410 1452 2436 216
1472 2406 1512 2448 sq.
1537 2407 1669 2438 eiusdem
1689 2408 1858 2451 [Ἠίοῇῖνηίἱ

1017 2458 1125 2477 comm.
1148 2447 1184 2477 de
1200 2447 1309 2489 triplici
1338 2449 1488 2488 theologia
1511 2459 1645 2481 veterum
1668 2464 1696 2493 p.
1722 2463 1779 2489 290
1796 2453 1855 2494 sqq.

1017 2490 1165 2522 Brucker.
1182 2494 1210 2520 in
1226 2494 1298 2522 Hn't.
1316 2495 1380 2523 crit.
1396 2493 1467 2535 phil.
1483 2497 1504 2524 Ι.
1521 2507 1548 2536 p.
1562 2505 1625 2529 1031
1642 2495 1681 2537 sq.
1705 2505 1734 2526 et
1756 2497 1858 2528 'l'iea'e—

1017 2544 1123 2567 suanm.
1137 2535 1188 2566 hb.
1203 2546 1292 2567 mem.
1309 2536 1346 2567 de
1362 2538 1538 2578 Pythagora,
1557 2538 1623 2570 seo.
1638 2541 1660 2571 1.
1676 2551 1737 2583 cap.
1754 2546 1779 2573 8.
1796 2551 1861 2582 pag.

1736 2592 1787 2623 271
1805 2584 1864 2627 sqq.
