2071 2747
446 107 762 144 DIALOGORVM
797 93 1036 144 AESCHtNlss
1073 107 1327 146 EDITIONES
1379 111 1521 147 Liml.
1535 124 1559 147 c.
1576 113 1729 151 XXIV.
1783 118 1848 162 695

87 201 226 239 versioni
244 201 461 252 dialogorum
482 203 626 240 Platonis
643 203 734 241 Bafil.
752 216 834 251 1532.
859 217 941 251 ¹539.
961 201 1020 240 fol.
1047 214 1078 241 et
1101 204 1177 240 edit.
1193 205 1337 243 Platonis
1354 204 1650 246 francofurtanae.
1703 211 1843 258 Agrico,

84 256 136 292 lae
150 254 335 292 versionem
355 256 522 292 interdum
539 260 740 293 examin-anit
758 258 944 298 perionius,
971 273 988 293 a
1008 271 1076 308 quo
1097 257 1205 294 editus
1219 259 1282 295 est:

190 325 346 360 Platonis
361 324 529 361 Axioclms
542 332 601 361 aut
619 327 657 361 de
669 333 793 370 morte,
821 327 927 361 Joaclz.
947 327 1121 371 Perionio,
1151 328 1357 363 BrnediHino
1380 330 1639 366 cormaci-{acmo
1657 331 1841 376 inter-prm.

84 374 182 413 Paris.
201 375 291 427 apud
309 378 357 414 10.
375 377 564 415 Lodoicum
579 378 798 422 Tiletanum‚
824 392 862 414 ex
880 376 1019 414 aduerso
1041 379 1174 428 collegii
1194 380 1376 417 Reinenlis.
1404 394 1489 425 ¹54²-
1513 393 1545 425 4.

187 453 340 488 Primum
357 450 471 488 locum
489 462 632 502 occupat
645 451 746 489 latina
763 455 903 488 Perionii
920 455 1165 502 interpretatio:
1192 465 1263 490 tum
1284 451 1426 505 sequitui·
1439 469 1457 490 a
1472 469 1504 504 p.
1521 464 1549 498 8.
1569 466 1673 491 textus
1689 467 1841 504 graecus,

83 519 123 542 ex
141 504 285 542 editione
300 503 419 540 Aldina
437 503 633 554 descriptus:
658 504 801 556 denique
818 520 835 540 a
850 519 924 556 pag.
947 517 988 548 13.
1005 507 1146 541 Pei-ionii
1162 509 1194 542 in
1211 507 1363 544 libellum
1381 505 1626 544 obseruationes
1643 509 1838 556 grammati-

83 572 160 602 cae,
189 561 222 593 in
249 558 367 607 quibus
390 556 431 594 de
460 557 638 593 verborum
665 557 848 607 significatu
871 555 1027 609 sensuque
1046 561 1132 607 agit,
1160 562 1261 595 rarius
1275 563 1385 596 critice
1402 562 1576 609 pertrac‘lat
1594 561 1691 600 loca,
1716 561 1839 610 praeci-

84 625 148 662 pue
172 621 284 646 autem
305 609 477 646 contendit
503 623 620 660 graeca
645 624 723 646 cum
746 613 927 649 Cicerone,
954 614 1007 661 qui
1033 611 1157 647 multos
1170 611 1357 654 locosinde
1374 611 1500 649 suintos
1523 611 1706 648 commode
1725 623 1758 647 et
1773 615 1838 647 ele-

83 674 202 714 ganter
216 665 382 698 conuertit
398 665 431 697 in
445 662 531 698 libro
545 662 585 698 de
601 661 764 700 senectute
779 674 809 699 et
827 666 968 699 amicitia
979 694 988 709 ‚
1014 677 1092 699 cum
1109 667 1224 713 primis
1239 667 1271 700 in
1289 666 1374 702 libro
1392 668 1418 701 1.
1434 663 1575 701 Tuscul.
1595 664 1837 715 quaestionum.

82 736 130 745 —
161 726 262 766 repet.
283 713 378 751 Bam.
400 714 489 765 apud
513 717 655 765 Oporin.
681 729 763 762 ¹54³-
787 723 817 757 8.
847 737 896 744 -
923 715 1039 751 Editor
1056 719 1145 766 Opp.
1163 718 1306 753 Platonis
1322 720 1488 767 Bipontin.
1503 729 1586 754 tom.
1607 720 1661 753 Xl.
1687 730 1761 766 pag.
1780 717 1836 753 vl.

81 771 218 805 notitiae
235 778 403 803 memorat
420 781 458 803 cx
475 769 565 803 Sam.
583 769 715 818 Engelii
734 769 885 804 Biblioth.
903 765 1018 805 selecta
1039 767 1094 804 sub
1112 783 1183 806 voc.
1198 770 1320 810 Plato,
1348 770 1547 807 editionem:
1569 770 1735 806 Asi-{ochas
1749 782 1812 818 apu

83 819 201 858 Christ.
219 821 436 857 Wechelium
449 851 460 868 ‚
486 818 580 856 Paris.
601 828 685 866 1543.
704 833 734 865 4.
753 832 783 857 et
801 819 933 864 nescio,
959 825 1024 864 ait,
1051 836 1093 857 an
1116 821 1155 858 sit
1177 821 1294 858 eadem
1313 824 1466 859 Perionii.

186 889 352 925 Axiochus
373 902 501 938 graece.
530 887 624 925 Paris.
649 889 737 939 apud
760 891 864 926 Mich.
885 887 1130 931 vascosanum,
1160 902 1238 935 1533.
1264 899 1294 932 8.
1322 904 1371 940 gr.
1401 901 1434 928 et
1454 905 1534 928 curn
1561 889 1712 927 vernone
1734 890 1838 925 Ficini

82 941 194 981 latina.
222 961 271 970 -
297 950 381 989 1558.
399 954 429 986 4.
446 940 534 992 apud
549 942 639 979 Guil.
657 941 853 978 Moreliuin.
882 963 931 970 —
956 953 987 978 et
1003 941 1096 978 Balil.
1113 942 1201 992 apud
1218 944 1358 994 Froben.
1376 951 1463 990 1585-
1478 951 1508 986 8.
1530 957 1583 994 gr.
1602 954 1633 980 et
1647 943 1707 978 lat.

183 1009 334 1048 Platonis
351 1009 511 1051 Axium,
535 1011 575 1045 ab
589 1011 780 1047 Hermanno
796 1011 948 1059 Royano,
976 1024 1027 1060 gr.
1044 1022 1075 1046 et
1090 1011 1146 1046 lat.
1170 1012 1348 1055 Coloniae,
1367 1015 1458 1057 1568.
1473 1024 1504 1056 4.
1524 1015 1575 1056 (in
1593 1011 1710 1046 l’inellt'
1729 1007 1839 1046 Catal.

82 1069 167 1099 tom.
185 1065 208 1099 1.
235 1076 308 1114 pag.
326 1075 388 1106 23¹.
406 1076 457 1099 nr.
477 1065 574 1108 1325.)
600 1083 651 1090 —
679 1077 746 1112 rep.
762 1062 856 1099 Basil.
874 1076 959 1110 1577.
978 1072 1008 1106 8.
1033 1066 1210 1109 Rayanus,
1238 1067 1378 1101 Perionii
1399 1064 1582 1102 editionem
1599 1061 1778 1113 sequutus,
1802 1065 1840 1097 ἰιι

84 1119 170 1153 notis
183 1129 233 1152 res
251 1113 490 1152 tantummodo
507 1126 537 1151 et
552 1113 724 1152 sententias
749 1113 962 1166 persequutus
983 1116 1047 1158 est,
1075 1115 1182 1153 iudice
1199 1114 1366 1154 fischero.

188 1183 325 1230 Wolff,
352 1186 407 1234 qui
430 1193 557 1219 textum
584 1185 723 1219 Axiodu'
746 1185 827 1220 bene
850 1184 1015 1220 constituit
1038 1196 1134 1234 atque
1155 1183 1254 1222 doc‘le
1275 1188 1504 1234 interpretatus
1520 1184 1582 1230 est,
1606 1181 1713 1219 versio
1736 1181 1839 1218 latina

82 1235 206 1288 prodiit
220 1239 253 1272 in
267 1235 401 1283 libello,
428 1239 480 1271 cui
497 1235 541 1272 est
554 1234 651 1272 index
663 1265 673 1279 ‚
702 1236 867 1271 Doctrina
884 1237 967 1272 reHe
985 1239 1112 1272 viuendi
1127 1251 1164 1272 ac
1178 1240 1345 1273 moriendi.
1369 1237 1464 1274 Basil.
1479 1249 1565 1282 1577.
1581 1247 1614 1272 et
1631 1240 1717 1283 1586.
1733 1242 1764 1276 8.
1786 1244 1837 1284 gr.

81 1300 113 1324 et
138 1289 190 1326 lat.
244 1289 365 1337 Wolfii
383 1291 665 1325 commentarium
681 1301 760 1324 cura
784 1289 927 1325 Fischeri
944 1286 1006 1325 esse
1028 1287 1200 1333 recusum,
1227 1291 1337 1340 postea
1353 1288 1665 1326 animaduertemus.

184 1357 266 1409 Περὶ
291 1353 419 1408 οἶςετῆς
445 1359 481 1396 ἔκ
502 1358 569 1396 τῶν
592 1357 642 1396 ‘ris'
665 1354 878 1397 Πλάτωνος,
906 1358 945 1392 ab
959 1360 1052 1393 initio
1072 1358 1189 1394 libelli:
1217 1357 1401 1403 Aristotelis
1423 1366 1453 1394 et
1467 1357 1691 1404 Xenophontis
1706 1354 1836 1395 Ethica,

81 1409 224 1446 Politice
247 1417 277 1445 et
301 1412 527 1452 Oeconomico,
556 1421 626 1445 cum
647 1410 722 1446 aliis
744 1411 870 1458 aliquot
892 1422 934 1444 ex
956 1411 1156 1453 Plutarcho,
1186 1411 1306 1446 Proclo
1329 1418 1360 1446 et
1381 1410 1577 1448 Alexandro
1596 1406 1839 1456 Aphrodisterzfi

80 1464 403 1497 commentationibus.
435 1475 560 1511 graece.
588 1459 731 1498 Balileae
753 1461 840 1511 apud
866 1465 959 1499 ioan.
979 1462 1136 1498 Vualder.
1165 1465 1198 1497 in
1222 1469 1253 1503 8.
1279 1461 1346 1499 line
1372 1466 1450 1499 anni
1473 1473 1566 1498 nota.
1618 1461 1720 1498 Nulla
1743 1471 1836 1508 prae·

80 1513 174 1550 missa
189 1515 233 1551 est
248 1513 430 1565 praefati03
457 1528 565 1565 neque
582 1517 615 1549 in
631 1512 744 1551 fronte
757 1515 830 1551 libri
845 1525 1056 1551 memoratur
1075 1515 1131 1551 isse
1152 1514 1305 1564 dialogus
1317 1544 1327 1558 .,
1353 1519 1409 1566 qui
1433 1519 1468 1551 in
1490 1518 1603 1565 primo
1621 1514 1729 1550 statim
1746 1509 1835 1547 folio

79 1570 166 1618 typis
181 1567 225 1604 esi
240 1565 440 1618 descriptus:
465 1581 543 1604 eum
561 1569 727 1617 excipiunt
753 1566 917 1617 quaedam
940 1567 1120 1604 Aristotelis
1141 1567 1220 1619 πεςῖ
1241 1566 1387 1620 αἱρετῶν.
1446 1569 1546 1604 Tum
1569 1580 1649 1603 cum
1668 1565 1835 1615 signatura

78 1623 279 1671 paginarum
305 1624 419 1671 incipit
440 1620 621 1657 Aristotelis
644 1620 699 1657 lib.
718 1618 843 1665 ἠθικῶν
858 1633 921 1658 etc.
1820 1627 1825 1629 “

182 1697 265 1733 Hoc
279 1695 438 1739 demum,
463 1708 533 1745 quo
554 1697 699 1730 viuimus
720 1692 870 1737 saeculo,
897 1704 960 1730 tres
985 1693 1033 1729 issi
1057 1693 1184 1744 dialogi
1206 1693 1248 1731 de
1271 1697 1409 1742 virtute,
1431 1693 1473 1730 de
1486 1693 1609 1730 diuitiis
1621 1703 1654 1729 et
1665 1690 1706 1728 de
1722 1699 1837 1726 morte

78 1744 254 1799 separatim
273 1759 370 1798 atque
385 1746 442 1784 sub
459 1747 627 1795 Aeschinis
649 1753 788 1783 nomine
805 1747 952 1796 euulgati
966 1743 1053 1783 sunt⁷

186 1816 357 1865 Aeschinis
369 1818 521 1852 Socratici
535 1816 658 1864 dialogi
680 1823 766 1858 tres,
791 1827 904 1863 graece
915 1823 945 1851 et
960 1816 1077 1857 latine,
1102 1815 1148 1849 ad
1158 1828 1238 1863 quos
1254 1816 1367 1862 acceffit
1384 1817 1498 1861 quarti
1511 1816 1647 1849 latinum
1659 1813 1837 1859 ,si-agmen·-

83 1876 164 1906 tum.
200 1873 247 1915 (n.
267 1883 305 1905 ex
322 1871 392 1905 Cic.
406 1868 446 1905 de
462 1872 583 1904 inuent.
604 1871 626 1903 l.
645 1869 706 1913 3¹.)
735 1868 849 1905 Vertit
869 1875 900 1902 et
915 1870 1001 1903 notis
1016 1866 1195 1913 illustrauit
1211 1869 1351 1903 Ioannes
1366 1868 1527 1905 Clarium,-
1552 1867 1643 1901 cuim
1663 1865 1708 1899 ud
1722 1864 1833 1899 calcem

81 1923 209 1958 addilae
222 1922 306 1971 sunt
317 1922 422 1972 flluae
437 1921 668 1968 philologiae,
693 1933 762 1955 cum
783 1921 921 1956 omnium
935 1922 1090 1955 indicibus
1103 1919 1289 1969 neceffariis.
1318 1918 1452 1955 Amslel.
1469 1921 1505 1955 P.
1522 1918 1563 1954 de
1579 1923 1688 1967 Coup.
1707 1928 1784 1959 1711.
1802 1922 1836 1957 8.

185 1994 333 2031 Clericus
347 1991 508 2044 separauit
526 1991 603 2029 illos
618 2006 635 2027 a
651 1992 844 2035 Platonicis,
871 2007 910 2028 ex
934 1994 1158 2041 Stephaniano
1182 1992 1326 2028 Platonis
1349 1993 1529 2041 exemplo,
1554 2004 1585 2027 et
1600 1990 1742 2028 contulit
1753 2004 1833 2026 cum

80 2045 157 2084 tod-
172 2047 277 2083 MSto
294 2046 511 2084 Florentino:
538 2044 702 2095 quaedam
717 2048 793 2081 hinc
814 2045 890 2080 inde
907 2049 1073 2081 correxit:
1101 2048 1134 2080 in
1152 2049 1238 2080 notis
1255 2044 1295 2080 de
1312 2045 1428 2088 rebus,
1451 2045 1607 2080 historice
1629 2058 1665 2080 ac
1684 2040 1834 2094 philoso-

78 2102 177 2150 phice
193 2099 394 2148 explicandis
413 2101 535 2149 potius,
549 2111 651 2147 quam
665 2097 707 2133 de
725 2098 828 2133 verbis
848 2097 1000 2133 curandis
1021 2096 1191 2139 sollicitus,
1208 2097 1368 2132 editiones
1386 2099 1528 2133 Platonis
1544 2095 1727 2145 superiores
1743 2093 1833 2131 haud

79 2151 302 2201 intelligenter
314 2149 501 2193 consuluit3
529 2152 631 2185 vitam
646 2163 729 2186 vero
746 2147 934 2190 Aeschinis,
960 2165 977 2185 a
994 2151 1147 2198 Diogene
1161 2152 1290 2185 Laertio
1306 2148 1504 2198 expolitam,
1526 2163 1607 2184 cum
1623 2152 1708 2185 notis
1724 2151 1835 2184 vario-

78 2218 176 2246 rum,
207 2215 240 2240 et
262 2203 452 2240 testimonia
473 2213 624 2238 veterum
644 2201 686 2238 de
707 2216 749 2239 eo
767 2201 946 2252 praemisit.
979 2199 1071 2238 cons.
1085 2201 1208 2238 Clerici
1229 2201 1380 2237 biblioth.
1397 2199 1508 2239 select.
1529 2213 1615 2238 tom.
1630 2202 1735 2237 XXH.
1754 2213 1835 2250 pag,

76 2265 132 2300 118
152 2252 221 2306 sqq.

186 2329 357 2377 Aeschinis
379 2348 433 2356 -
459 2347 510 2355 --
532 2340 585 2376 gr.
613 2335 644 2364 et
667 2329 727 2365 lat.
750 2328 791 2362 de
810 2341 896 2365 nouo
916 2329 1094 2378 recensuit,
1125 2330 1227 2365 vertit
1245 2335 1279 2364 et
1298 2329 1629 2378 animadimfionibws
1639 2329 1718 2378 fitis
1740 2331 1835 2365 auxit

81 2383 208 2419 Petrus
221 2383 386 2418 Horum.
412 2379 592 2418 Leoward.
606 2383 659 2417 Fr.
674 2380 813 2417 Halma.
839 2388 927 2426 ¹7¹8·
944 2387 980 2423 8.

1638 2457 1833 2495 Vertionem
