2183 2747
6 158 281 195 v01.1.p.n9r=32

452 155 663 194 IrNVENTA
716 153 906 191 ORPHEO
961 151 1185 188 TRIBVTA.

1290 150 1363 186 Lib.
1381 152 1408 186 J.
1433 163 1455 185 c.
1472 149 1559 186 XX.
1697 161 1766 197 ης

637 247 956 297 CAPVT
1018 245 1113 293 XX

5 352 30 385 Ι.
53 348 187 382 quenta
210 344 332 388 Orpheo
347 355 368 378 a
386 344 540 378 veteribus
554 343 684 376 tributa.
730 343 867 376 Literae.
912 345 950 374 11.
974 340 1101 382 Musica.
1147 339 1236 380 Lyra
1242 337 1363 381 septem
1386 335 1585 370 chordarum.
1632 338 1684 368 111.
1709 336 1770 370 He·

88 395 268 424 xamctrum
298 400 432 422 carmen.
478 392 530 419 lv.
565 389 714 432 Mysteria
737 397 774 419 ac
800 385 978 427 Theologia.
1030 388 1067 416 V.
1099 384 1271 416 Medicina.
1319 385 1371 414 Vl.
1403 382 1521 423 Magia
1546 391 1583 413 ac
1605 379 1770 412 diuinatio.

91 438 159 467 vu.
179 435 371 476 Astrologiff.

91 481 202 511 tientes
222 478 352 519 plurimi
373 481 522 508 veterum.
567 478 602 507 X.
636 475 778 516 Haeraefis
798 473 991 515 Orpheorum
1018 473 1104 514 apud
1125 470 1337 513 Augustinum.

432 436 514 464 vul.
539 432 668 473 Dogma
690 430 858 473 Orphicum
880 431 916 462 de
932 429 1077 471 pluribus
1099 427 1225 460 orbibus
1246 425 1478 459 habitabilibus.

1536 426 1587 456 IX.
1612 424 1653 456 Ei
1677 422 1771 467 affin-

1391 473 1442 501 xl.
1476 469 1670 501 Recentiores
1690 468 1770 500 idem

87 523 205 564 dogma
226 521 393 563 Orphicum
413 521 595 562 probantes.
643 522 708 551 XII.
746 519 878 557 ludaei,
900 516 1042 558 Sinenses
1067 521 1097 548 et
1116 516 1342 548 Brachmanes.
1387 517 1469 547 xm.
1492 516 1575 545 xlv.
1591 515 1658 544 XV.
1693 511 1771 546 Atia

91 566 255 610 quaedam.

56 674 135 698 orro
161 659 281 696 dicitur
304 661 461 710 Orpheus
487 656 582 695 fuisse
604 660 741 702 auctor,
769 656 821 693 vel
835 658 945 707 potius
965 653 1006 691 ad
1027 655 1170 692 Graecos
1192 664 1398 705 propagator
1422 656 1590 690 variarum
1613 664 1725 687 rerum
1741 660 1772 688 et

80 717 212 750 artium.
237 712 302 759 [ff]

4 805 133 832 lnutntor
154 806 201 839 rff'a

3 842 42 867 di:
49 842 105 866 itur
120 841 196 868 Liu-

3 883 111 903 rar-n-

270 794 294 826 1.
348 779 538 826 L'iterarum
559 797 589 825 et
603 790 807 838 sapientiae,
830 797 864 824 vt
886 786 930 823 est
954 789 988 822 in
1010 788 1109 821 veteri
1129 787 1550 836 EpigrammateflGraoco,
1577 785 1609 818 in
1626 795 1694 832 quo
1711 783 1773 817 Or·-

299 845 402 892 pheus
423 842 542 879 dicitur
560 840 711 892 reperisse
731 839 945 893 «γράμματα
961 855 1020 887 &qq
1039 840 1168 888 σοφίην.
1222 836 1352 875 Confer
1369 838 1560 884 Euripidem
1579 833 1773 885 Hippolyto

300 910 330 930 v.
351 908 418 942 953.
435 907 465 932 ct
483 893 593 931 Rheso
616 910 644 930 v.
662 908 734 942 94¹·
752 907 824 941 943.
851 891 892 928 ⁶).

43 996 163 1031 maficaa,
198 984 237 1020 11.
263 983 415 1033 Μψται,
425 997 488 1034 qua
504 981 547 1019 sic
560 979 694 1019 valuisse
707 984 812 1025 aiunt,
826 991 860 1017 vt
873 994 943 1017 non
953 978 1058 1017 modo
1068 977 1098 1011 ί’)
1114 977 1222 1023 siluas,
1233 976 1306 1014 saxa
1322 975 1472 1028 ferasque
1489 978 1643 1019 traheret,
1659 972 1772 1026 pisces,

240 1036 392 1072 volucres
412 1048 443 1072 et
463 1046 624 1072 torrentes
646 1033 785 1076 sisteret,
825 1045 940 1070 ventos
963 1042 1203 1082 componeret,
1231 1029 1285 1068 sed
1306 1041 1338 1066 et
1360 1031 1523 1081 stupentes
1546 1027 1670 1066 inferos
1686 1025 1771 1078 ipsos

4 1088 167 1125 mulceret
190 1089 381 1135 Eurydicen
401 1087 495 1125 suam
515 1091 730 1139 repetiturus,
757 1101 817 1123 ceu
839 1098 974 1122 narrant
996 1085 1167 1122 Diodorus
1187 1084 1315 1120 Siculus
1339 1084 1408 1120 Lib.
1423 1086 1480 1119 IV.
1500 1096 1528 1118 c.
1544 1095 1591 1129 25.
1617 1081 1684 1127 [V
1681 1080 1771 1128 irgil.

46 1235 79 1267 a)
103 1230 191 1262 Conf.
207 1231 359 1272 Polydori
377 1231 510 1273 Vra-gilii
529 1230 694 1263 Vrbinatis
712 1230 748 1261 de
760 1240 863 1260 rerum

3 1274 220 1306 inuentos-ibus
249 1274 322 1306 libri
343 1277 412 1307 0610
431 1284 487 1307 etc.
509 1277 703 1315 Argentorati
730 1279 813 1305 1606.
838 1281 863 1308 8.

3 1316 58 1349 lib.
74 1322 95 1349 1.
115 1329 178 1362 cap.
193 1324 220 1351 6.
238 1330 304 1361 pag.
322 1329 361 1358 24
377 1319 439 1362 sqq.
459 1320 614 1350 Fabricius
642 1321 773 1359 margini
789 1320 862 1348 haee

3 1361 168 1394 fidleuerat.
200 1366 305 1401 „Item
319 1364 520 1408 abstinentiae
540 1363 580 1395 ab
598 1364 768 1399 animatis,
785 1371 862 1404 quae

2 1405 122 1438 Platoni
147 1410 198 1438 VI.
223 1408 260 1438 de
284 1410 375 1448 Legg.
403 1409 470 1439 vita
496 1406 645 1448 Orphica.
705 1405 861 1438 Siluestres

2 1450 142 1481 homines
167 1451 248 1482 sacer
276 1451 486 1494 interpresque
519 1451 648 1482 deorum
675 1451 807 1482 creditus
832 1457 861 1480 et

2 1492 96 1525 foedo
119 1496 200 1526 vic‘lu
220 1495 370 1527 deterruit
399 1496 550 1538 Orpheus.
607 1494 763 1536 Aristoplt.
785 1497 860 1525 Ran.

3 1549 33 1570 v.
59 1544 144 1577 1064.
167 1540 244 1570 adde
265 1541 447 1581 Fraguierii
461 1539 525 1570 diss.
549 1542 580 1569 in
597 1541 755 1570 Mcmoriis
777 1539 859 1569 acad.

1 1581 194 1625 Inscription.
219 1587 357 1615 tom.VII
385 1582 530 1615 Biblioth.
546 1583 704 1614 raisonnc'e
721 1592 793 1613 tom.
806 1585 859 1613 VI.

2 1637 69 1669 pag.
97 1638 161 1665 4¹2·
188 1627 228 1669 sq.
247 1632 267 1646 “
305 1628 515 1671 Philostratus
548 1638 624 1658 vero
655 1630 686 1658 in
717 1628 859 1658 Heroicis

3 1679 67 1712 cap.
83 1673 120 1701 11.
146 1682 187 1709 19.
213 1682 279 1714 pag.
296 1677 363 1710 692.
385 1670 487 1703 Olear.
533 1674 722 1708 Homerum,
746 1680 859 1707 narrat,

2 1715 286 1755 μγκλορῤημσσύνην,
322 1715 464 1747 άίἃῖσηίς
476 1714 722 1758 sublimitatem,
753 1717 859 1753 magis,

2 1768 93 1800 quam
110 1760 268 1800 Orpheum
293 1758 465 1790 excoluisse.
513 1759 601 1801 Apud
625 1759 765 1790 eumdem
791 1769 858 1801 pag.

2 1804 69 1840 693.
85 1802 178 1833 tradit
201 1803 389 1840 Protesilaus,
412 1806 583 1834 Homerum
599 1813 712 1845 pugnas
728 1803 857 1833 deorum

2 1845 145 1889 quasdam
162 1847 206 1877 ad
221 1847 338 1888 Orphei
352 1848 476 1879 niodum
491 1847 579 1877 fuisse
599 1846 857 1889 philosophatum,

1 1890 92 1966 τὲιῧηὶ
115 1889 161 1918 τᾶν
179 1888 298 1930 'Oscis‘
319 1891 413 1931 τρόπον
427 1891 665 1929 κιφιλοσοφῆσθαι
687 1891 724 1928 τῦ
737 1890 859 1931 Ὁμήρῳ.

39 1943 78 1965 ar
92 1956 99 1963 .

46 1976 84 2013 b)
122 1977 236 2008 Confer
268 1979 406 2008 Kircheri
431 1979 585 2021 Oedipum
614 1980 657 2010 T.
673 1989 698 2009 2.
730 1986 805 2020 part.
832 1988 859 2008 2.

26 2020 158 2063 .135.seq.
171 2021 361 2054 Venantium
371 2022 578 2054 Fortunatam
587 2022 658 2054 libr.
667 2024 859 2053 V11.carm.1.

36 2064 210 2104 isbAEnper.
221 2067 348 2095 Exerc.1.
358 2065 395 2096 de
406 2065 578 2108 Elephantis
593 2069 624 2097 in
642 2069 742 2096 numis
756 2078 781 2096 c.
792 2078 814 2103 3.
830 2077 859 2107 p.

4 2111 49 2145 36.
57 2111 156 2138 tom.1.
170 2107 241 2138 thes.
252 2108 396 2148 Sallengr.
407 2110 601 2142 Pinchbeckii
609 2112 747 2141 machina
755 2112 862 2140 inuen-

4 2152 74 2203 thirt
82 2153 239 2194 Ephemer.
251 2152 329 2194 Lips.
338 2163 354 2181 a
371 2163 434 2192 ¹73¹
452 2165 480 2196 p.
492 2162 559 2192 498.
569 2154 609 2196 sq.
620 2156 760 2196 Orpheus
770 2156 801 2184 in
812 2164 862 2184 ve-

5 2200 64 2226 teri
79 2204 278 2226 monumento
295 2207 363 2226 eum
385 2196 450 2232 lyra
469 2198 588 2228 medius
603 2201 683 2229 inter
698 2201 783 2229 varia
800 2199 862 2227 ani-

6 2237 106 2273 malia,
120 2240 199 2281 apud
210 2239 415 2282 Montfaucon
431 2250 504 2273 tom.
521 2245 544 2272 1.
560 2242 713 2284 Supplem.
736 2244 861 2283 Antiqq.

6 2281 65 2312 nb.
75 2285 238 2314 LXXXIV.
249 2282 403 2325 Aringhii
411 2287 505 2316 Roma
516 2297 544 2327 p.
554 2288 722 2325 317.t0m.1.
733 2296 861 2328 pag-321.

6 2324 130 2357 Fabric.
149 2326 335 2367 Palaephat.
359 2327 417 2358 fab.
435 2341 479 2367 34.
496 2330 602 2371 ibique
626 2333 754 2372 interpr.
774 2330 863 2361 Luci-

8 2377 58 2399 οη.
75 2371 199 2409 Imagin.
212 2381 253 2408 ¹4·
269 2379 342 2401 tom.
357 2373 394 2401 11.
409 2383 437 2413 p.
449 2383 518 2412 472.
533 2373 676 2415 Philostr.
693 2376 757 2404 iun.
778 2376 860 2403 Icon.

9 2411 62 2441 vl.
77 2423 142 2461 pag.
159 2421 225 2453 870.
241 2413 281 2455 sq.
298 2413 574 2457 Olear.Call=st:·ati
591 2419 653 2448 stat.
671 2428 700 2457 7.
718 2421 749 2447 in
762 2416 862 2447 Philo·

10 2453 91 2484 strati
114 2459 170 2496 Op.
197 2468 262 2500 pag.
285 2465 347 2495 898.
372 2458 515 2498 Lipperti
534 2460 718 2496 Dactylioth.
740 2459 862 2492 Millen.

10 2498 53 2543 n.
68 2502 112 2536 56.
128 2508 172 2537 57.
216 2501 451 2541 ’Winkelmanni
468 2504 608 2537 Menum.
631 2513 690 2535 ant.
713 2516 742 2535 n.
758 2515 805 2542 50·
832 2515 860 2544 p.

1091 1140 1119 1174 Υ
1145 1150 1163 1182 3
1646 1136 1771 1183 Georg.

917 1233 961 1267 63.
983 1229 1061 1259 adde
1080 1227 1230 1268 Polydor.
1276 1226 1451 1267 Vergilium
1476 1223 1513 1255 de
1537 1236 1640 1256 rerum
1665 1226 1772 1255 inuen-

917 1274 1034 1304 toribus
1051 1271 1105 1303 lib.
1123 1275 1145 1302 1.
1166 1282 1228 1313 cap.
1247 1280 1280 1308 ¹4
1304 1278 1333 1300 et
1358 1280 1397 1307 ις.
1441 1269 1551 1299 Fabula
1576 1268 1629 1299 illa
1650 1269 1687 1299 de
1707 1277 1772 1299 arte

917 1320 1010 1359 vique
1021 1317 1148 1347 Mufices
1159 1317 1310 1357 Orphicae
1329 1316 1509 1356 perantiqua
1528 1313 1615 1344 fuiffe
1632 1313 1772 1344 videtur:

917 1369 1088 1392 memorant
1103 1363 1185 1390 enim
1198 1362 1259 1389 iam
1270 1358 1438 1400 Aeschylus
1453 1360 1628 1396 Agamemn.
1645 1369 1674 1388 v.
1693 1361 1772 1394 1638,

916 1405 1062 1445 Euripid.
1077 1405 1160 1436 Med.
1178 1415 1206 1434 v.
1224 1413 1286 1440 543·
1322 1402 1425 1432 Bacch.
1441 1412 1470 1431 v.
1486 1406 1547 1438 563.
1573 1401 1660 1443 Apud
1677 1399 1774 1441 Apot-

914 1449 974 1481 lod.
994 1448 1070 1479 Bibl.
1088 1452 1110 1479 1.
1129 1461 1151 1486 3.
1171 1458 1196 1478 2.
1214 1447 1326 1477 dicitur
1344 1446 1503 1486 Orpheus,
1529 1446 1541 1473 ὃ
1557 1444 1676 1477 donicus
1698 1441 1773 1472 κιδα-

912 1490 1017 1533 ρῳδιάν.
1048 1495 1159 1534 Neque
1174 1500 1273 1522 tamen
1290 1489 1453 1532 perfectam
1467 1488 1551 1519 illam
1565 1496 1659 1519 artem
1674 1489 1773 1518 omni-

915 1536 1030 1578 busque
1055 1538 1189 1566 numeris
1213 1533 1396 1569 absolutam,
1430 1541 1482 1563 aut
1503 1532 1626 1563 scientia
1650 1533 1772 1574 peritia-

914 1592 974 1622 que
993 1582 1165 1611 nostrorum
1183 1580 1333 1609 artificum
1359 1576 1560 1610 metiendam3
1592 1575 1641 1606 sed
1662 1575 1772 1605 rudem

914 1625 1012 1655 adhuc
1046 1627 1178 1663 cogitare
1215 1623 1370 1652 debemus.
1408 1632 1437 1650 v.
1467 1619 1653 1651 Tiedemann
1681 1617 1691 1648 l
1728 1629 1768 1648 m.

915 1681 942 1711 p.
960 1676 1003 1704 28.
1020 1668 1081 1710 sqq.
1105 1671 1154 1698 cui
1177 1678 1251 1698 vero
1266 1664 1367 1696 fabula
1388 1664 1426 1694 de
1445 1662 1611 1699 Eurydice,
1635 1661 1705 1692 licet
1720 1671 1772 1691 an·

914 1716 1009 1754 tiqua‚
1033 1722 1133 1743 tamen
1148 1710 1246 1741 multo
1262 1711 1325 1751 post
1342 1709 1513 1750 Orpheum,
1537 1708 1681 1748 quoniam
1698 1708 1772 1736 Cer·

913 1758 979 1788 beri
995 1756 1080 1787 nulla
1095 1758 1252 1786 iniiciatur
1267 1755 1382 1783 mentio
1399 1751 1479 1793 apud
1497 1759 1599 1792 poetas
1615 1750 1773 1781 vetustiffi-

913 1812 995 1838 mos,
1018 1804 1144 1831 inuenta
1165 1799 1221 1830 ess‘e
1241 1798 1373 1828 videtur.
1404 1798 1440 1826 At
1462 1793 1616 1825 descensus
1633 1793 1771 1836 plurium

914 1845 951 1875 ad
969 1845 1084 1875 inferos
1106 1855 1152 1874 res
1172 1844 1208 1873 ad
1227 1841 1461 1872 obleetationem
1483 1840 1577 1869 animi
1592 1840 1771 1879 ingeniique

916 1891 1146 1919 ostentationem
1170 1886 1258 1918 valde
1275 1894 1341 1927 apta
1367 1882 1582 1924 fructuosaque
1607 1882 1772 1913 videbatur

913 1935 1109 1975 antiquitati,
1135 1929 1352 1973 et'phantasma
1369 1936 1528 1970 poetarum
1545 1927 1770 1967 artificumque,

914 1989 977 2019 quo
999 1976 1073 2007 felix
1091 1979 1207 2007 curatio
1231 1982 1321 2015 atque
1347 1983 1363 2002 a
1385 1979 1468 2002 metu
1489 1979 1587 2002 certae
1609 1979 1770 2012 propemo-

915 2022 987 2052 dum
1003 2023 1109 2051 mortis
1128 2019 1269 2050 liberatio
1291 2016 1528 2047 declani-arentur.
1552 2013 1631 2044 conf.
1651 2013 1770 2054 Virgil-

915 2067 988 2095 Aen.
1016 2068 1066 2095 VI.
1102 2075 1158 2101 ιι9.
1186 2063 1249 2104 sqq.
1284 2061 1390 2102 ibique
1420 2062 1612 2101 interpretes.
1671 2059 1770 2097 Atque

915 2109 996 2139 haud
1013 2112 1132 2150 ineptus
1148 2105 1325 2147 inutilisque
1341 2104 1427 2135 labor
1443 2102 1534 2139 foret,
1551 2103 1570 2132 fi
1590 2103 1658 2142 quis
1668 2103 1770 2131 varios

916 2162 945 2184 et
960 2155 1031 2183 hinc
1049 2152 1119 2182 inde
1135 2150 1246 2192 sparsos
1262 2149 1344 2180 locos
1361 2155 1631 2187 monumentaque,
1648 2147 1680 2175 in
1702 2146 1770 2185 qui·

915 2197 970 2228 bus
987 2208 1032 2226 ars
1048 2197 1164 2237 Orphei
1187 2195 1296 2224 musica
1318 2191 1442 2234 eiusque
1468 2193 1593 2221 inuenta
1616 2197 1645 2219 et
1666 2186 1769 2219 fabula

916 2241 954 2271 de
964 2241 1113 2276 Eurydice
1128 2245 1170 2275 (v.
1182 2236 1295 2280 Maffci
1309 2248 1419 2277 gemm.
1431 2237 1524 2277 antiq.
1536 2237 1566 2265 P.
1587 2235 1624 2264 11.
1635 2233 1694 2263 tab.
1705 2236 1770 2270 49.)

919 2285 1130 2320 celebrantur,
1164 2281 1340 2322 colligeret,
1368 2280 1532 2311 secundum
1554 2279 1698 2319 temporis
1721 2286 1769 2306 or·

918 2329 1020 2359 dinem
1037 2327 1220 2363 collocaret,
1244 2334 1334 2367 atque
1356 2327 1507 2363 originem
1531 2333 1599 2353 cum
1622 2322 1770 2350 narratio-

917 2383 1009 2408 num,
1031 2381 1094 2402 tum
1110 2381 1185 2401 vero
1206 2372 1348 2400 historiae
1370 2369 1407 2398 de
1429 2367 1530 2397 reditu
1554 2365 1715 2401 Eurydices
1739 2368 1768 2392 et

917 2415 1049 2446 aliorum
1063 2416 1100 2445 ad
1117 2414 1230 2444 inferos
1245 2412 1404 2448 descensu,
1429 2420 1457 2442 et
1482 2412 1573 2440 huius
1599 2410 1766 2440 doctrinam

917 2461 1076 2500 mythique
1095 2458 1195 2489 sedem
1217 2460 1397 2498 inquireret.
1444 2453 1585 2484 Fabulam
1601 2450 1766 2485 Eurydices

917 2503 1057 2545 persequi
1073 2511 1105 2533 et
1123 2501 1283 2544 explanare
1304 2501 1406 2542 coepit
1426 2498 1633 2530 chmamms
1654 2496 1688 2524 in
1705 2494 1767 2567 liin.-

1663 2548 1702 2578 gu
1717 2547 1763 2568 art
