2183 2747
263 235 266 239 ι
322 180 618 221 EMPEDOCLIS
646 181 785 218 SCRIP.
811 178 1095 218 DEPERDITA.
1136 181 1429 219 EPIMETRON.
1508 183 1740 222 l.ih.ls.c.12.
1795 190 1862 229 809

94 278 205 324 fuerit,
226 283 284 317 arti
302 283 449 330 magicae
465 279 605 323 deditus,
632 275 790 328 «γοητεῦς,
816 278 1006 317 habebatur,
1033 288 1065 313 et
1081 277 1185 314 multa
1201 279 1264 315 alia
1279 279 1436 315 miracula
1453 292 1555 328 paene
1574 279 1620 315 illi
1635 279 1862 315 adtribucban·

95 345 156 371 tur.
209 336 263 370 Sic
284 334 376 384 quod
394 345 573 369 ventorum
590 331 738 382 frugibus
756 334 942 368 noxiorum
957 334 1099 381 impetus
1113 329 1224 381 fregit,
1252 344 1284 370 et
1307 330 1433 368 sciffura
1457 336 1650 375 montium,
1689 346 1746 382 per
1773 345 1858 381 quos

96 387 201 424 ausser
219 386 352 437 pestifer
369 387 590 429 emittebatur,
617 384 754 423 scienter
773 385 947 428 obstructa,
972 383 1190 433 pestilentiam
1213 399 1250 421 ac
1270 386 1472 422 sterilitatem
1489 401 1506 422 a
1531 385 1609 422 loco
1630 388 1758 427 auertit,
1783 385 1857 420 inde

95 443 363 490 κωλυσαιέμσις,
390 448 561 476 ventorum
586 441 763 482 inliibitor,
798 438 885 480 (vid.
908 439 1052 485 Diogen.
1077 439 1190 473 Laert.
1207 440 1298 475 Vlll.
1325 442 1381 475 60.
1404 441 1513 488 ibique
1537 442 1674 488 Mei-rag.
1700 440 1856 475 Clcment.

95 495 194 531 Alex.
210 497 266 530 Vl.
284 496 409 530 strom.
429 507 462 543 p.
482 494 568 540 754.)
595 504 627 529 et
640 490 884 544 οἱλεξοινέμας,
913 494 969 539 qni
985 499 1096 527 ventos
1110 499 1243 538 arceret,
1270 492 1349 532 (vid.
1367 495 1530 529 Iamblicli.
1549 491 1588 528 de
1606 496 1669 528 vita
1688 494 1722 528 P.
1742 492 1775 540 §
1789 494 1854 535 ¹36-

96 557 128 584 et
143 546 310 597 Porpbyr.
329 547 369 584 de
388 549 430 583 V.
449 548 479 582 P.
497 548 528 595 §.
545 548 610 593 29.)
635 546 679 582 est
695 548 967 596 cognominatus.
996 541 1086 581 conf.
1108 545 1259 581 Valckcn.
1278 545 1317 581 ad
1334 545 1500 595 Euripidis
1514 543 1709 589 Phoeniffas,
1737 559 1767 580 v.
1788 558 1856 582 120.

94 613 126 651 p.
145 612 186 643 42
212 598 258 651 sq.
315 598 352 635 Id
376 599 512 650 quidem
535 602 593 636 arti
615 602 764 649 magicae
786 596 994 647 adscripscrat
1016 599 1191 632 Martinus
1207 600 1259 634 del
1278 600 1343 634 Rio
1363 602 1397 635 111
1421 597 1565 647 Disquis.
1592 603 1714 648 magic,
1744 599 1798 634 lib.
1816 600 1856 638 11,

95 654 218 704 quaest.
236 667 269 701 9.
286 667 316 704 p.
337 666 384 698 57.
403 651 455 689 sed
475 666 538 702 qua
553 664 621 688 arte
636 653 667 688 id
684 650 810 694 fecerit,
838 655 903 687 iam
921 662 1044 687 veteres
1061 649 1196 700 quidam
1215 651 1412 699 docuerunt,
1441 652 1522 698 (vid.
1542 653 1714 688 I’lufarclz.
1734 651 1774 687 de
1789 654 1857 687 Cu-

93 703 171 744 rios.
188 720 220 756 p.
236 720 288 752 47.
309 706 377 743 vol.
394 708 485 742 Vttt.
503 717 534 742 et
553 703 677 742 aduers.
691 705 851 741 Colotem
868 718 899 753 p.
917 707 990 746 628.
1006 703 1074 740 vol.
1098 705 1135 743 X.
1151 706 1282 748 Reiske,
1301 716 1333 742 et
1343 707 1497 741 Bracker.
1514 705 1536 742 l.
1552 720 1653 743 mem.
1670 709 1692 741 1.
1708 720 1740 755 p.
1753 703 1857 748 1108.)

95 763 205 810 Atque
228 774 245 796 3
262 763 404 796 crimine
424 761 554 808 magiae
568 761 701 809 egregie
722 756 941 794 defenderunt
956 756 1106 793 nostrum
1131 759 1175 794 G.
1196 756 1322 794 Nande!
1339 761 1394 794 in:
1419 760 1589 809 Aprflogie
1613 772 1701 808 pour
1716 769 1790 794 tous
1813 758 1857 794 les

95 813 216 864 grands
234 811 468 862 personnages,
497 815 553 862 qui
567 823 626 849 ont
641 811 707 848 este
721 809 917 855 faussement
934 808 1144 859 soupconnez
1160 809 1201 847 de
1217 813 1342 861 Magie.
1359 809 1378 847 3
1397 811 1430 847 13
1450 814 1551 857 Haye
1578 816 1674 860 1679.
1700 826 1769 862 cap.
1786 813 1857 847 ΧΠ.

96 879 127 916 p.
141 879 193 913 2¹5
210 864 282 915 sqq.
302 867 439 901 Hieron.
453 866 668 901 Mercurialis
686 867 722 900 iu
738 868 831 904 Varr.
845 864 978 900 lection.
996 864 1047 899 lib.
1066 865 1120 899 IV.
1146 877 1216 913 cap.
1236 874 1281 909 14.
1299 878 1331 913 p.
1352 877 1406 910 94.
1439 866 1594 902 Brucker.
1615 869 1647 901 in
1674 865 1759 901 Hist.
1783 867 1855 900 crit.

94 917 179 969 phil.
198 920 220 955 1.
239 932 270 968 p.
289 926 377 961 ¹108.
396 920 448 954 vbi
464 922 496 954 in
515 921 602 955 notis
618 918 700 955 alios
718 931 853 968 quoque
871 916 982 954 laudat
996 919 1086 952 viros
1101 915 1241 959 ἀοὲὶοες
1270 921 1444 966 praecipue
1463 918 1606 954 vindicat
1626 933 1704 955 cum
1728 919 1768 954 ab
1791 920 1858 954 hoc

95 974 234 1010 crimine
250 973 396 1021 Bonamy
420 974 454 1006 in
477 974 668 1008 recitatione
687 970 776 1007 acad.
801 968 898 1020 supra
921 967 1072 1005 laudata:
1101 972 1191 1005 cuius
1219 970 1377 1006 iudicium
1400 973 1600 1021 comprobat
1624 969 1804 1020 Climgfepie'
1823 973 1856 1007 in

95 1025 270 1075 Supplem.
287 1024 380 1061 lexici
396 1025 543 1069 Bayliani
560 1024 627 1060 vol.
645 1026 668 1061 1.
684 1038 758 1061 voc.
772 1022 994 1073 Empedocle,
1023 1037 1058 1073 p.
1075 1035 1122 1066 23.
1151 1022 1196 1060 E.
1225 1034 1323 1073 atque
1347 1037 1412 1074 ego
1439 1027 1471 1059 in
1496 1025 1626 1074 aliquot
1655 1023 1855 1075 prolusioni-

94 1080 154 1116 bus
172 1077 364 1114 academicis
377 1075 609 1115 defensionem
625 1076 841 1127 Empedoclis
855 1074 989 1126 suscepi.
1027 1077 1116 1113 Clar.
1133 1086 1246 1113 tamen
1263 1078 1449 1113 Dietericus
1465 1078 1666 1113 Tindemann.
1684 1082 1717 1113 in
1733 1075 1857 1127 Dispu-

95 1143 151 1169 tat.
165 1130 206 1167 de
221 1131 424 1181 quaestione,
452 1145 537 1181 quae
552 1129 649 1168 fuerit
663 1134 784 1167 artium
798 1133 1008 1179 magicarum
1025 1132 1122 1180 origo
1139 1139 1201 1166 etc.
1230 1131 1404 1180 Marburgi
1424 1140 1520 1176 1787.
1543 1143 1574 1175 4.
1602 1145 1635 1180 p.
1660 1143 1701 1178 39
1719 1128 1768 1180 sq.
1797 1144 1857 1180 pu-

95 1197 152 1227 tat,
176 1184 421 1235 Empedoclem
437 1186 508 1221 iure
522 1187 656 1235 optimo
674 1199 692 1221 a
707 1185 821 1220 Plinio
838 1185 885 1220 H.
907 1184 952 1219 N.
969 1184 1070 1218 XXX.
1091 1196 1116 1219 1.
1144 1185 1227 1219 inter
1242 1197 1359 1233 magos
1378 1181 1440 1219 esse
1458 1184 1653 1227 collocatos,
1679 1194 1710 1220 et
1729 1181 1790 1219 esse
1807 1196 1855 1219 ar-

94 1249 254 1290 gumenta
270 1240 365 1275 omni
381 1241 577 1288 exceptione
594 1240 740 1280 maiora,
769 1237 888 1287 quibus
916 1239 1060 1286 magicas
1083 1233 1261 1272 exercuisse
1282 1247 1364 1273 artes
1387 1240 1614 1274 conuincatur.
1669 1239 1855 1272 Enimuero

95 1305 200 1342 quum
218 1305 266 1333 ea,
293 1305 377 1341 quae
392 1293 530 1341 ingenio
547 1302 681 1341 arteque
697 1293 830 1327 nouiter
846 1293 1028 1339 excogitata
1043 1302 1081 1325 ac
1096 1286 1253 1338 perfecta,
1283 1293 1481 1339 opinionem
1499 1293 1740 1341 ingeniumque
1766 1290 1855 1326 illius

94 1347 206 1382 aetatis
223 1344 311 1381 rudis
330 1342 533 1395 superabant,
561 1358 626 1394 ope
642 1347 770 1394 magiae
785 1354 817 1379 et
833 1342 1008 1379 daemonis
1028 1353 1213 1392 perpetrata
1227 1343 1330 1393 vulgo
1350 1341 1578 1387 crederentur,
1612 1341 1723 1393 (quod
1748 1342 1856 1378 adhuc

93 1396 227 1435 saeculis
245 1397 308 1434 illis
323 1397 424 1434 medii
440 1400 512 1434 aeui
529 1398 644 1434 multis
657 1397 851 1434 hominibus
869 1395 1077 1433 doctioribus
1091 1407 1122 1432 et
1140 1392 1358 1446 sagacioribus
1373 1394 1514 1432 euenisse
1530 1408 1562 1433 et
1577 1410 1656 1433 vero
1671 1393 1765 1432 fuiss‘e
1783 1408 1855 1445 per-

96 1454 205 1491 niciei,
234 1453 404 1487 neminem
420 1448 538 1501 fugit,)
562 1452 788 1500 hominesque
802 1449 913 1486 callidi
935 1462 968 1486 et
989 1448 1139 1486 scientiae
1161 1449 1315 1486 naturalis
1346 1453 1517 1498 peritiores
1538 1449 1604 1486 siue
1626 1449 1664 1486 ad
1690 1452 1855 1484 maiorem

94 1507 244 1541 nominis
261 1504 481 1541 celebritatem
499 1501 781 1555 consequendam,
807 1502 875 1539 slue
890 1500 929 1539 ad
943 1514 1049 1539 artem
1062 1500 1153 1539 suam
1169 1502 1398 1539 occultandam
1417 1517 1579 1552 moreque
1598 1505 1805 1551 Pythagorae
1823 1510 1854 1538 et

94 1558 304 1607 reliquorum
319 1556 622 1608 antiquissimorum
638 1556 834 1607 sapientum,
861 1554 1070 1606 disciplinam
1100 1555 1281 1605 quamdam
1303 1557 1485 1592 {actitarent
1507 1570 1658 1592 arcanam
1685 1553 1854 1591 formulis.

95 1623 161 1660 que
177 1609 337 1661 loquendi
355 1612 502 1661 tropicis,
521 1608 710 1660 praesertim
726 1613 761 1647 in
778 1610 998 1654 carminibus,
1019 1620 1205 1645 vterentur:
1231 1606 1328 1645 facile
1350 1608 1420 1645 fieri
1436 1612 1562 1658 potnit,
1589 1620 1622 1644 vt
1636 1608 1723 1644 male
1739 1607 1854 1643 intelli-

94 1675 249 1713 gerentur
264 1665 488 1714 hominesque
505 1664 713 1708 haberentur,
742 1666 798 1714 qui
814 1675 919 1700 artem
936 1674 1121 1699 exercerent
1136 1666 1312 1711 magicam.
1365 1661 1511 1699 Accedit,
1537 1661 1627 1711 quod
1647 1659 1794 1710 discipuli
1811 1672 1854 1696 ta·

95 1717 178 1752 lium
194 1716 289 1752 laude
307 1716 485 1765 insignium
502 1720 656 1753 virorum
672 1728 703 1754 et
717 1716 839 1767 posteri
855 1714 941 1752 fadia
956 1727 1129 1766 artemque
1145 1716 1282 1752 iliorum
1297 1717 1395 1751 nimis
1411 1715 1666 1765 amplificarunt,
1685 1714 1853 1750 omnibus-

98 1781 164 1818 que
181 1772 338 1804 orationis
354 1769 532 1806 luminibus
547 1781 578 1806 et
592 1773 700 1806 nimio
716 1770 834 1807 colore
850 1769 1067 1816 illustrarunt,
1096 1768 1184 1819 quod
1201 1772 1411 1817 Pythagorae
1424 1766 1587 1808 accidiss'e,
1622 1770 1704 1803 inter
1731 1780 1850 1804 omnes

97 1819 232 1857 constat.
287 1821 387 1869 Qod
405 1835 485 1858 vero
503 1823 726 1873 Empedocles
743 1822 910 1860 dicebatur
922 1833 1038 1859 ventos
1054 1819 1292 1872 compescuisse
1308 1833 1339 1857 et
1355 1821 1530 1858 mulierem
1556 1832 1722 1856 mortuam
1748 1823 1779 1856 in
1804 1823 1850 1855 vi-

97 1882 164 1909 tam
183 1871 358 1916 reuocafse,
382 1872 424 1920 id,
448 1875 626 1923 quomodo
644 1876 683 1911 ab
700 1876 760 1912 illo
775 1879 898 1926 ingenii
915 1874 1068 1913 felicitate
1086 1888 1117 1911 et
1140 1875 1288 1912 scientiae
1307 1876 1452 1910 medicae
1478 1873 1637 1910 beneficio
1657 1872 1756 1909 fuerit
1776 1869 1853 1909 effe·

97 1927 204 1968 dium,
233 1929 274 1961 ita
290 1938 322 1961 vt
340 1926 430 1962 nulla
445 1924 580 1963 subesset
596 1925 763 1975 ‘ycnrea'xc
779 1933 935 1978 propriae
951 1928 1104 1979 suspicio,
1132 1933 1197 1965 iam
1217 1932 1334 1977 partim
1358 1930 1488 1970 monui,
1513 1938 1544 1963 ct
1560 1927 1598 1962 ab
1621 1928 1688 1962 alii>
1711 1925 1780 1962 satis
1804 1925 1850 1961 est

98 1978 411 2015 commonstratum.
464 1982 678 2030 Qapropter
694 1980 829 2030 quando
854 1983 995 2030 Satyrus
1018 1982 1106 2032 apud
1131 1983 1309 2029 Diogenem
1337 1982 1504 2016 Lusi-tizan
1528 1981 1613 2015 Vffl.
1637 1991 1687 2026 59.
1714 1977 1849 2028 scripfie

97 2033 259 2081 Gorgiam
279 2034 493 2073 Leontinum,
521 2029 585 2069 sese
601 2031 738 2070 adfuiffe
754 2033 951 2082 Empedocli
969 2038 1109 2084 magiam
1126 2037 1282 2070 exercenti
1296 2035 1505 2080 Ὺσητέυεντι,
1532 2029 1662 2068 dixiffe:
1687 2034 1849 2082 primum,

95 2096 131 2121 vt
146 2085 186 2121 de
207 2084 273 2120 fide
290 2086 397 2131 Satyri
423 2096 565 2129 taceam,
593 2087 736 2136 Gorgiae
753 2088 909 2124 Leontini
933 2090 1084 2125 iactantia
1101 2099 1132 2124 et
1150 2087 1395 2136 vaniloquentia
1414 2086 1458 2122 est
1475 2084 1546 2122 satis
1565 2096 1662 2122 nota:
1697 2096 1764 2121 tum
1792 2098 1849 2135 per

96 2135 259 2187 ‘yonreioev
273 2139 354 2173 nihil
371 2137 456 2173 aliud
474 2135 586 2174 forsan
602 2141 743 2188 Gorgias
762 2143 899 2177 innuere
914 2142 1033 2181 voluit,
1061 2154 1164 2190 quam
1175 2139 1321 2176 scientiae
1341 2139 1493 2175 naturalis
1509 2149 1635 2188 partem
1652 2150 1729 2175 tunc
1755 2141 1848 2174 inco-

97 2194 237 2241 gnitam,
264 2192 303 2228 ab
323 2191 529 2241 Empedocle
544 2190 610 2227 siue
629 2196 851 2243 excogitatam
869 2192 937 2230 flue
952 2195 1131 2230 excultam.
1185 2191 1284 2243 Qod
1302 2206 1379 2227 vero
1399 2191 1622 2242 Empedocles
1637 2192 1715 2228 1.111.
1731 2194 1762 2227 111
1780 2205 1849 2227 ver-

97 2243 181 2280 sibus
198 2242 260 2280 suis
277 2247 452 2293 promittit,
482 2243 513 2280 se
530 2244 723 2286 doeturmn,
751 2259 814 2295 qua
829 2250 956 2283 ratione
969 2244 1223 2295 compescantur
1239 2247 1324 2280 venti
1341 2256 1372 2280 et
1386 2248 1574 2287 incitentur,
1604 2243 1752 2281 serenitas
1774 2258 1847 2280 coc-

98 2297 121 2332 li
137 2312 155 2333 a
176 2297 366 2347 tempestate
384 2308 415 2333 et
431 2298 586 2333 imbribus
603 2297 787 2341 reducatur,
811 2310 864 2334 3111
881 2299 1088 2347 tempestates
1112 2310 1283 2335 mutentur
1307 2300 1337 2333 in
1367 2295 1592 2338 serenitatem,
1624 2309 1679 2334 aut
1698 2301 1731 2333 in
1748 2302 1848 2333 vitam

98 2362 296 2386 reuocentur
311 2348 475 2386 defuncti:
504 2350 712 2399 postremum
728 2354 872 2387 omnino
891 2355 1028 2401 pertinet
1042 2351 1080 2387 ad
1099 2362 1202 2387 artem
1220 2348 1404 2393 medicam,
1439 2355 1528 2387 cuius
1554 2351 1717 2387 beneficio
1742 2352 1864 2386 homi--

99 2414 167 2445 nes,
195 2406 250 2453 qui
267 2406 392 2440 mortui
410 2403 602 2439 videbantur
619 2404 700 2447 aliis,
730 2418 763 2440 re
782 2416 892 2439 autem
913 2402 978 2454 ipsa
995 2406 1140 2440 animam
1164 2403 1317 2440 nondum
1335 2403 1498 2452 efflatam,
1527 2406 1611 2440 vitae
1633 2405 1848 2440 restituantur.

100 2455 139 2492 sd
156 2458 265 2505 igitur,
279 2468 312 2493 vt
330 2458 427 2492 nimis
447 2459 573 2504 tropice
595 2468 626 2492 et
645 2458 814 2500 iacianter,
831 2468 884 2492 aut
905 2456 1086 2493 secuudum
1102 2460 1266 2494 rationem
1295 2456 1455 2507 loquendi
1471 2470 1540 2493 tum
1560 2462 1719 2508 temporis
1740 2456 1849 2506 vulga-

100 2519 169 2544 rem
188 2519 219 2545 et
234 2511 421 2557 mythicam
448 2508 574 2547 dictum
590 2508 654 2546 est:
677 2513 720 2546 ita
737 2512 837 2547 etiam
854 2512 979 2561 reliqua
1001 2509 1045 2546 sic
1071 2509 1283 2558 intelligenda
1298 2509 1465 2555 videntur,
1491 2521 1522 2547 vt
1544 2510 1608 2548 illis
1630 2508 1850 2561 philosophus

142 2568 210 2602 Vei.
222 2569 256 2604 Ι.
1032 2566 1062 2600 Κ
1078 2565 1099 2600 k
1125 2565 1147 2600 k
1161 2565 1182 2600 1<
1195 2564 1217 2600 k
1728 2563 1851 2598 indica-
