2183 2747
86 137 379 173 Vol.1.p.³‘>9P³0⁸
704 137 770 175 ET
798 137 856 174 GR
866 137 987 175 AECO
1021 138 1238 176 LATINAE.
1461 144 1528 177 Lib.
1552 146 1598 180 ll.
1615 157 1678 191 aff.

1783 163 1842 195 433

190 235 318 271 Iliados
341 232 449 286 thaps.
477 236 502 272 1.
536 238 615 271 item
635 235 849 284 Pythagorae
875 248 971 272 aurea
1001 238 1148 272 carmina
1179 247 1210 273 et
1238 237 1456 273 Anacreon-tis
1494 239 1566 275 Teii
1588 240 1765 281 selectiora.
1787 259 1837 296 gr,

84 286 228 326 Hafniae
243 286 266 324 s.
286 304 315 325 a·
331 300 364 333 8.

187 342 315 378 Iliados
330 338 434 390 thaps.
449 341 474 377 1.
494 352 544 389 gr.
560 350 590 376 et
608 339 662 377 lut.
679 353 780 390 opera
800 342 824 376 I.
841 340 885 376 G.
903 341 1044 389 Hageri.
1064 339 1209 378 Hafniae
1227 355 1314 389 1739.
1337 350 1367 384 8.

186 393 312 430 Eadem
329 407 378 444 gr.
393 404 424 430 et
436 392 492 430 lat.
509 407 567 442 per
583 395 799 430 anentium
813 395 899 430 Salil.
919 395 993 430 ibid.
1024 401 1117 438 1783.
1140 403 1170 436 8.

188 449 288 484 Iliad.
305 449 359 484 lib.
379 448 482 483 XXII.
500 460 578 482 cum
596 445 728 482 scholiis
745 446 873 482 vetustis
893 448 1068 496 Porphyrii
1086 459 1117 483 et
1137 449 1280 484 aliorum
1294 462 1378 498 quae
1395 471 1449 476 --
1465 451 1634 501 euulgauit
1648 454 1733 490 Lud.
1746 457 1839 505 Caspi.

87 499 296 538 Valckcuaer.
314 498 518 537 Leouardiae
534 512 624 546 1747.
651 509 683 543 8.
710 499 840 540 (adnex.
855 498 961 535 x'rtlni
974 500 1117 550 Virgilio
1136 500 1316 538 collatione
1333 501 1534 551 scriptorum
1549 519 1747 555 graecorum
1768 509 1840 546 illu-

85 550 218 602 ssrato.)
271 556 324 590 De
342 553 395 590 illa
411 564 442 588 et
465 552 535 589 aliis
556 553 647 590 editt.
665 566 741 589 cum
761 551 892 588 scholiis
908 565 958 601 gr.
979 550 1073 602 supra
1094 556 1158 589 iam
1173 557 1302 604 egimus
1321 555 1360 591 ad
1379 557 1410 604 §.
1430 558 1517 593 Xlll.
1535 570 1566 593 et
1584 561 1670 596 XVI.

192 606 347 656 Odyffcae
362 607 418 642 lib.
438 608 462 642 1.
479 617 510 642 et
528 607 567 642 ΙΙ.
582 620 633 656 gr.
663 620 741 642 cum
768 607 921 642 Politiani
948 605 988 641 de
1010 608 1168 642 Homero
1191 606 1426 646 diflertatione.
1450 609 1592 647 Basileae
1618 612 1704 661 apud
1734 614 1838 653 Andr.

84 659 363 705 Cratandr,1520.
387 673 417 703 4.
446 658 606 696 Rolloch.
630 657 835 705 Myliander.
861 671 945 702 1505.
963 671 993 703 4.
1020 680 1074 686 —-
1097 659 1170 696 libr.
1195 663 1218 697 1.
1239 674 1289 710 gr.
1313 675 1391 698 cum
1414 662 1564 710 versione
1586 665 1784 704 interlineari
1810 679 1842 705 ot

82 725 208 750 vocum
225 713 459 762 explicatione.
485 709 580 750 Paris.
598 712 682 761 apud
703 715 754 756 Jo.
773 712 892 748 Libert.
912 715 1002 755 1642.
1025 720 1057 754 8.

188 765 303 814 (jdgff.
319 768 395 802 libri
409 772 476 800 tres
485 768 628 811 priores,
655 779 703 815 gr.
722 768 826 801 Lutet.
846 765 930 814 apud
952 764 1027 801 Fed.
1050 764 1174 802 Motel.
1193 773 1284 813 1584.
1305 779 1334 811 4.
1358 767 1442 814 (vid.
1464 770 1639 806 Maittaire
1662 775 1700 809 A.
1718 774 1765 809 T.
1784 775 1840 810 111.

84 831 116 868 p.
134 820 231 865 790.)
257 822 329 854 libr.
348 820 404 853 111.
423 832 498 853 cum
517 821 699 868 prooemio
718 820 842 854 matth.
864 818 1022 866 Drejffiri.
1041 817 1166 867 Lipsiae
1192 823 1276 854 1622.
1295 827 1326 861 8.

190 870 345 919 ().{qſj'cae
363 872 438 905 silv-i
459 871 507 906 V.
521 870 671 917 pi·i0rer‚'
690 885 738 921 gr.
756 869 842 920 apud
858 870 1004 907 Christo.
1022 871 1177 907 VVechel.
1194 869 1288 907 Paris.
1303 875 1385 917 1536.
1404 879 1435 916 8.
1462 873 1538 910 libri
1554 877 1592 911 X.
1608 890 1658 926 gr.
1676 877 1841 926 ibid.1558.

188 925 437 966 Particularum.
466 937 547 972 quae
563 927 596 958 in
615 924 889 960 Chrestomathiis
906 923 1043 972 aliisque
1060 924 1089 960 id
1104 938 1208 973 genus
1225 922 1391 972 opusculis
1411 924 1484 962 sunt
1502 940 1661 977 receptae,
1690 944 1842 968 comme—

83 980 230 1012 moratio
250 976 337 1012 haud
352 975 527 1012 necess'aria
544 973 606 1012 effe
625 974 763 1013 vidFtur.
804 975 973 1027 Qasdam
990 979 1366 1014 enumerauitFabricius
1379 982 1412 1014 in
1428 979 1704 1018 vol.Xlll.nossri
1721 988 1841 1034 operis.

82 1029 182 1065 Harl.

185 1032 459 1118 ]Commentarios
477 1083 557 1117 item
574 1079 722 1117 adfectos
739 1092 772 1117 et
784 1080 972 1130 deperditos
989 1084 1211 1118 recentiorum
1233 1085 1265 1117 in
1284 1083 1479 1119 Homerum
1491 1113 1501 1127 ‚
1525 1095 1558 1122 vt
1582 1087 1714 1123 Claudii
1732 1089 1846 1126 Belur.

80 1136 167 1184 gerii
187 1134 286 1175 Galli,
310 1136 365 1183 qui
383 1146 515 1184 graecas
533 1134 640 1170 literas
658 1132 780 1170 t'arii'iis
801 1134 926 1178 docuit⁷
955 1146 985 1171 et
1001 1135 1078 1170 teile
1093 1137 1124 1170 in
1146 1137 1365 1172 Pinacothcca
1384 1139 1489 1184 prima
1506 1151 1534 1187 p.
1557 1144 1627 1175 216.
1654 1143 1734 1177 Iano
1745 1143 1844 1179 Nicio

83 1191 281 1234 Erythraeo,
307 1185 391 1223 ‘adeo
407 1189 437 1222 in
454 1185 577 1223 deliciis
593 1187 705 1222 habuit
722 1189 928 1233 Homerum,
956 1199 989 1223 vt
1005 1202 1065 1223 nee
1082 1186 1143 1220 Μ’)
1172 1190 1203 1222 in
1223 1188 1350 1237 templo
1368 1188 1568 1237 depOssCsetn
1604 1191 1655 1228 sed
1684 1196 1715 1228 ¹'1¹
1740 1199 1843 1231 mani-

85 1241 158 1288 bus,
186 1246 219 1276 in
241 1240 359 1281 oculis,
387 1243 420 1275 in
436 1242 548 1275 animo
566 1237 695 1289 semper
713 1238 825 1283 ferret,
854 1251 884 1275 et
906 1238 1066 1276 saci-arum
1090 1254 1226 1289 precum
1247 1240 1325 1276 loco
1344 1244 1507 1284 recitaret,
1536 1244 1683 1293 obiitque
1703 1248 1845 1284 Alexan.

87 1293 177 1330 driae
192 1297 224 1329 in
243 1296 369 1336 itinere,
396 1292 486 1342 quod
506 1291 620 1328 insano
637 1296 671 1328 ir.
694 1295 828 1328 l'oetam
846 1307 962 1329 amore
991 1295 1290 1342 quinquagenarius
1315 1292 1510 1343 susceperat,
1544 1295 1667 1333 visurus
1690 1312 1844 1348 campos,

88 1348 141 1383 vbi
156 1349 266 1383 Troia
283 1344 346 1381 fuit
361 1356 459 1395 atque
474 1349 590 1381 omnia
606 1347 702 1388 loca,
729 1359 875 1395 quorum
894 1347 1068 1382 Homerus
1088 1349 1252 1382 meminit.
1309 1349 1479 1383 Praetereo
1502 1348 1646 1399 denique
1669 1352 1843 1400 promissas

89 1402 234 1436 Homeri
251 1399 425 1446 editiones,
451 1409 485 1434 vt
501 1399 656 1434 Iohannis
671 1400 811 1446 Georgii
829 1400 980 1445 Gramii,
1007 1413 1108 1448 quem
1125 1399 1199 1448 post
1218 1399 1413 1435 illusit-arum
1431 1416 1448 1436 a
1474 1399 1505 1437 se
1529 1402 1716 1439 Hesiodum
1743 1409 1845 1442 etiam

87 1456 281 1490 Homerum
298 1451 393 1488 edere
409 1450 618 1495 constituiffe‚
646 1450 747 1488 discas
769 1465 808 1487 ex
828 1453 878 1486 Bo
892 1455 914 1487 zi
928 1451 1083 1500 Epiilolis
1102 1453 1141 1487 ad
1158 1451 1350 1488 Reinessum
1368 1467 1399 1502 p.
1420 1457 1488 1497 363.
1551 1458 1614 1491 Cui
1637 1455 1718 1492 adde
1741 1462 1846 1495 Com-

88 1508 282 1546 mentarios.
305 1504 360 1551 [if]
390 1518 474 1553 qnos
492 1503 617 1540 Eruditi
635 1506 810 1553 expec'lant
824 1520 842 1540 a
863 1505 1002 1539 Iohanne
1019 1506 1191 1551 Ritdolplzo
1213 1505 1405 1552 Weissenio,
1433 1521 1450 1542 a
1467 1508 1610 1544 Iohanne
1630 1511 1746 1547 Iacobo
1764 1512 1845 1546 Bat-

90 1562 181 1599 tcrio,
209 1558 250 1594 de
266 1570 413 1607 quorum
433 1558 602 1593 conatibus
620 1557 695 1593 vide
710 1557 947 1607 Ephemerides
972 1555 1200 1594 Berolinenses
1218 1560 1387 1594 Chauuini
1404 1573 1457 1596 an.
1479 1563 1573 1605 1697.
1590 1575 1626 1610 p.
1645 1570 1700 1608 98.

129 1636 242 1668 Verfion.
347 1628 420 1662 XX.
453 1626 515 1662 Sed
533 1626 573 1662 de
590 1629 748 1662 Homero
767 1629 799 1662 in
816 1626 892 1662 alias
910 1627 1040 1676 linguas
1060 1627 1259 1662 Vernaculas
1283 1626 1438 1662 translato
1470 1632 1580 1676 paucis
1606 1629 1713 1666 adhuc
1739 1629 1846 1667 dicere

32 1674 34 1676 ¹
86 1677 238 1701 ‘'imm“-
285 1677 453 1728 reliquum
472 1678 528 1716 est.
585 1681 673 1715 Nam
691 1690 721 1715 et
739 1681 860 1726 Perfice
879 1677 1008 1715 versum
1027 1679 1160 1716 tessatur
1176 1681 1335 1715 Aelianus
1349 1680 1402 1715 lib.
1424 1682 1496 1716 XII.
1512 1682 1589 1717 Var.
1608 1681 1681 1718 hist.
1700 1697 1770 1732 cap.
1790 1691 1845 1728 48.

85 1746 152 1781 qua
166 1731 278 1776 lingua
294 1731 403 1768 adhuc
423 1732 545 1768 exstare
561 1735 646 1781 typis
665 1730 852 1782 expressum
870 1742 963 1768 notat
976 1732 1130 1769 Lahbens
1144 1747 1176 1782 p.
1188 1745 1256 1779 257.
1277 1732 1355 1768 Bibl.
1367 1746 1445 1768 nov.
1460 1735 1557 1769 MSS.
1596 1737 1761 1783 Syriacam
1778 1750 1847 1772 ver-

84 1783 214 1820 sionem
230 1799 247 1819 a
273 1786 460 1832 Theophra),
488 1784 694 1821 Astronomo
710 1784 858 1821 Rohensi
872 1783 938 1821 siue
952 1783 1113 1822 Edesseno
1131 1784 1323 1822 adornatam
1348 1798 1513 1821 memorat
1531 1787 1796 1837 Abulpharagius
1813 1791 1847 1825 in

86 1837 160 1874 hist.
178 1836 366 1882 Dynassiar.
383 1838 615 1874 edir.'}²ocock.
642 1852 675 1888 p.
693 1842 746 1875 26.
765 1851 822 1882 40.
840 1837 912 1880 228.
930 1849 961 1874 et
980 1846 1047 1883 148.
1060 1840 1187 1876 Fabi-ic.
1243 1839 1463 1884 [Tz'zcopliiliis
1477 1838 1529 1874 ille
1547 1839 1757 1889 Astrologus,
1772 1844 1847 1877 Ma·

86 1892 207 1930 sonita,
237 1892 292 1938 qui
313 1891 393 1926 obiit
412 1904 500 1926 anno
518 1894 662 1939 Hegirae
680 1895 750 1937 169.
771 1895 855 1926 circa
873 1906 924 1927 an.
943 1890 1060 1927 Christi
1084 1900 1156 1937 785.
1193 1893 1232 1926 ab
1256 1891 1505 1940 Abulpharagio
1527 1891 1642 1928 dicitur
1668 1895 1751 1929 cluos
1771 1896 1846 1929 Ho-

87 1946 172 1980 meri
190 1944 289 1978 libros
306 1942 345 1977 de
360 1942 495 1978 excidio
513 1946 596 1978 vrbis
616 1945 664 1979 Ilii
682 1958 700 1979 e
719 1947 832 1992 'lingua
846 1957 960 1993 graeca
977 1945 1009 1978 in
1034 1945 1203 1989 Syriacam
1229 1942 1463 1990 elegantissime
1488 1943 1693 1982 transtulisse.
1748 1946 1846 1983 Vnde

92 1997 249 2032 Tuderini
266 1998 299 2030 in
325 1997 537 2030 [atteratur-a
559 1996 748 2043 Turchesca,
777 1999 894 2032 Venct.
912 2004 1006 2041 1787.
1025 2007 1109 2034 tom.
1129 1999 1151 2033 Ι.
1172 2010 1240 2046 cap.
1258 1999 1329 2033 XV.
1346 2010 1378 2045 p.
1396 2009 1473 2032 220.
1489 1996 1573 2033 duos
1598 1997 1707 2034 Iliadis
1728 1998 1845 2036 dunta-

88 2059 144 2086 xat
161 2049 262 2085 libros
283 2045 346 2084 esse
364 2046 555 2090 conuersos,
581 2048 762 2084 existimat:
791 2051 818 2084 E
839 2052 1006 2086 contrario
1023 2050 1196 2098 Villfiison.
1213 2053 1245 2085 in
1268 2048 1460 2098 Prolegom.
1485 2051 1629 2086 Homer.
1655 2065 1685 2100 p.
1700 2064 1748 2096 43.
1773 2063 1845 2089 not.

87 2100 192 2142 sentit,
222 2102 503 2151 Abulpharagium
523 2099 714 2137 intellexiffe
725 2101 862 2137 Iliadem
882 2113 980 2151 atque
993 2100 1187 2147 odysseam.
1241 2103 1333 2137 Haec
1345 2100 1450 2137 versio
1469 2104 1601 2146 Syriaca
1616 2103 1690 2140 ideo
1709 2118 1847 2155 quoque

90 2153 236 2191 notanda
249 2153 306 2197 esi,
334 2155 445 2203 quod,
480 2153 678 2190 adfirmante
709 2154 913 2191 Ecchellensi
938 2157 972 2190 in
996 2158 1075 2191 Not.
1101 2155 1140 2190 ad
1167 2154 1368 2202 Catalogum
1397 2153 1580 2202 Hebedjesu
1603 2170 1634 2204 p.
1653 2166 1722 2199 ¹80·
1750 2169 1782 2194 et
1804 2172 1845 2193 ex

91 2210 253 2256 opinione
268 2210 494 2243 recentiorum
510 2209 675 2251 Syrorum
690 2211 880 2247 communi,
905 2209 1123 2256 Theophilus
1140 2207 1195 2243 illc
1211 2206 1329 2241 dicitur
1348 2209 1496 2256 quinque
1513 2209 1683 2245 vocalium
1700 2212 1847 2255 Syriaca·

92 2273 169 2296 rum
186 2260 308 2308 figuras
323 2259 361 2295 ad
383 2257 634 2295 similitudinem
656 2273 849 2309 graecarum
867 2257 1068 2307 efformass'e,
1097 2271 1130 2295 vt
1145 2259 1315 2307 ambiguas
1332 2272 1444 2302 voceS,
1467 2274 1503 2296 ac
1523 2259 1709 2309 praesertim
1736 2268 1846 2299 nomi.

89 2327 132 2349 na
149 2316 396 2362 patronymica7
421 2326 505 2363 quae
521 2311 640 2349 iisdem
658 2313 829 2350 elementis
845 2312 932 2363 apud
950 2316 1053 2359 Syros
1069 2311 1272 2354 scribuntur,
1299 2315 1423 2362 graecis
1438 2314 1606 2351 vocabulis
1622 2313 1845 2366 distingueret.

1780 2368 1846 2406 vid.

135 2442 206 2478 bbb)
223 2442 380 2482 Vignolius
391 2442 560 2474 Marvillius
570 2441 740 2484 personatus
763 2443 887 2485 scriptor
902 2445 945 2474 T.
1000 2442 1145 2484 etjusqu’
1159 2452 1199 2473 ciu
1215 2443 1289 2489 pieri
1303 2442 1456 2475 d'autels:
1480 2444 1512 2475 Il
1535 2455 1572 2475 ne
1588 2445 1698 2477 croioit
1718 2457 1777 2486 pas
1800 2451 1850 2489 qii'

91 2490 114 2519 1.
147 2487 307 2518 Miscellan.
331 2499 359 2528 p.
381 2497 441 2517 221.
462 2486 507 2518 Cl.
528 2487 734 2527 Belurgerius
756 2485 830 2518 (ituit
843 2488 870 2530 fi
886 2487 946 2529 sou
1001 2497 1102 2518 aucun
1117 2491 1208 2517 autre
1222 2489 1358 2519 ccri'vain
1373 2490 1503 2520 meritnt
1522 2488 1624 2520 α’·ἔίνε
1643 2490 1673 2521 lu
1687 2488 1770 2532 rison
1783 2488 1850 2532 prb.

48 2566 51 2567 ⁷
91 2530 119 2562 cf
129 2532 275 2568 Hamae,
297 2531 379 2573 qu‘it
393 2532 509 2564 l’avoit
518 2529 662 2573 majam-s
675 2534 762 2563 entre
775 2533 817 2564 les
832 2533 947 2569 mains,
992 2531 1110 2572 judice.
1700 2542 1711 2548 κ

145 2583 261 2635 1701ζῖ.
1067 2577 1082 2610 1
1096 2577 1106 2610 i
1115 2577 1126 2610 i
