2183 2747
732 108 922 149 HEsxoDI
955 111 984 147 C
986 109 1161 148 omcES.
1455 112 1526 149 Lib.
1540 113 1585 153 II.
1601 125 1622 152 c.
1634 122 1664 155 ε.
1767 127 1825 163 595

119 218 319 248 adimenda·-
395 207 497 257 [xlx.
528 206 630 259 Qod
644 205 740 258 supra
756 208 930 260 aliquoties
947 207 1076 245 codices
1091 209 1250 252 MSStos‚
1279 210 1313 244 in
1329 207 1446 259 quibus
1469 209 1522 246 vel
1545 211 1750 248 coniuncstim
1771 211 1824 250 vel

79 259 172 289 tiones.
343 259 519 313 separatim
535 272 664 298 exarata
682 259 756 298 sunt
771 265 918 298 carmina
937 260 1121 304 Hesiodea,
1150 265 1216 297 iam
1236 265 1368 305 notaui,
1396 277 1520 312 paucos
1536 263 1646 300 adhuc
1663 266 1745 299 inihi
1764 277 1823 300 no-

80 327 131 353 tos
153 315 318 353 adiiciam.
391 316 430 350 In
454 314 604 351 biblioth.
623 312 829 361 Guelferbyt.
854 329 871 350 e
895 314 1092 351 bibliotheca
1114 314 1266 350 Gudiana
1289 317 1378 350 venit
1404 316 1517 351 Procli
1539 317 1698 353 Diaduclu'
1722 320 1825 352 Com-

80 380 185 406 ment.
212 372 247 405 in
268 366 406 405 Hesiodi
428 369 469 404 O.
491 379 522 404 et
547 369 588 404 D.
623 367 688 406 vid.
715 367 757 404 cl.
775 368 883 403 Schicr
906 380 1021 417 progr.
1043 366 1084 402 de
1099 366 1268 404 codicibus
1289 368 1459 403 nonnullis
1474 381 1524 418 gr.
1540 370 1638 406 MSS.
1658 371 1692 404 in
1710 370 1824 405 biblio.

80 421 520 472 theca-Guelpherbytana,
553 419 739 457 Helmssad.
759 432 841 466 1755.
858 433 935 470 pag.
953 433 998 458 12.
1049 419 1253 457 Bibliotheca
1276 419 1464 456 academica
1483 422 1695 473 Erlangetfis·
1718 419 1824 459 seruat

80 474 156 512 cod.
171 478 205 511 in
223 476 334 511 charta
351 473 514 523 laeuigata
531 471 690 524 scriptum
710 487 855 523 eumque
874 475 1092 510 recentiorem
1116 475 1152 509 in
1176 485 1207 518 4.
1231 475 1266 508 in
1291 476 1382 509 cuius
1404 471 1516 510 fronte
1537 474 1732 511 adnotatum
1761 476 1822 512 cst:

79 529 134 572 „E
147 527 343 564 bibliotheca
357 526 517 563 Ludouici
533 529 734 569 Camerarii,
761 529 817 576 qui
835 529 924 562 hunc
941 524 1092 562 codicem
1113 524 1207 562 dono
1228 536 1398 577 acceperat
1421 541 1438 561 a
1458 530 1643 577 patriarcha
1662 528 1823 565 Constan-

79 581 323 631 tinopolitano,
351 579 484 626 Cyrillo
498 581 654 616 Lucari.“
708 581 867 615 Continet
889 579 999 625 Opera
1015 586 1045 615 et
1061 579 1154 618 Dies.
1195 599 1249 606 --
1294 581 1333 615 ln
1355 579 1552 616 bibliotheca
1572 581 1722 616 Bmlau.
1746 580 1823 618 teste

54 660 59 663 .
79 634 242 677 Kranzio,
274 637 310 669 in
329 633 521 669 Memorab.
546 633 694 669 biblioth.
718 629 895 668 Elisabeth.
918 629 1195 668 Wratislauienfis
1219 643 1296 681 pag.
1314 639 1370 674 88.
1400 653 1453 661 —
1482 634 1521 668 In
1535 632 1686 671 Biblioth.
1703 635 1822 672 Norib.

80 684 157 723 eod.
180 700 207 722 a.
227 694 319 734 1589.
343 696 402 722 etc.
423 683 579 735 scriptus,
613 683 678 722 vid.
700 685 739 720 de
755 686 862 720 Murr
885 687 918 720 in
939 684 1154 721 Memorabil.
1181 683 1330 721 biblioth.
1347 685 1464 721 Norib.
1483 687 1507 720 Ι.
1531 699 1608 737 pag.
1626 700 1678 734 50.
1703 706 1757 715 ——-·
1785 689 1825 724 In

80 738 278 775 bibliotheca
296 738 470 781 Gothum,
503 738 582 775 teste
603 740 776 788 Cypriano
801 740 834 773 in
857 737 1012 786 catalogo
1033 736 1132 773 codd.
1155 737 1254 773 MSS.
1276 737 1424 774 biblioth.
1439 739 1616 776 Gothanae
1638 739 1711 778 cod.
1736 753 1754 776 a
1776 741 1823 778 Io.

79 790 228 828 Cretensi
243 788 422 841 descriptus
436 793 594 833 Venetiis,
621 798 711 835 ¹48²·
737 793 884 826 continet
901 793 925 824 is
945 790 1055 836 Opera
1066 796 1097 825 et
1114 790 1207 826 Dies.
1240 810 1293 817 —
1329 792 1367 826 111
1388 789 1536 827 biblioth.
1553 793 1757 843 Scorialenst,
1780 803 1825 829 te-

80 843 126 881 ste
136 844 242 879 Plic'cr
259 847 309 880 in:
335 840 453 879 Reisen
465 842 573 879 durch
587 844 731 892 Spanien
745 857 777 892 p.
797 855 865 887 172.
885 853 916 879 et
926 843 1088 877 Eduardo
1099 842 1292 880 Clarkioin:
1306 840 1437 880 Briefen
1450 857 1518 880 von
1532 843 1610 881 dem
1625 851 1824 896 gegenwar-

80 900 172 946 tigen
188 895 349 932 Zustande
365 895 421 932 des
436 897 653 945 Konigreiehs
670 897 831 945 Spanien,
861 909 900 931 ex
915 897 1050 944 interpr.
1072 898 1237 932 teutonica
1253 897 1301 931 Io.
1316 897 1362 931 T.
1381 895 1536 932 Koehleri
1551 911 1626 948 pag.
1643 911 1715 945 405.
1739 898 1824 936 adde

79 948 218 985 Eccardi
234 947 426 985 Uebersscht
453 969 506 975 -·
530 969 583 976 —-
605 946 674 984 und
693 947 889 997 Grundlage
906 961 966 983 zur
991 945 1184 984 Geschichte
1204 947 1263 984 der
1286 948 1514 985 Bibliotheken
1533 964 1565 1000 p.
1581 954 1637 997 96.
1690 952 1826 1001 Hestodi

84 1001 196 1049 Opera
212 1007 242 1036 ct
257 1002 323 1037 dies
339 1014 417 1037 cum
434 997 564 1037 scholiis
580 1001 688 1037 Procli
705 1001 863 1037 Platonici
882 999 1058 1036 Diadochi.
1112 1002 1196 1036 Item
1211 1000 1408 1050 Theologia
1422 1002 1665 1052 (Theogonia)
1678 1013 1712 1040 et
1729 1001 1824 1056 Aspis

78 1054 253 1103 (scutum)
274 1068 353 1090 cum
378 1051 520 1090 scholiis.
548 1074 599 1082 —
625 1056 664 1090 In
682 1054 901 1100 Montfaucon
922 1053 1118 1090 bibliotheca
1137 1052 1338 1090 Coisliniana
1359 1068 1393 1104 p.
1410 1056 1482 1091 226.
1504 1057 1699 1093 nominatur
1719 1057 1826 1096 codex

81 1120 194 1143 recens
211 1110 277 1154 165.
305 1110 360 1157 qui
379 1104 441 1144 fol.
458 1114 528 1152 285.
548 1109 696 1142 continet
711 1107 790 1155 Hff
808 1106 851 1142 Ο.
867 1113 897 1141 et
912 1107 960 1143 D.
975 1120 1055 1142 cum
1072 1109 1339 1149 commentariis,
1366 1117 1397 1143 et
1422 1109 1456 1142 in
1480 1106 1554 1144 cod.
1571 1120 1638 1155 345.
1665 1106 1728 1145 fol.
1745 1121 1822 1156 290.

81 1161 131 1210 (p.
147 1161 232 1204 502.)
249 1159 404 1210 leguntur
417 1157 530 1211 λέξεις
542 1173 582 1195 ex
599 1158 767 1196 Hesiodo:
795 1156 886 1195 conf.
904 1158 994 1196 Plzi'l.
1011 1159 1130 1194 Lahbei
1145 1173 1273 1195 nouam
1289 1159 1521 1196 bibliothecam
1535 1162 1632 1196 MSS.
1648 1161 1824 1208 librorum,

82 1209 178 1248 l'aris.
199 1214 281 1258 1653.
300 1225 376 1262 pag.
393 1226 458 1259 105.
485 1233 536 1239 —
563 1212 617 1248 Est
635 1225 769 1263 quoquc
785 1212 966 1263 Hesiodus,
993 1221 1092 1262 mspt.
1112 1213 1146 1247 in
1160 1212 1357 1248 bibliotheca
1374 1212 1628 1265 thebergevfi
1653 1234 1705 1241 --
1729 1218 1764 1251 in
1780 1216 1824 1251 bi-

83 1264 246 1300 bliotheca
262 1264 429 1301 elediorali
448 1265 572 1301 Bauar.
587 1267 725 1302 Monac.
766 1285 819 1292 —-
853 1267 888 1300 in
909 1263 1058 1301 biblioth.
1082 1266 1408 1308 Dominicanorum,
1437 1266 1584 1303 Flormt.
1607 1266 1685 1303 teste
1709 1268 1828 1305 Mont-

81 1314 207 1353 faucon
223 1331 256 1367 p.
275 1329 336 1365 419
353 1314 398 1367 sq.
427 1320 506 1353 item
529 1317 570 1353 V
567 1320 707 1368 eromtfi
712 1346 721 1357 ,
747 1318 896 1353 Romana
909 1327 978 1353 tam
994 1320 1164 1359 Vaticana.
1189 1331 1290 1368 quam
1307 1332 1391 1367 quae
1407 1317 1491 1354 olim
1509 1318 1691 1356 Chrissinae
1706 1322 1826 1358 Succo-

82 1382 160 1406 rum
181 1373 314 1419 reginae
337 1367 464 1413 fuerat,
497 1369 574 1406 teste
593 1367 834 1408 Montfaucon.
858 1390 912 1397 —-
936 1371 975 1405 In
990 1370 1145 1407 Biblioth.
1160 1372 1362 1407 Mazzarini
1387 1367 1485 1407 Paris.
1512 1379 1538 1411 1)
1555 1372 1679 1408 Omnia
1698 1374 1826 1423 Htssodu‘

83 1425 208 1473 Opera.
260 1425 294 1468 2)
311 1423 423 1458 Procli
438 1425 669 1460 Commentar.
696 1443 749 1451 —
776 1425 814 1459 In
834 1423 981 1460 biblioth.
995 1423 1182 1473 Taurinensi
1194 1425 1224 1467 1)
1239 1423 1321 1471 Hes.
1340 1426 1450 1473 Opera
1465 1437 1543 1459 cum
1559 1421 1702 1468 scholiis⁷
1728 1427 1763 1472 2)
1781 1427 1823 1465 O.

83 1486 115 1511 et
128 1477 171 1511 D.
207 1476 240 1520 3)
256 1477 367 1526 Opera
390 1490 468 1511 cum
491 1490 618 1512 comm.
637 1477 785 1512 Tzetzae
808 1486 840 1512 et
863 1478 978 1512 Ioann.
996 1474 1262 1525 Protospatharii.
1291 1497 1344 1502 —-
1376 1477 1414 1511 In
1437 1476 1510 1512 bibl.
1530 1475 1575 1512 du
1594 1478 1637 1513 St.
1653 1480 1824 1523 Germain,

83 1525 180 1565 Paris.
202 1525 274 1563 sunt
297 1527 366 1564 duo
390 1527 485 1564 codd.
514 1527 578 1564 vid.
597 1529 703 1567 Lami.
722 1543 754 1579 p.
771 1540 820 1573 41.
856 1549 905 1556 —
942 1529 980 1564 In
1005 1531 1067 1566 lac.
1086 1530 1236 1575 Philippi
1257 1529 1436 1578 Thomastni
1462 1529 1663 1566 bibliothecis
1690 1531 1731 1567 V
1728 1534 1825 1566 enctis

82 1581 182 1617 MSS.
201 1583 302 1624 Vtini,
320 1585 408 1627 1650.
425 1593 457 1625 4.
475 1583 508 1616 in
524 1581 601 1618 bibl.
620 1582 652 1618 S.
673 1584 832 1628 Antonii,
858 1581 941 1631 plut.
962 1590 1009 1624 18.
1025 1596 1056 1631 p.
1076 1594 1121 1627 17.
1156 1581 1289 1628 Ηᾳβοιίὶ
1304 1583 1424 1631 Opera.
1439 1593 1472 1625 4.
1489 1580 1562 1620 cod.
1578 1584 1680 1618 chart.
1695 1586 1728 1620 in
1746 1583 1824 1620 bibl.

84 1633 138 1669 SS.
155 1635 286 1669 Ioannis
305 1644 336 1669 et
353 1634 466 1677 Pauli,
492 1634 573 1684 plut.
593 1649 612 1669 1.
629 1647 706 1684 pag.
724 1647 777 1670 20.
812 1633 947 1681 Hefiodi
962 1636 1074 1683 Opera
1092 1648 1171 1670 cum
1186 1631 1378 1678 scholiasse,
1402 1636 1562 1684 variisque
1577 1634 1772 1672 lediionibus
1793 1647 1826 1675 et

0 1642 4 1775 h
83 1686 171 1723 notis
195 1683 258 1722 sol.
281 1687 422 1726 membr,
455 1707 506 1714 -
533 1690 618 1723 inter
638 1685 734 1723 codd.
752 1685 935 1726 Cardinalis
953 1684 1166 1729 Bess'arionis,
1189 1700 1268 1738 pag.
1283 1699 1338 1731 40.
1354 1686 1435 1737 plut.
1451 1694 1497 1728 18.
1522 1687 1601 1734 Hes:
1620 1689 1731 1738 Opera
1747 1702 1827 1728 curn

2 1778 5 1787 .
86 1749 301 1779 commento,
329 1740 470 1774 membr.
496 1760 546 1766 —
573 1742 612 1774 In
631 1740 708 1776 bibl.
724 1740 912 1775 Bai-ocima
923 1754 959 1790 p.
979 1748 1024 1782 81·
1060 1740 1247 1788 Theogonia
1260 1739 1340 1788 Hes.
1359 1753 1436 1775 cum
1460 1737 1589 1776 scholiis
1605 1744 1763 1791 antiquis,
1789 1745 1826 1780 in

3 1792 7 1847 *ι
86 1801 118 1833 4.
135 1792 170 1824 in
184 1790 260 1825 bibl.
277 1789 420 1826 Federici
437 1792 569 1836 Ceruti,
596 1807 628 1841 p.
644 1800 702 1839 98.
731 1793 862 1842 Hefiodi
879 1791 1053 1842 quaedam.
1080 1813 1133 1820 ·—
1158 1794 1196 1828 In
1214 1791 1372 1840 Catalogo
1394 1792 1549 1827 librorum
1567 1793 1662 1828 MSS.
1681 1794 1826 1843 Angliae

5 1852 7 1870 ¹
87 1848 119 1876 et
134 1842 328 1883 ffibcrniae,
357 1844 467 1879 Oxou.
488 1846 577 1889 1697.
595 1855 678 1880 tom.
694 1846 719 1880 Ι.
738 1847 772 1880 in
786 1844 860 1880 bibl.
876 1844 1056 1881 Bodleiana
1073 1847 1156 1881 inter
1170 1843 1267 1881 codd.
1283 1846 1417 1883 Barocc.
1441 1858 1489 1879 nr.
1506 1847 1562 1888 46.
1588 1859 1621 1894 p.
1638 1859 1665 1891 5.
1695 1846 1824 1897 Hestodi

7 1908 9 1943 q
87 1895 199 1943 Opera
215 1903 246 1929 et
261 1895 339 1928 Dies
353 1907 431 1929 cum
450 1891 590 1937 scholiis,
617 1895 732 1931 iisdem
750 1894 820 1932 fere
836 1910 914 1932 cum
930 1897 1092 1947 vulgatis,
1118 1908 1149 1933 at
1163 1895 1326 1940 confusis,
1353 1908 1384 1932 et
1406 1895 1522 1932 ordine
1543 1895 1744 1948 plerumque
1765 1902 1826 1936 im.

85 1956 227 1983 mutato.
243 1959 293 1982 nr.
311 1948 368 1981 60.
393 1960 425 1996 p.
443 1959 474 1991 7.
507 1947 588 1995 Hes.
606 1949 648 1983 O.
668 1958 699 1983 et
713 1950 756 1983 D.
774 1962 852 1984 cum
866 1946 998 1986 scholiis
1012 1951 1180 1993 Tzetzae,
1207 1961 1238 1986 et
1259 1951 1466 1999 Theogonia
1489 1962 1566 1984 Cum
1586 1947 1716 1987 scholiis
1736 1966 1824 1989 mar.

8 1946 14 2065 i
86 1998 260 2049 ginalibus.
287 2013 335 2033 nr.
354 2010 424 2045 109.
450 2013 482 2048 p.
499 2011 542 2036 12.
569 2000 699 2049 Hesiodi
721 2001 928 2050 Theogonia
955 2016 1035 2039 cum
1055 2000 1196 2039 scholiis.
1229 2022 1278 2030 —-
1303 2003 1390 2038 Inter
1405 2000 1504 2037 codd.
1521 2001 1642 2046 Laudi,
1669 2017 1721 2041 nr.
1740 2007 1822 2052 699.

12 2067 16 2112 ἰ
87 2066 121 2103 p.
143 2064 186 2097 55.
213 2051 291 2097 Hcs.
308 2053 348 2089 O.
366 2062 397 2087 et
415 2053 456 2087 D.
473 2065 521 2087 nr.
542 2063 607 2097 73¹·
623 2066 656 2101 p.
674 2055 724 2097 56.
754 2053 834 2101 Hes]
853 2056 896 2090 O.
914 2065 946 2090 et
959 2056 1001 2091 D.
1018 2069 1096 2092 cum
1113 2052 1246 2092 scholiis
1262 2067 1311 2103 gr.
1343 2073 1393 2081 —-
1427 2056 1465 2089 In
1483 2065 1579 2091 tomo
1597 2056 1639 2093 11.
1660 2070 1691 2106 p.
1710 2064 1758 2103 58.
1775 2061 1823 2094 in.

14 2114 17 2153 ἰ
87 2115 138 2142 ter
153 2102 252 2141 codd.
267 2102 412 2139 Voffian.
428 2118 476 2140 nr.
492 2113 579 2148 2148.
598 2105 767 2155 Historias,
796 2117 827 2142 et
848 2120 923 2157 pag.
940 2120 992 2155 59.
1020 2121 1071 2145 nr.
1087 2120 1176 2144 2201.
1197 2110 1375 2143 Certamen
1396 2107 1540 2142 Homeri
1559 2118 1591 2144 et
1610 2109 1759 2157 Hastam,
1792 2121 1825 2148 et

15 2162 18 2197 ἢ
87 2171 122 2207 p.
142 2159 197 2194 60.
213 2170 261 2192 nr.
277 2167 362 2198 2223.
380 2157 510 2206 Heſsodi
527 2159 662 2193 Scutum
678 2158 844 2202 Herculis,
871 2173 948 2209 pag.
967 2163 1015 2197 61.
1032 2173 1083 2197 nr.
1098 2172 1192 2206 2249.
1209 2159 1288 2206 His
1302 2161 1344 2194 O.
1364 2168 1394 2194 et
1412 2159 1455 2197 D.
1471 2173 1549 2195 cum
1567 2158 1697 2198 scholiis
1711 2175 1825 2211 gr.—

17 2221 19 2243 :
90 2213 126 2246 in
139 2209 215 2246 bibl.
227 2210 445 2256 Noisoltiana
458 2224 489 2259 p.
509 2216 561 2252 84.
580 2223 630 2246 nr.
646 2222 738 2257 3429.
764 2212 914 2260 Hrfiodus
930 2223 1028 2248 totus.
1055 2233 1107 2240 —-—
1133 2209 1359 2248 Montfaucon
1372 2213 1406 2246 in
1422 2213 1660 2260 Diariossitalico
1677 2229 1826 2251 comme-

18 2246 21 2298 i
89 2272 200 2312 morat
213 2262 339 2311 aliquot
354 2260 452 2298 codd.
471 2277 503 2311 p.
517 2274 562 2306 17.
578 2276 611 2297 111
630 2262 1035 2311 biblioth.Mediolanensi:
1052 2264 1135 2311 Hes.
1154 2266 1195 2300 O.
1211 2274 1242 2300 et
1256 2265 1299 2300 D.
1319 2264 1460 2299 membr.
1477 2262 1560 2302 saec.
1579 2267 1667 2303 XIII.
1685 2269 1824 2304 scutum

20 2303 24 2371 ἱ
89 2315 190 2352 Herc.
206 2325 238 2351 et
256 2315 480 2364 Theogonia,
509 2314 620 2350 bomb.
635 2312 716 2351 saec,
732 2317 820 2351 XIV.
846 2336 894 2343 —
925 2331 958 2366 p.
981 2329 1028 2360 33.
1048 2319 1080 2351 in
1098 2315 1173 2354 bibl,
1187 2316 1384 2367 Mutinerfi:
1398 2316 1480 2365 H‘fi
1497 2319 1539 2354 O.
1555 2328 1587 2355 et
1599 2320 1641 2354 D.
1671 2340 1719 2348 —-
1746 2334 1824 2370 pag.

21 2376 25 2414 ξ
91 2380 169 2414 309.
183 2371 217 2403 in
234 2366 312 2404 bibl.
327 2369 358 2403 S.
375 2369 506 2404 Ioannis
526 2365 565 2402 de
581 2367 800 2412 Carbonaria,
830 2369 988 2416 Nmp-›.⁷··
1013 2367 1148 2404 Hesiodi
1165 2371 1331 2416 carmina,
1356 2379 1388 2405 et
1400 2382 1476 2419 pag.
1492 2382 1553 2414 31¹·
1570 2372 1677 2408 Procli
1696 2376 1729 2408 in
1744 2371 1825 2410 Hes.

23 2419 25 2452 l
84 2416 221 2473 Ἔργα,
246 2430 321 2458 tum
333 2421 561 2472 Theogoniae
574 2418 711 2471 physica
726 2419 907 2472 expositio,
931 2421 979 2457 dc.-
1002 2425 1021 2439 ²
1059 2438 1061 2441 r
1092 2436 1110 2447 ·*
1141 2424 1203 2462 263
1221 2443 1272 2449 —
1287 2434 1360 2467 370.
1375 2431 1439 2458 tres
1452 2421 1551 2460 codd.
1570 2422 1649 2461 Hes.
1665 2426 1828 2461 Florenti.

979 2476 998 2511 Ι*
1059 2487 1071 2510 1
1758 2491 1823 2513 mor,

25 2494 28 2518 i

27 2541 31 2590 l

32 2715 36 2747 l
