2183 2747
7 227 12 235 .
75 179 373 230 QP·4¹⁶P⁴¹⁷
570 213 574 217 ,
669 180 838 216 ALDINA
870 179 937 216 ET
969 180 1229 216 CVIACIANA.
1446 181 1669 218 Lib.ll.c.1o.
1768 187 1827 226 681

77 277 227 313 Martinii
245 288 277 314 et
293 281 325 314 in
342 277 517 329 postremis
532 275 688 326 Rigaltii,
715 278 837 313 Petauii
853 287 950 328 atque
970 275 1115 313 eiusdem
1131 278 1325 328 Spanhemii
1341 276 1498 313 versione.
1517 278 1573 326 [if]
1609 280 1763 327 Qatuor
1780 281 1831 315 Iu-

79 329 152 366 liani
169 330 321 380 epistolas
338 335 370 367 in
383 331 494 367 lucem
513 330 651 380 protulit
665 332 752 367 Lud.
769 332 896 366 Aaron.
917 331 1127 367 Muratorius
1148 334 1181 366 in
1203 330 1371 367 anecdotis
1384 334 1528 380 graecis,
1554 334 1662 367 l'atau.
1680 345 1772 380 1709.
1799 345 1831 376 4,

74 396 152 433 pag.
169 387 240 427 326.
267 398 346 420 cum
362 381 418 420 sua
439 383 588 421 vers10ne
602 394 635 419 et
650 386 748 420 notis.
802 386 851 419 Ex
876 385 925 419 his
947 386 1056 433 prima
1076 383 1120 419 est
1142 383 1198 420 illa
1220 383 1260 419 ad
1285 383 1524 420 Alexandrinos
1545 387 1692 434 integra,
1729 399 1832 436 quam

75 437 231 472 mutilam
255 451 272 473 a
298 437 445 488 Rigaltio
467 435 590 473 editam
612 435 691 473 dixi.
748 438 871 485 Qarta
893 434 938 472 est
965 435 1005 472 ad
1031 433 1220 480 Arsacium,
1261 440 1504 473 Armenianum
1528 434 1702 488 satrapen,
1740 442 1831 475 cuius

74 489 232 538 epistolae
247 494 454 528 mentionem
470 488 548 526 fecit
565 491 773 526 Sozomenus
788 491 843 526 lib.
861 492 889 525 V
894 491 919 525 Ι.
948 503 1020 540 cap.
1039 503 1064 526 1.
1102 492 1231 526 Praeter
1248 504 1286 526 ea
1303 493 1336 526 in
1356 489 1476 527 eodem
1487 491 1661 527 volumine
1675 493 1830 528 Murato-

74 544 142 577 rius
158 557 176 578 e
197 543 272 580 cod.
290 545 365 580 MS.
384 542 621 580 Ambrofianae
636 543 851 579 bibliothecae
873 545 1002 592 primus
1026 541 1146 586 edidit,
1176 554 1207 579 et
1230 541 1378 580 verfione
1401 541 1455 580 sua
1480 547 1632 595 notisque
1655 544 1829 582 illustrauit

75 596 176 631 XLV.
194 597 346 647 epistolas
360 595 539 633 familiares
555 597 749 646 plerasque,
776 606 808 631 at
823 609 893 631 non
908 599 1101 631 inamoenas
1122 595 1210 633 ledia
1230 597 1329 632 Firmi
1343 625 1350 638 ,
1378 594 1554 633 Caesareae
1580 595 1742 648 episcopi,
1771 601 1828 649 qui

74 662 124 683 au.
141 650 258 685 Christ.
279 663 344 694 431.
360 653 444 686 inter
457 653 585 701 primos
604 646 721 695 synodi
738 647 922 699 Ephesinae
936 659 1051 684 contra
1067 649 1259 685 Nestorium
1276 647 1476 700 subscripsit,
1501 661 1532 686 et
1547 665 1598 687 an.
1617 651 1736 687 Christ.
1752 664 1824 698 439.

11 723 22 729 ·
71 699 249 739 defunctus
269 700 485 739 successorem
501 703 613 738 habuit
627 701 855 744 Thalaffium,
883 701 960 737 teste
977 702 1111 737 Socrate
1124 703 1198 737 VH.
1215 702 1272 740 vlt.
1299 723 1349 730 -—
1377 705 1405 739 E
1429 702 1580 740 verfione
1594 705 1650 740 lat.
1668 706 1824 749 Venetiis,

71 766 153 801 1525.
181 767 209 799 4.
238 755 302 791 vid.
321 756 480 792 Giornale
495 754 525 791 d·
542 755 632 791 Italia
651 765 735 791 tom.
754 755 872 792 XXIV.
901 767 977 805 pag.
994 761 1064 797 278.
1081 762 1146 796 281.
1175 756 1305 792 Fabric.
1359 757 1500 806 Reliqua
1513 785 1524 800 ,
1552 771 1636 807 quae
1650 756 1691 792 de
1709 757 1826 807 episto-

70 807 110 843 lis
134 808 249 843 Iuliani
273 823 288 843 a
314 810 460 845 Fabricio
482 805 598 858 scripta
624 809 678 843 hic
701 805 790 850 sunt,
818 817 850 843 et
869 806 943 842 addi
962 805 1099 850 delient,
1126 806 1213 845 dabo
1227 806 1268 844 ad
1293 808 1347 844 lib.
1362 812 1403 846 V.
1427 823 1498 860 cap.
1515 818 1546 852 8.
1570 812 1602 859 §.
1621 822 1669 855 14.
1707 813 1758 847 vbi
1781 811 1824 848 de

73 860 201 896 luliano
218 858 409 911 disputatur.
467 864 594 898 Partem
613 874 691 897 vero
711 863 765 896 hic
784 859 857 896 ideo
873 863 1010 902 retinui,
1038 863 1198 909 qnoniam
1217 862 1379 897 Fabricius
1395 876 1451 905 ea,
1479 877 1563 913 quae
1583 864 1666 899 olim
1691 861 1822 915 scripse.

72 925 138 953 rat,
168 916 199 948 in
218 915 373 963 exemplo
395 912 453 950 suo
480 928 580 950 manu
608 912 661 949 sua
686 923 872 950 correxerat
893 923 925 949 et
950 924 1104 948 auxerat:
1132 926 1197 962 ego
1215 928 1294 950 vero
1315 918 1434 951 veritus
1448 913 1540 957 sum,
1566 930 1609 952 ne
1621 917 1678 954 illa
1700 920 1821 954 interea

69 969 229 1015 temporis
250 971 395 1015 perirent
419 979 473 1002 aut
496 970 660 1003 memoria
684 981 758 1002 mea
782 965 980 1002 exciderent.
1043 965 1079 1001 ld
1102 965 1240 1002 addam:
1272 967 1396 1002 Iuliani
1416 968 1576 1016 epistolam
1601 971 1645 1004 aci
1665 971 1823 1007 Photium

68 1017 190 1054 exstare
206 1018 291 1068 apud
310 1021 501 1055 bacaudam
520 1020 802 1067 Hermianenserm
829 1022 863 1054 in
879 1019 1044 1069 Operibus
1060 1021 1241 1063 Sirmona'i,
1267 1018 1363 1059 Paris.
1379 1023 1474 1067 1696.
1499 1019 1561 1058 fol.
1584 1023 1687 1059 Harl.

127 1102 209 1129 Ratio
233 1104 304 1136 sm·-
383 1105 473 1140 xm,
510 1106 563 1151 10)
592 1102 626 1144 'E
636 1110 667 1144 Π
676 1111 805 1146 ῙΣΤΟ
815 1111 844 1144 Λ
854 1101 979 1144 ῙΚΟΓ
1014 1103 1193 1145 TT'HOI
1221 1103 1288 1142 siue
1310 1108 1414 1148 ratio,
1431 1106 1819 1155 formulacqucscriben.

66 1140 302 1208 ζ”ἶῖᾮᾞνζῖῗζ
327 1157 442 1192 darum
465 1157 665 1204 epistolarum
691 1160 772 1194 varii
792 1160 938 1206 generis,
966 1159 1010 1193 ad
1026 1158 1249 1194 Heraclidam.
1304 1160 1418 1194 Latina
1439 1157 1545 1195 verfio
1573 1162 1705 1210 incipit:
1735 1162 1818 1199 Cum

67 1220 140 1248 dam,
235 1192 286 1209 Μ’
332 1211 486 1252 ride-rena,
511 1211 710 1254 Heraclida,
738 1212 775 1246 de
792 1210 959 1260 stylorum
979 1209 1196 1258 epistolarium
1219 1222 1280 1247 etc,
1335 1213 1403 1247 Hic
1418 1211 1567 1254 libellus,
1593 1215 1648 1262 qui
1674 1212 1741 1250 fine
1756 1229 1816 1251 no.

67 1265 157 1298 mine
175 1264 316 1299 auc-”torn
334 1265 364 1297 in
383 1262 503 1299 Aldina
521 1277 639 1313 graeca
658 1263 873 1314 epistolarum
891 1264 1109 1308 collectione,
1137 1274 1168 1300 et
1186 1263 1412 1313 graecolatina
1428 1263 1611 1301 Geneuenfi
1632 1266 1749 1310 exstat,
1776 1269 1816 1304 ab

65 1315 133 1351 aliis
157 1316 307 1351 tribuitur
331 1316 492 1358 Lilvanio,
526 1317 565 1352 ab
587 1317 657 1353 aliis
681 1317 798 1354 Theom‘
818 1315 1056 1353 Alexandrino.
1134 1319 1259 1354 Graece
1285 1331 1363 1352 cum
1392 1328 1564 1356 erotemat,
1587 1324 1814 1367 grammaticis

63 1369 221 1404 Emman.
239 1366 475 1414 Clirysolorae.
492 1371 616 1405 Ferrar.
631 1382 721 1417 1509.
739 1377 768 1411 8.
797 1390 851 1396 -—
874 1371 1007 1406 Libanii
1021 1369 1153 1407 libellus
1167 1373 1300 1420 incipit:
1328 1369 1343 1408 ὅ
1360 1370 1419 1419 μὲν
1441 1368 1672 1411 ἔπιςοιλλικὲς
1695 1372 1758 1419 [fic
1780 1376 1816 1410 in

63 1420 139 1457 cod.
158 1422 300 1457 florent.
316 1421 453 1457 Bandini
468 1422 621 1485 Catalog.
635 1434 720 1465 tom.
737 1424 778 1459 11.
800 1435 876 1473 pag.
894 1425 975 1467 604.
1003 1436 1054 1459 nr.
1071 1435 1095 1467 5.
1121 1433 1153 1458 at
1168 1425 1201 1458 in
1219 1423 1285 1460 alio
1299 1422 1375 1460 cod.
1395 1423 1516 1459 ibidem
1532 1437 1608 1473 pag.
1624 1433 1694 1469 337.
1720 1439 1770 1462 nr.
1788 1441 1812 1464 1.

63 1473 79 1512 ὅ
97 1475 156 1522 μὲν
172 1476 409 1524 ἐπιςσλιμοίἱσς
423 1487 636 1528 χαρακτῆρ’
661 1474 743 1512 adde
759 1475 835 1512 cod.
852 1479 907 1526 qui
929 1475 1082 1525 epistolas
1107 1473 1314 1511 diuersorum
1338 1479 1505 1519 continet,
1532 1476 1610 1513 ibid.
1637 1491 1711 1527 pag.
1733 1491 1811 1525 49²-

62 1541 112 1563 nr.
132 1527 200 1576 23.]
229 1525 424 1579 χαρακτήρ
450 1530 606 1567 ποικίλος
622 1545 663 1568 τε
682 1539 742 1564 etc·
769 1529 852 1565 alter
867 1531 1051 1575 anonymi:
1080 1530 1147 1567 τῶν
1172 1530 1373 1569 ἐπιςολικῶν
1398 1525 1532 1571 τύπων,
1561 1526 1588 1568 ὦ
1605 1527 1813 1581 Ἡρακλέιῗη

61 1591 120 1616 etc.
173 1581 226 1616 Est
250 1583 332 1617 mihi
355 1580 395 1616 ad
418 1595 535 1617 manus
558 1583 640 1619 liber
660 1581 782 1617 editus:
808 1582 987 1617 Methodus
1010 1581 1307 1630 conscribendarum
1329 1581 1535 1627 epistolarum
1558 1596 1627 1617 cum
1650 1586 1813 1630 exemplis,

59 1644 117 1680 gr.
138 1634 195 1669 lat.
216 1647 278 1679 pm·
300 1636 350 1669 Io.
365 1637 563 1671 Sambucum.
618 1634 788 1670 Accedunt
809 1634 947 1670 aliorum
970 1635 1068 1670 libelli
1083 1635 1232 1682 describ.
1250 1634 1397 1681 epistolis.
1435 1634 1529 1670 Basil.
1560 1648 1639 1682 1552.
1668 1644 1696 1677 8.
1724 1635 1813 1686 apud

62 1687 271 1734 Oporinum:
296 1690 331 1722 in
355 1701 422 1737 quo
444 1689 576 1723 Libanii
597 1688 675 1739 περὶ
697 1689 744 1728 r?
767 1688 986 1728 ἐπιςοιλλικέ
1004 1688 1254 1739 χαρακτῆρος,
1288 1688 1389 1724 latine
1411 1701 1450 1723 ex
1473 1686 1621 1724 vex-fione
1643 1690 1812 1735 Sambuei,

60 1751 136 1787 pag.
156 1751 181 1774 1.
205 1738 321 1775 deinde
342 1753 381 1775 ex
404 1742 585 1789 Hartungii
608 1740 752 1777 editione
772 1755 825 1777 an.
850 1749 935 1787 1548.
951 1754 1001 1790 gr.
1024 1753 1056 1777 et
1069 1742 1126 1778 lat.
1151 1754 1227 1791 pag.
1246 1749 1298 1784 48.
1322 1754 1401 1776 cum
1423 1744 1691 1791 interpretatione
1714 1740 1811 1794 Casp.

63 1790 190 1826 Stiblini
205 1802 235 1826 et
252 1792 482 1841 Christopliori
500 1791 669 1832 Caffeani,
696 1791 874 1830 subiunctis
891 1806 966 1843 pag.
983 1807 1024 1839 74
1041 1792 1107 1843 sqq.
1126 1794 1309 1829 recentibus
1327 1792 1540 1843 epistolarum
1559 1795 1732 1844 exemplis,
1759 1809 1811 1845 gr.

60 1842 117 1879 lat.
135 1844 301 1878 XXXVII.
352 1845 509 1880 Similiter
526 1847 712 1886 ἐπιςολικοῖ
727 1844 830 1885 τύπω
851 1847 1033 1894 Anonymi,
1059 1847 1178 1889 latine,
1205 1846 1372 1882 sambuco
1395 1849 1589 1896 interprete,
1616 1860 1691 1897 pag.
1710 1861 1759 1892 30.
1781 1859 1813 1886 et

60 1908 178 1944 graece
204 1909 279 1946 pag.
297 1908 359 1939 132.
390 1910 427 1931 ac
449 1896 488 1931 de
510 1896 753 1933 conscribendis
775 1899 918 1948 epistolis
941 1901 1042 1934 Viues
1065 1913 1141 1949 pag.
1160 1912 1231 1945 144.
1273 1900 1428 1934 Erasmus
1450 1913 1524 1948 pag.
1545 1902 1618 1935 226.
1660 1900 1809 1939 Conrad.

58 1949 169 1984 celtes
187 1962 263 1998 pag.
281 1961 348 1992 245.
377 1949 635 1999 Christophorus
657 1951 931 2000 Hagendorfinus
956 1965 1029 2001 pag.
1050 1956 1107 1988 261
1125 1949 1193 2002 sqq.
1258 1953 1452 1997 [Anonymi
1478 1952 1627 1995 libellus,
1654 1956 1710 2002 qui
1733 1956 1810 1990 inci-

10 2001 17 2011 '
59 2003 125 2050 pit:
149 2003 222 2041 Τῶν
239 2003 439 2042 ἐπιςελικῶν
456 1998 585 2044 τύπων,
601 1999 626 2040 ὦ
639 2000 860 2055 ‘Hedum-idn,
876 2000 1028 2055 ἔχὸντων
1042 2004 1191 2055 θεωρίαν
1207 2015 1266 2043 etc.
1293 2008 1324 2039 in
1341 2004 1414 2040 cod.
1429 2004 1585 2041 Mediceo
1603 2007 1688 2041 XVI.
1705 2020 1755 2042 nr.
1767 2009 1809 2044 V.

60 2055 95 2088 in
111 2056 278 2103 Catalogo
296 2055 432 2091 Bandim
452 2057 490 2090 11.
517 2068 593 2105 pag.
615 2060 692 2094 606.
711 2056 900 2107 adsignatur
916 2058 1086 2092 Demetri»
1104 2058 1281 2093 Phalereo:
1307 2058 1482 2108 Δημητςῖες
1497 2059 1686 2109 Φαληρέως
1706 2056 1809 2101 nima

3 2122 19 2145 .’.
59 2109 257 2149 ἔπιςολικσί.
313 2109 431 2145 Nullus
448 2111 589 2151 horum,
617 2123 677 2145 nec
692 2111 900 2154 Demetrius,
928 2123 988 2146 nec
1003 2111 1176 2150 Libanius‚
1200 2124 1260 2146 nee
1277 2111 1404 2145 Theon
1423 2111 1508 2146 illius
1523 2111 1624 2146 libelli
1643 2125 1736 2148 verus
1756 2127 1810 2148 au-

0 2153 19 2191 st
58 2161 133 2197 ἀοι·
151 2159 245 2198 fuiss'e
269 2161 406 2198 videtur.
463 2163 500 2197 In
519 2161 633 2198 codice
655 2162 827 2212 quondam
854 2161 1126 2212 Heidelbergensi
1151 2177 1202 2199 nr.
1221 2166 1286 2209 356.
1315 2165 1369 2212 qui
1395 2166 1563 2199 variorum
1589 2164 1740 2213 epistolas
1755 2178 1806 2214 gr.

0 2227 9 2242 π
57 2217 226 2258 continet,
262 2218 294 2250 in
319 2216 475 2263 Sylburgi
498 2215 664 2264 Catalogo
692 2213 769 2265 pag.
786 2227 856 2262 105.
882 2219 966 2251 inter
995 2216 1059 2251 alia
1079 2218 1306 2265 reperiuntur,
1344 2215 1449 2263 Psclli
1478 2216 1634 2265 epistolae
1659 2219 1808 2255 XXXIII.

15 2285 21 2313 3
59 2266 206 2314 epcflolae
219 2266 293 2313 stili
317 2268 481 2303 exercendi
503 2267 785 2316 cazffzfiriptae,·
818 2279 849 2305 et
870 2269 1028 2317 Sylburg.
1052 2265 1236 2317 adscripsit:
1264 2269 1365 2314 forte
1390 2281 1408 2301 a
1434 2268 1564 2316 psello:
1592 2283 1653 2305 nec
1677 2271 1763 2317 hoc,
1789 2285 1808 2307 a

0 2314 23 2339 '⁴
58 2322 221 2358 vicinitate
237 2318 351 2357 forsan
365 2320 522 2364 ductum,
547 2332 787 2370 argumentum
804 2323 889 2358 mihi
906 2319 1043 2372 quidem
1065 2318 1128 2358 ess‘e
1149 2320 1288 2359 firmum
1315 2318 1454 2357 videtur.
1480 2321 1602 2369 Harl]
1656 2323 1808 2360 Similem

1653 2375 1805 2413 libellum

20 2434 25 2451 ἶ
58 2453 260 2488 Amanus.
310 2458 432 2488 Petauio
459 2464 557 2488 autem
580 2457 704 2488 conficta
725 2458 845 2490 videtur
865 2458 902 2489 ab
955 2457 1104 2490 Iulianum
1123 2456 1280 2500 accepist,
1309 2464 1342 2491 vt
1364 2455 1434 2488 etret
1455 2457 1647 2492 christianus.
1693 2460 1806 2496 Confer

24 2547 26 2552 μ
60 2499 154 2531 otioso
177 2501 306 2543 quodam
327 2500 483 2542 graeculo,
512 2504 583 2544 quia
605 2502 695 2535 tradit
719 2505 750 2532 ἐκ
773 2501 903 2544 προγόνων
955 2504 1069 2535 Petauii
1091 2503 1172 2544 epist.
1189 2510 1235 2539 25·
1256 2500 1326 2534 libri
1342 2503 1379 2533 11.

98 2567 208 2602 l'oLI,
1031 2564 1092 2601 Rr
1117 2575 1162 2600 rr
