2183 2747
683 165 1147 203 PYTHAGORICORVM.
1402 168 1475 205 Lib.
1485 168 1537 202 ΙΙ.
1557 180 1580 202 c.
1599 179 1637 214 ¹3·
1742 174 1801 213 871

145 278 211 311 370
228 262 272 313 sq.
299 261 450 300 adserunt
465 260 646 299 sententias.
700 261 864 298 Eamdem
880 259 1072 298 sententiam
1096 263 1251 312 ampledii
1272 261 1400 300 videtur
1420 264 1572 311 Manstus
1595 261 1633 299 ad
1661 263 1796 299 Fabricii

142 317 219 356 bibl.
237 318 290 354 lat.
309 315 438 353 mediae
454 326 483 352 et
500 316 634 351 infimae
649 325 741 352 aetat,
758 315 826 351 voi.
845 316 901 350 VI.
922 327 994 364 pag.
1009 318 1080 362 196.
1132 317 1198 352 Alii
1222 328 1332 352 tanuen
1354 317 1466 353 Rufini
1489 314 1723 353 confusionem
1750 314 1795 352 sc.

144 382 303 421 quuntur,
332 382 363 406 et
380 370 448 406 iilas
466 370 559 404 Sixto
579 370 617 404 Η.
636 367 702 404 siue
719 368 827 416 Xysto
843 366 1001 418 episcopo
1026 382 1189 414 romano,
1232 381 1370 405 mortuo
1393 373 1431 405 A.
1457 372 1495 405 C.
1525 382 1589 415 257.
1613 367 1794 411 vindicant,

142 438 174 460 n.
191 424 351 459 l'rlvanus
373 423 515 468 Godofiz
542 423 689 463 Siberus,
725 421 902 470 theologus
919 420 1088 470 quondam
1111 422 1172 459 cel.
1197 422 1387 472 Lipsiensis,
1415 434 1445 458 et
1469 422 1620 457 historiae
1645 420 1792 457 eccicssa-

142 477 238 513 ssicae
254 473 477 524 peritissimus3
504 488 566 510 nec
582 472 745 510 dissentire
761 473 888 510 videtur
905 475 1119 522 Hamberger.
1145 478 1194 510 in:
1224 474 1460 525 zuvcrliiffigen
1484 476 1708 511 Nachrichten
1730 485 1791 510 etc.

125 519 224 566 „tonh
243 530 282 564 11.
298 542 329 577 p.
347 535 410 575 589
427 526 470 577 sq.
501 528 659 577 lt’eimfius
674 531 707 562 in
723 526 812 575 epist.
829 525 869 562 ad
889 528 1083 564 Daumium.
1104 541 1210 578 p.:25.
1228 541 1259 564 et
1276 529 1374 564 Miclz.
1387 531 1577 576 Lequienim
1597 529 1628 562 in
1645 531 1732 563 notis
1749 527 1790 562 ad

138 583 172 618 S.
190 582 238 617 10.
254 579 512 622 naman-enum,
541 583 596 628 qui
614 593 691 615 euin
707 578 761 615 sub
776 583 916 615 nomine
933 581 1020 615 Sixti
1038 581 1174 616 Romani
1191 580 1298 617 laudat
1313 584 1345 616 in
1365 579 1461 617 saeris
1476 580 1634 617 parallelis
1652 592 1734 616 toni.
1750 581 1790 616 ΙΙ.

138 635 237 684 Opp.¹
248 647 279 683 p.
295 637 376 678 362„
395 634 564 668 autstoreni
584 631 721 668 credunt
737 630 829 668 fuisse
848 631 1087 678 Christianum,
1114 648 1256 683 eumque
1272 632 1521 684 philosophum.
1557 631 1650 669 conf.
1668 635 1790 668 Fonta-

137 689 204 722 m'n.
219 687 240 722 l.
258 700 285 722 c.
302 700 334 735 p.
352 698 424 731 327.
453 685 552 721 Siberi
570 685 726 722 iudicium
743 696 843 734 atque
857 696 1049 734 argumenta
1068 687 1157 735 quod
1177 689 1346 722 Fabricius
1363 690 1395 722 in
1412 687 1482 723 vol.
1495 687 1578 722 xm.
1598 686 1697 721 doc'ie
1713 686 1788 721 late-

137 753 200 789 que
216 742 426 785 examinarat‚
454 752 502 780 ea,
531 751 616 786 quae
631 748 746 774 contra
763 738 912 774 Siberum
934 735 1110 788 scripserat,
1133 742 1196 775 huc
1214 738 1270 774 suo
1283 740 1358 775 loco
1376 738 1578 776 transferam.
1634 740 1724 773 Prius
1742 750 1788 773 ta-

137 805 216 828 men
233 790 393 826 editiones
417 790 590 834 iudicabo,
624 789 709 826 duce
731 789 940 839 potissimum
967 792 1162 828 Frmmnino.
1216 795 1280 828 Hie
1303 806 1382 828 vero
1408 807 1441 842 p.
1461 805 1534 837 303.
1560 790 1788 828 recudendum

135 846 260 880 curauit
276 843 461 892 prologum
486 843 599 879 Rufini
616 846 797 892 interpretis
812 856 850 878 ex
867 841 1012 879 editione
1028 846 1060 881 B.
1080 848 1249 885 Rhenani,
1278 847 1312 880 in
1335 858 1403 895 quo
1425 847 1521 882 verba
1538 844 1683 880 notanda
1698 842 1787 880 sunt:

133 904 274 943 „aperto
292 904 321 931 et
331 897 531 944 satisplano
541 896 691 943 sermone
705 897 835 930 Sixtum
853 898 885 930 in
902 896 1041 931 latinum
1061 901 1153 939 verti,
1179 911 1281 947 quem
1300 901 1430 934 Sixtum
1449 896 1553 948 ipsum
1565 895 1626 933 effe
1643 896 1786 939 tradunt,

132 952 186 999 qui
203 950 293 997 opud
307 961 362 984 vos
377 950 455 984 idem
474 951 507 984 in
524 950 600 983 vrbe
614 961 747 984 romana
767 950 883 984 Sixtus
898 956 1054 992 vocatur,
1088 951 1222 998 episeopi
1243 958 1273 986 et
1297 953 1457 999 martyris
1474 952 1584 998 gloria
1605 951 1785 986 decoratus.

130 1023 184 1030 --
211 1023 262 1028 —
286 1014 374 1037 omne
389 1009 493 1036 autem
512 1014 591 1047 opus
606 1004 656 1036 ita
669 1003 774 1044 breue,
801 1009 839 1036 vt
855 1002 894 1036 de
909 1014 1005 1037 nianu
1023 1003 1089 1037 eius
1114 1006 1296 1049 (Ayaniae)
1322 1016 1495 1051 numquam
1516 1004 1609 1049 poffit
1633 1004 1783 1045 recedere,

131 1062 223 1090 totus
239 1054 286 1089 liic
303 1056 383 1089 liber
397 1055 440 1088 ihi
463 1053 592 1100 pristini
613 1054 749 1089 alicuius
768 1055 906 1104 pretiost
926 1056 1048 1090 obtinet
1069 1056 1168 1092 Anuli
1187 1058 1295 1092 locum.
1324 1077 1374 1084 -
1400 1077 1453 1083 ——
1481 1056 1581 1091 Ham
1604 1066 1683 1102 ergo
1705 1056 1784 1090 inte.

129 1110 192 1143 rim
210 1108 287 1142 habe
303 1109 336 1142 in
352 1108 499 1141 raeianibus
509 1119 575 1153 pro
597 1105 720 1143 Anulo.
749 1127 801 1134 —
828 1127 880 1135 —
906 1106 1036 1142 Addidi
1054 1115 1084 1142 et
1101 1109 1196 1144 eleHa
1225 1110 1379 1156 quaedam
1405 1109 1545 1158 religiqfi
1565 1108 1714 1154 parentis
1738 1106 1783 1140 od

118 1160 241 1206 filium,
260 1160 326 1207 sed
345 1161 440 1193 lyr-ene
455 1166 578 1202 totum,
613 1166 650 1194 vt
674 1161 789 1194 merito
811 1171 900 1194 omne
922 1160 1105 1206 opusculum
1128 1163 1179 1196 vel
1203 1161 1422 1198 Enchiridion
1443 1173 1576 1210 graece,
1609 1159 1661 1194 vel
1680 1159 1781 1193 latim

130 1213 259 1249 Anulus
276 1213 467 1258 appelletur.
480 1216 496 1231 ‘⁴
549 1210 635 1248 Vide
652 1213 752 1262 igitur
767 1214 935 1261 originem
949 1215 1098 1250 nominis
1116 1225 1146 1250 et
1164 1212 1401 1264 inscriptionis!
1434 1214 1493 1251 Ille
1515 1226 1594 1249 vero
1615 1211 1777 1261 prologus

126 1263 327 1301 desideratur
343 1267 375 1300 in
393 1264 485 1300 Galei
500 1263 713 1314 aliorumque
728 1263 939 1308 editionibus,
966 1274 1038 1302 tum
1058 1268 1090 1303 in
1111 1268 1267 1304 omnibus
1296 1270 1429 1305 Patrum
1451 1266 1674 1305 bibliothecis,
1708 1266 1779 1313 qui-

125 1318 184 1353 bus
202 1315 294 1363 xysti
309 1316 392 1353 liber
404 1315 562 1358 inseritur,
591 1328 676 1355 tom.
694 1319 752 1354 111.
780 1316 870 1353 editt.
895 1316 1060 1355 Parifiens.
1086 1333 1166 1367 ¹575·
1195 1331 1277 1356 tom.
1303 1323 1344 1356 V.
1367 1334 1421 1357 an,
1452 1327 1541 1365 1589.
1566 1324 1661 1365 1609.
1683 1319 1776 1360 1624.

127 1374 215 1414 1634.
244 1373 338 1414 ¹644-
366 1373 456 1417 1654.
475 1381 558 1408 tom.
576 1371 636 1407 111.
652 1369 732 1407 edit.
750 1369 974 1411 Colonienfis,
1003 1375 1091 1415 1618,
1107 1385 1138 1409 et
1159 1373 1305 1410 tomlil.
1321 1371 1546 1422 Lugdunensis
1563 1374 1654 1415 1677.
1682 1367 1776 1404 Idem

122 1436 156 1473 p.
181 1434 240 1468 313.
263 1421 517 1468 animaduertit,
553 1434 732 1473 praeeunte
754 1422 879 1468 Galeo,
903 1423 1006 1460 latina
1026 1426 1228 1474 exemplaria
1249 1428 1368 1462 harum
1390 1425 1642 1466 Parabolarum,
1664 1431 1697 1457 vt
1721 1423 1775 1457 Se·

120 1489 201 1512 neca
215 1475 368 1523 adpellat‚
394 1474 480 1512 adeo
498 1479 581 1513 inter
595 1474 629 1512 se
644 1474 838 1526 discrepare,
863 1485 898 1512 vt
914 1475 1022 1513 ferme
1039 1478 1175 1523 conflet,
1203 1481 1284 1514 duas
1306 1477 1397 1525 Xyssi
1421 1479 1575 1513 editiones
1597 1476 1773 1524 antiquitus

121 1526 291 1578 prodiisse,
317 1528 429 1576 (q'uod
448 1541 479 1578 p.
497 1541 564 1573 310.
579 1529 697 1565 clarius
713 1530 878 1578 exponitt)
905 1529 1071 1579 quosdam
1095 1531 1191 1568 codd.
1214 1532 1342 1580 plurem,
1378 1530 1459 1567 alios
1486 1532 1656 1579 pauciores
1672 1533 1774 1563 'cotn-

118 1580 322 1630 prehendere
340 1579 534 1625 sententias3
557 1581 633 1618 alibi
651 1583 754 1619 multa
770 1583 886 1630 repeti,
909 1593 1007 1631 atque
1026 1586 1194 1620 immutari
1214 1584 1386 1627 ordinem3
1421 1583 1482 1619 alia
1504 1595 1638 1631 quoque
1661 1593 1772 1615 exem·

116 1633 220 1684 plaria
234 1647 304 1670 non
321 1645 389 1670 vno
407 1643 524 1671 tenore
542 1633 739 1684 procedere3
769 1634 824 1671 sed
838 1634 917 1671 duas
938 1647 1043 1683 partes
1057 1638 1275 1681 constituere-3
1301 1636 1392 1685 quod
1409 1636 1567 1685 posterius
1590 1635 1628 1670 ab
1651 1635 1771 1669 Hiero-

117 1699 228 1733 nymo
244 1696 396 1723 notatum
420 1697 453 1722 et
477 1690 511 1723 in
533 1689 780 1737 Champeriana
805 1686 953 1724 editione
967 1686 1131 1726 seruatum
1149 1688 1208 1735 fit3
1241 1690 1384 1739 denique
1400 1689 1539 1725 Galeum
1565 1683 1768 1726 adfirmasse,

115 1739 250 1775 nullum
264 1737 295 1775 se
310 1738 463 1776 codicem
479 1741 616 1776 naetum
631 1738 706 1786 effe,
733 1743 786 1777 cui
803 1754 842 1776 ex
859 1739 1014 1777 adcurata
1029 1742 1282 1792 praedidiorum
1300 1741 1480 1779 conatione
1496 1742 1605 1789 aiiqua
1628 1736 1766 1775 acceffio

116 1791 189 1828 fieri
204 1792 272 1828 non
291 1790 398 1840 possit.
449 1791 622 1830 Editiones
637 1795 699 1830 hae
712 1791 807 1830 sunt:

223 1861 310 1895 sixti
319 1860 354 1907 s.
371 1859 472 1908 Xysti
486 1863 618 1904 anulus,
644 1861 774 1899 editore
788 1861 1030 1911 symphoriano
1051 1863 1251 1911 Champerio,
1279 1878 1356 1900 cum
1374 1861 1520 1900 eiusdem
1537 1861 1620 1898 libro
1637 1858 1677 1897 de
1686 1873 1765 1909 qua-

111 1913 254 1961 druplici
269 1915 344 1950 vita.
371 1911 479 1961 Lugd.
495 1914 584 1962 apud
608 1916 729 1952 Iannot
751 1914 793 1951 de
815 1917 966 1965 Campis.
989 1928 1080 1961 1507.
1108 1929 1140 1960 4.
1168 1937 1221 1944 --
1247 1917 1406 1964 Rufinus,
1429 1915 1506 1952 teste
1533 1916 1764 1961 Hieronymo,

111 1967 198 2005 libro
214 1965 272 2001 VI.
295 1967 329 2000 in
346 1964 511 2004 Ezechiel.
530 1978 599 2014 cap.
615 1974 664 2010 18.
680 1966 842 2003 volumen
857 1970 890 2003 in
906 1967 987 2004 duas
1005 1980 1112 2018 partes
1129 1967 1296 2006 diuiserat:
1325 1984 1424 2020 quem
1446 1967 1600 2005 ordinem
1624 1964 1764 2003 seruauit

108 2020 352 2068 Champerius;
377 2026 493 2053 contra
513 2015 692 2055 deseruerat
705 2020 895 2063 Rhenanus,
923 2022 1080 2070 Bigneus‚
1107 2022 1225 2058 Gaieus
1241 2023 1372 2072 aliique.
1425 2023 1535 2058 Docet
1547 2030 1658 2057 autem
1675 2021 1763 2054 Fon-

111 2074 254 2114 taninus‚
280 2069 463 2107 editionem
477 2070 672 2120 Champerii
688 2070 728 2107 ad
745 2071 849 2108 fidem
866 2072 990 2108 codicis
1003 2074 1107 2123 longe
1121 2079 1276 2110 omnium
1302 2073 1516 2123 antiquissimi
1539 2085 1571 2109 et
1593 2070 1761 2109 smeeriffi·

108 2129 155 2162 mi
172 2120 357 2172 expressam
373 2119 448 2159 effe.
501 2124 600 2160 Hanc
615 2122 796 2160 editionem
823 2123 986 2175 ignorasse
1007 2126 1134 2162 videtur
1155 2130 1351 2164 Rhenanus:
1383 2131 1416 2162 in
1438 2125 1642 2176 praefatione
1665 2127 1760 2161 enim

107 2177 148 2214 ad
163 2175 252 2213 suam
269 2174 454 2211 editionem
471 2177 527 2218 ait,
551 2175 643 2221 xysti
658 2175 826 2214 sententias
841 2177 882 2214 ad
899 2181 1071 2229 antiquum
1086 2182 1270 2229 exemplar,
1297 2179 1388 2230 quod
1404 2179 1622 2230 apudDiuam
1639 2177 1757 2219 Fidem

105 2229 272 2267 Selestadii
289 2229 438 2271 habetur,
465 2227 503 2262 ab
519 2225 552 2264 se
564 2232 761 2279 recognitas.

214 2309 306 2343 Idem
328 2326 379 2335 -—
403 2319 481 2342 eum
501 2307 713 2357 Pythagorae
734 2310 838 2343 aureis
855 2308 1065 2345 carminibus.
1101 2310 1326 2361 Wittenberg.
1354 2313 1388 2348 in
1410 2310 1504 2348 offic.
1527 2310 1756 2360 Grunenberg.

104 2373 188 2409 ¹5¹4·
215 2373 248 2405 4.

210 2437 341 2473 Aeneae
353 2437 515 2473 Platonici
522 2436 698 2484 Christiani
713 2436 753 2473 de
769 2437 1018 2475 immortalitate
1028 2441 1171 2488 animae,
1188 2439 1296 2489 deque
1305 2455 1487 2486 corporum
1505 2440 1754 2490 resurreetione,

100 2489 249 2541 dialogus
266 2504 394 2539 aureus,
410 2493 468 2542 qui
479 2490 734 2542 Theophrastus
745 2488 940 2534 inscribitur,
949 2491 1128 2531 Ambrosio
1138 2493 1386 2532 camaldulensi
1397 2498 1582 2546 interprete.
1607 2498 1753 2533 Aema-

1648 2561 1754 2598 goras
