2071 2747
126 113 250 148 v01.¹.p.
263 114 410 148 90³P90⁴
707 117 950 154 ISOCRATIS
986 118 1253 157 ORATIONES
1360 123 1432 158 Lib.
1444 125 1496 159 ΙΙ.
1519 136 1543 159 c.
1559 124 1682 160 XXV
1680 125 1709 162 I.
1817 132 1876 168 ¹183

121 214 155 254 3)
182 211 372 253 Νικοκλῆς,
397 208 465 246 fiue
479 213 586 247 oratio
603 209 660 247 sub
677 210 816 261 persona
832 212 978 251 eiusdem
998 218 1082 265 regis
1099 210 1214 266 Cyprii
1226 245 1235 258 .
1261 217 1362 264 <vnde
1381 217 1522 271 Κόπριος
1538 216 1645 264 λόγος
1667 217 1800 256 subinde
1819 233 1875 257 vo-

221 275 314 299 catur
336 263 425 313 apud
449 265 661 311 stobaeum.)
680 263 794 315 scripta
813 265 854 302 de
877 266 992 306 officio
1011 270 1135 304 ciuium
1155 283 1232 319 erga
1252 274 1460 320 imperantes,
1514 274 1622 319 [limet-
1649 274 1816 322 Stephano
1843 285 1873 309 ct

220 319 370 365 Augerio
385 318 418 351 in
433 314 569 364 praefat.
588 317 628 352 ad
647 331 696 366 gr.
715 317 790 353 edit.
815 330 846 355 et
867 318 907 355 ad
930 319 1116 358 versionem
1140 322 1226 359 illius
1246 336 1329 360 orat.
1353 326 1506 373 gallicam
1527 339 1595 360 non
1614 324 1740 361 videtur
1757 324 1778 360 s<
1792 329 1872 374 --ipta

221 366 285 404 effe
303 365 467 404 Isocrateo
487 369 559 405 stilo
578 369 777 420 modoquc.]
831 374 894 408 Pro
922 373 983 408 hac
1005 384 1061 410 aut
1079 384 1166 411 certe
1188 389 1250 426 pro
1276 378 1428 425 Euagora
1451 378 1605 413 credibile
1623 378 1667 414 cst
1693 375 1821 414 Isocrati
1853 393 1869 413 a

218 434 298 470 rege
315 424 453 472 praemii
469 422 548 458 loco
567 421 641 459 data
659 427 772 472 viginti
790 425 927 467 talenta,
955 425 1045 476 quod
1069 426 1202 463 tradunt
1221 431 1342 464 Plinius
1368 444 1406 464 ac
1429 431 1631 466 Plutarchus.
1685 433 1802 481 Neque
1824 434 1871 465 in-

220 471 330 510 solens
356 473 456 510 videri
478 473 591 522 debet,
619 476 658 512 ab
682 473 823 513 Isocrate
847 477 1050 515 elaboratam
1071 483 1279 524 orationem,
1306 496 1407 532 quam
1431 486 1612 519 recitaucrit
1634 498 1702 520 rex.
1757 482 1870 530 Lysiae

219 530 310 564 enim
326 538 356 562 et
373 528 517 563 aliorum
536 527 786 576 plurimorum,
811 529 972 581 ipsiusque
991 529 1139 569 Isocratis
1156 534 1313 585 exemplo
1329 535 1473 582 conflat,
1502 533 1662 572 sollemne
1678 534 1784 579 fuisse,
1812 531 1870 575 λέ·

220 595 289 627 γες
301 593 379 615 cum
396 575 580 624 ὃικανικὲς,
594 590 667 617 tum
684 580 982 631 συμβελευτικὲς,
1004 586 1043 620 ab
1057 586 1127 622 aliis
1143 585 1219 630 dici,
1243 588 1283 623 ab
1294 583 1369 624 valiis
1386 586 1489 624 scribi.
1543 590 1594 624 Sic
1610 591 1741 625 Romae
1760 592 1791 624 in
1806 591 1869 624 Ne·

219 646 304 668 rone
319 635 482 677 ‚recitante
505 631 687 670 admiratus
707 636 750 671 est
768 634 910 678 senatus,
939 651 1022 687 quae
1037 639 1159 675 Seneca
1179 636 1361 690 scripserat.
1412 640 1496 677 Vide
1513 642 1648 676 Dionem
1664 642 1718 677 lib.
1734 642 1817 677 LXI.
1834 656 1866 691 p.

218 687 301 731 690.
356 685 474 721 Latine
487 688 582 722 vertit
596 698 726 735 praeter
743 688 823 724 alios
840 691 1027 726 Ludouicm
1046 693 1149 728 Viues
1171 703 1255 729 tom.
1272 694 1296 728 I.
1317 695 1408 743 Opp.
1425 707 1498 744 pag.
1515 706 1580 740 315.
1631 694 1774 729 Gallice:
1801 695 1867 728 Lu-

217 738 294 772 dou.
312 737 445 784 Regius.
479 740 513 774 it.
530 739 656 774 Ladon.
678 742 871 789 Meigretus,
898 740 992 778 Paris.
1013 755 1098 789 1544.
1115 752 1145 786 8.
1170 746 1299 781 Fabric.
1351 747 1486 783 ltaliae.-
1510 745 1576 783 due
1591 750 1733 783 orationi
1751 749 1783 782 in
1797 760 1866 782 ma·

213 792 295 827 teria
312 789 366 826 del
381 791 543 826 Goucrno
560 790 614 828 del
634 793 802 843 Principe,
829 794 971 832 tradotte
988 795 1042 831 dal
1057 798 1177 834 Greco.
1207 801 1324 834 Venet.
1341 811 1419 845 ¹552-
1436 806 1466 840 8.
1492 800 1593 835 Harl.

228 870 304 905 Hae
320 879 384 904 tres
402 871 569 905 orationes
586 870 730 920 praelegi
747 869 856 909 solent
872 872 984 922 paslim
1002 877 1035 910 in
1050 872 1170 911 scholis
1188 890 1266 912 cum
1283 876 1448 913 Plutarchi
1466 876 1551 913 libro
1567 876 1609 913 de
1621 889 1806 928 puerorum
1820 880 1865 912 in-

109 922 290 971 stitutione,
307 924 416 972 itaque
434 919 615 972 saepiffime
630 921 766 960 excusae
781 923 855 962 sunt
876 924 1060 976 separatim.
1113 929 1268 966 Latinam
1283 943 1399 966 earum
1414 928 1618 973 versionem,
1634 929 1831 966 adornatam
1848 942 1867 964 a

110 979 203 1026 Lapo
223 977 346 1024 Birago
362 974 624 1012 castelliunculo
646 977 760 1013 habuit
781 978 945 1016 Baluzius.

104 1054 291 1104 [Venetiis‚
318 1061 403 1099 ¹538-
421 1059 452 1092 8.
480 1054 636 1101 Isbcratis
652 1059 819 1093 orationes
836 1068 900 1094 tres
915 1057 955 1094 ad
972 1060 1225 1103 Demonimm,
1249 1059 1290 1096 ad
1305 1061 1479 1098 Nicoclem
1496 1070 1528 1097 et
1543 1059 1585 1096 de
1610 1073 1729 1110 regno,
1755 1059 1867 1096 Aristi.

42 1103 46 1118 ¹
208 1105 257 1143 dis
280 1109 475 1143 encomium
495 1109 637 1144 Romae.
661 1122 712 1158 gr.

44 1174 47 1210 ἑ
104 1175 275 1225 Lugduni.
291 1187 378 1222 1579.
399 1188 440 1211 12.
464 1176 623 1223 Isocratis
630 1179 827 1228 paraenesis,
851 1179 880 1215 Ιι.
897 1193 916 1215 e.
938 1187 1112 1228 praecepta
1133 1180 1172 1216 de
1187 1181 1292 1228 officiis
1307 1192 1366 1218 etc.
1395 1181 1496 1218 eiusd.
1512 1183 1616 1218 oratio
1633 1180 1678 1215 ad
1694 1180 1867 1218 Mcoctem,

209 1230 247 1263 dc
265 1239 367 1276 regno
379 1256 389 1270 ‚
420 1228 563 1276 Agapeti
577 1231 729 1276 expositio
745 1232 960 1267 admonitoria
973 1234 1018 1267 ad
1031 1236 1050 1267 J
1055 1233 1246 1280 ustinianum
1264 1237 1498 1281 imperatorem.
1541 1234 1632 1269 Haec
1647 1234 1752 1267 omnia
1764 1243 1864 1279 grac-

205 1294 237 1317 ce
261 1294 331 1316 cum
354 1281 412 1317 lat.
436 1284 711 1328 intetpretott'one.
768 1285 951 1320 Sententiae
975 1298 1014 1320 ex
1037 1287 1168 1335 diuersis
1193 1288 1380 1323 aufforibur
1404 1286 1565 1330 colleffiu,
1589 1298 1628 1322 ac
1641 1288 1677 1320 in
1688 1284 1869 1332 Alphabeti‘

206 1334 352 1370 ordinem
366 1333 509 1382 digestae.
570 1336 731 1383 Lugduni
753 1339 842 1382 apud
859 1339 908 1373 Io.
933 1338 1149 1388 Tornaqfium.

46 1416 49 1425 ’
104 1409 188 1449 1581.
205 1415 251 1439 12.
277 1403 394 1437 Libelli
411 1403 533 1450 aliquot
540 1403 732 1449 formandis
746 1411 816 1440 tum
833 1407 1009 1440 iuuentutis
1024 1408 1184 1450 moribus,
1212 1415 1282 1443 tum
1298 1408 1430 1456 linguae
1450 1419 1605 1456 graecae,
1632 1407 1762 1445 latinae,
1787 1405 1860 1452 ga!-

206 1456 301 1497 lime,
329 1461 359 1489 et
370 1457 571 1503 germanicae
588 1457 744 1503 vtiltffimi.
768 1478 819 1484 —
848 1470 943 1505 opera
957 1457 1106 1504 etstudio
1124 1461 1279 1496 Iohannis
1297 1462 1496 1507 Cherpontii.
1533 1458 1634 1510 Apud
1649 1458 1859 1494 Euslathium

205 1508 355 1556 Vignon.
578 1511 580 1514 ’

172 1596 173 1599 ’
224 1582 341 1621 Insunt
355 1585 520 1620 Plutarchi
535 1585 665 1622 libellus
684 1585 724 1623 de
740 1601 924 1637 puerorum
941 1587 1158 1633 educatione3
1185 1585 1334 1625 Isocratis
1348 1601 1445 1627 oratt.
1463 1590 1502 1626 ad
1518 1592 1748 1627 Demonicutn
1763 1599 1795 1626 et
1815 1587 1857 1624 ad

99 1638 298 1683 Nicoclem3
322 1640 452 1674 Ethices
465 1639 657 1675 christianae
674 1640 928 1690 compendium.
984 1644 1228 1692 Chcrpontius,
1257 1645 1412 1679 Geneuae
1435 1642 1577 1680 scribens
1601 1642 1776 1693 epistolam
1803 1640 1856 1677 de-

48 1706 52 1734 2
99 1690 313 1734 dicatoriam‚
343 1705 434 1726 anno
455 1694 566 1727 aetatis
591 1694 708 1728 XXIII.
731 1695 763 1728 in
788 1704 931 1742 quatuor
954 1695 1122 1730 columnis
1144 1704 1300 1743 graecum
1324 1706 1453 1733 textum
1473 1696 1562 1733 dedit
1580 1707 1651 1732 tum
1668 1695 1856 1744 vulgarem,

48 1736 51 1782 ἶ
99 1757 176 1779 cum
193 1743 295 1780 latina
310 1742 459 1779 versione
475 1757 515 1780 ex
531 1744 660 1781 collatis
679 1745 828 1795 plurium
842 1746 1042 1784 verfionibus
1058 1752 1275 1790 concinnata,
1302 1759 1334 1785 et
1347 1749 1469 1798 gallica
1483 1760 1580 1800 atque
1602 1751 1795 1799 germanica
1817 1747 1855 1783 ab

48 1791 51 1823 i
96 1794 168 1847 ipso
186 1794 291 1833 fac‘lis.
321 1797 441 1841 Harl]

95 1875 252 1921 ancqf.
273 1880 353 1920 1585.
372 1880 403 1916 8.
428 1876 516 1922 typis
532 1873 708 1912 luculentis
727 1876 970 1920 VVechelianis,
999 1891 1039 1913 ex
1056 1877 1245 1915 recensione
1259 1880 1352 1915 Frid.
1368 1880 1549 1929 symm-gif,
1578 1883 1633 1929 qni
1653 1881 1754 1914 varias
1777 1878 1853 1914 letst.

195 1929 386 1963 ethomas
403 1929 507 1961 varias
521 1928 724 1976 μονοςῖχες,
740 1943 758 1965 e
775 1933 913 1966 comicis
929 1940 962 1966 et
975 1934 1105 1980 tragicis
1122 1933 1280 1968 veteribus
1299 1933 1454 1970 collectas
1469 1944 1500 1969 et
1516 1930 1571 1968 sub
1589 1932 1688 1969 titulis
1703 1930 1853 1980 digestas,

199 1980 356 2016 adiunxit.
387 1979 444 2026 [if]
470 1984 603 2027 graece.v

50 2031 53 2047 t
95 2049 275 2097 [Plutarchi
300 2044 413 2098 opusc.
435 2046 476 2083 de
496 2047 680 2083 liberorum
702 2047 835 2085 institut.
869 2052 949 2085 item
976 2047 1126 2086 Isocratis
1151 2056 1318 2089 orationes
1340 2065 1404 2090 tres
1428 2052 1469 2089 ad
1490 2056 1592 2090 Dem.
1609 2053 1650 2090 ad
1667 2051 1851 2090 Nicoclem.

199 2101 362 2138 Nicocles.
391 2101 617 2148 lVittebcrgae
640 2113 728 2145 1574·
753 2109 783 2143 8.
813 2106 957 2150 graece]

51 2183 53 2195 ⁴
91 2169 315 2218 [Ingossadt‚
343 2172 429 2206 1610.
449 2175 479 2210 8.
507 2169 610 2217 Isocr.
631 2180 692 2205 tres
709 2169 784 2205 illae
806 2180 903 2206 oratt.
928 2182 960 2206 et
981 2172 1165 2221 Euagoras.
1190 2185 1238 2221 gr.
1257 2182 1287 2208 et
1302 2172 1375 2220 lah]

93 2238 235 2288 [Halae,
263 2241 350 2283 1627.
374 2243 405 2279 8.
434 2251 512 2272 cum
537 2238 699 2274 Plutarchi
723 2237 943 2288 Paedagogia.
969 2253 1021 2289 gr.
1041 2251 1072 2276 et
1094 2239 1153 2277 lat.
1189 2260 1239 2269 —-
1273 2243 1310 2278 In
1332 2242 1483 2280 biblioth.
1499 2242 1664 2281 Hulfiana
1690 2250 1774 2280 tom.
1791 2243 1848 2277 111.

193 2305 242 2327 nr.
259 2304 352 2338 7457.
381 2301 517 2326 notatur
534 2304 611 2327 ann.
628 2291 735 2338 1628]

52 2330 55 2347 ἱ
90 2360 178 2408 [ibid.
202 2363 294 2404 1630.
323 2367 353 2400 8.
370 2373 448 2395 cum
474 2358 558 2396 Plut.
582 2358 679 2395 Paed.
700 2372 751 2408 gr.
777 2368 809 2394 et
827 2357 904 2404 lat.]

54 2415 55 2418 Ἰ
89 2429 195 2466 Amst.
216 2433 307 2474 1643.
327 2436 360 2470 8.
387 2427 475 2480 apud
490 2430 563 2464 Ioh.
581 2426 787 2465 Iansonium.
814 2439 941 2477 graece.

1625 2490 1845 2538 Chr-Ji'opbori
