2183 2747
41 149 103 179 Vos
109 149 133 179 1.
144 158 170 185 p.
179 156 227 185 3⁹¹!

720 148 869 185 BABRII
904 149 930 185 F
931 148 1103 185 ABVLAE

1402 148 1474 184 Lib.
1486 148 1535 184 II.
1553 160 1576 183 e.
1588 159 1618 191 9.
1723 148 1789 192 629

40 245 205 297 quosdam
219 243 394 288 scazontes,
414 240 544 287 ἄκεα-ον
558 240 617 292 &004⁸
626 244 764 297 Βαβςιέ
777 255 836 282 etc.
853 248 909 296 qui
926 243 1053 281 duobus
1071 244 1230 280 audiiores
1246 242 1400 293 leguntur
1415 243 1501 293 apud
1513 243 1666 280 Natalem
1677 243 1791 278 Comi-

39 310 109 336 tem
125 301 180 336 IX.
201 311 227 344 5.
255 296 507 348 Mytliologiae.
560 298 680 335 Fabula
696 296 762 348 ipsa
778 299 898 350 legitur
915 300 950 335 i'n
966 295 1120 334 Prosaicis
1136 298 1265 332 Graecis
1279 312 1297 333 a
1313 297 1474 334 Neueleto
1488 296 1626 346 vulgatis
1646 293 1710 330 sab.
1722 307 1790 340 245.

39 477 123 509 bulas
140 477 292 516 confundi,
315 477 432 511 Babri'i
446 477 558 509 fabulas
575 489 675 508 omnes
692 477 818 520 periisse,
842 489 886 509 re-

41 521 148 552 farfiss'e
165 530 262 553 tamen
279 523 334 552 lioc
350 522 489 552 damnum
511 524 676 561 Magistros,
706 523 829 552 redditis
854 522 886 552 il-

39 565 78 596 iis
92 566 234 597 Bebrio!
248 575 276 596 et
292 566 432 597 Gabriae
446 565 571 604 fabulis,
601 567 709 596 tametsi
727 565 826 596 versus
843 577 886 595 ra-

39 611 84 640 tio
103 610 276 640 abhorreat:
300 612 394 640 immo
413 620 465 639 nec
482 610 604 639 Babriae
623 609 700 640 forte
721 609 788 645 effe,
812 620 887 651 quae

38 653 96 684 hoc
111 655 231 684 nomine
246 653 449 684 venditantur:
465 654 597 683 Vosliiiin
614 656 644 684 in
659 655 786 695 antiquis
796 664 887 682 niem-

36 696 138 728 branis
155 697 283 738 Ignatii
293 696 431 728 Diacom·
454 707 563 727 nomen
588 698 623 727 iis
648 696 819 739 inscriptum
841 698 884 726 in-

38 739 161 776 venisse,
184 741 285 774 (Instit.
305 748 379 771 orat.
397 742 433 771 11.
453 749 490 775 ις.
508 746 545 776 ς.)
569 739 768 776 Neueletum‚
798 748 830 770 vt
855 742 885 770 in

38 783 223 825 praefatione
238 786 366 820 testatur,
391 786 421 814 in
439 783 576 814 Palatinis
591 783 701 814 schedis
718 785 885 825 Ignatium

38 828 246 869 Alnstigorem
262 826 556 869 reperisse..Bentlci
577 830 605 857 in
630 826 692 857 diss.
718 828 754 857 de
777 826 885 857 sabuli:

37 871 145 912 Aesopi
170 869 194 910 §.
217 874 252 901 V.
275 871 430 902 Rubrium
452 878 481 900 et
503 870 658 903 Gabi-iam
680 870 833 907 discernit,
857 880 885 900 et

38 914 138 944 nabi-ii
155 913 275 950 librum,
300 914 320 944 si
339 925 414 944 nunc
429 915 563 951 exstaret,
586 916 694 944 merito
713 917 826 957 opponi
843 913 883 943 la-

36 960 101 987 tino
115 957 259 993 Phaedro,
279 958 298 987 si
315 969 373 987 non
392 957 546 999 praeferri,
570 957 668 998 posse,
697 959 826 994 iudicat,
855 966 884 987 et

35 1008 134 1031 tumen
151 999 176 1040 §.
194 1003 259 1031 vu.
275 1001 429 1032 Babri'um
447 1012 538 1031 vnum
554 1001 590 1030 de
610 1003 763 1043 postremis
788 1002 882 1031 bonae

37 1052 125 1074 notae
148 1042 234 1074 fuisse
256 1047 407 1086 opinionis
431 1055 534 1075 errore
556 1044 710 1081 adfirmat,
739 1047 882 1086 variaque

36 1088 136 1119 Babrii
152 1086 326 1127 fragmenta,
349 1087 456 1118 fabulis
471 1087 621 1130 Aesopeis,
644 1099 719 1130 quae
734 1099 809 1118 nunc
831 1099 880 1118 ex-

36 1132 121 1167 stant,
143 1140 235 1162 mixta
256 1132 394 1162 recenset.
447 1134 548 1163 Nemo
574 1140 671 1162 tamen
697 1132 733 1162 de
757 1132 880 1163 Babrso

36 1178 159 1216 eiusque
190 1174 297 1206 fabulis
324 1175 430 1206 melius
462 1179 588 1212 meruit,
623 1187 712 1218 quam
746 1175 882 1207 Thomas

40 1218 213 1260 Zyrmhitt.
237 1230 325 1261 eques
341 1219 461 1258 Anglus,
486 1219 616 1250 etsocius
626 1222 724 1258 regiae
735 1228 881 1261 atquean-

36 1264 180 1304 tiquariae
199 1262 362 1299 societatis,
390 1263 524 1298 (denatus
545 1263 573 1293 d.
597 1272 636 1299 ις.
658 1265 779 1302 Augusti
800 1267 881 1302 1786.

35 1309 137 1337 aetatis
153 1310 214 1343 65‚)
237 1310 299 1348 qui,
323 1306 471 1349 suppresso
486 1309 618 1344 nomine,
641 1307 751 1337 edidit:

80 1391 245 1435 Differtat.
262 1393 298 1425 de
313 1392 442 1429 Babri'o.
464 1394 653 1435 fabularum
673 1393 883 1436 Aaefivpearum

29 1436 190 1479 scriptore.
216 1437 542 1478 Inscruntursabulae
555 1438 706 1479 quaedam
718 1438 881 1479 Aesopcaa,

35 1491 204 1523 ”tauquam
221 1481 352 1512 animia.-
365 1483 475 1515 edi’tae.
490 1492 529 1512 ex
545 1482 609 1512 cod.
620 1482 687 1513 MS
702 1482 880 1513 Bodleiano.

34 1525 191 1556 Accedunt
201 1524 519 1565 Bebriismgmenta.
530 1525 755 1564 Londinii776.
771 1527 838 1554 mai.
856 1531 880 1557 ε.

36 1578 64 1598 et
73 1569 196 1599 editioni
207 1567 272 1597 suae
281 1569 394 1609 Orphei
409 1568 444 1598 de
454 1569 612 1610 Lapidibus
622 1567 806 1601 AuHarium
815 1568 879 1598 sub-

36 1613 119 1642 iecit:
155 1614 251 1647 Quam
274 1611 464 1642 dofuffimam
489 1611 718 1642 dissertationem
732 1623 790 1644 vna
811 1623 878 1641 cum

36 1657 174 1687 Aneiai-io
187 1655 264 1696 typis
280 1655 474 1685 recudendam
490 1659 593 1686 curaui
603 1656 751 1695 Erlangae.
763 1661 839 1694 1785.
852 1661 877 1687 8.

38 1699 168 1738 Diligens
182 1709 300 1739 quoque
318 1700 535 1733 Tyrwhittiani
556 1698 649 1730 libelli
663 1700 781 1730 censura
798 1700 836 1729 est
846 1701 878 1729 in

35 1742 215 1772 bibliotheca
238 1745 336 1771 critica
350 1741 506 1773 Amstelod.
523 1743 582 1774 vol.
600 1745 622 1774 1.
640 1752 713 1786 part.
723 1746 760 1775 11.
778 1756 806 1786 p.
824 1753 876 1773 120

39 1784 99 1828 sqq.
158 1783 313 1823 Tys-what
340 1786 434 1815 statim
463 1786 500 1817 ab
520 1788 607 1817 initio
632 1788 670 1817 de
683 1796 796 1825 aetate,
819 1797 878 1828 qua

38 1826 232 1870 probabiliter
246 1829 354 1856 vixerit
370 1827 519 1865 Babrius,
542 1838 625 1860 acute
642 1830 762 1861 dissei-it.
807 1829 877 1860 Col-

38 1872 101 1910 ligit
118 1875 226 1908 igitur,
256 1871 393 1900 Babrium
416 1871 563 1902 bonorum
584 1882 677 1903 aetate
701 1874 877 1915 scriptorum

37 1913 184 1950 floruisse,
225 1916 354 1954 primum
385 1924 419 1944 ex
441 1914 578 1945 versuum
601 1918 663 1946 eius
685 1916 827 1956 elegantia
848 1926 877 1948 et

35 1959 196 1990 suauitate3
219 1965 280 1986 tum
298 1968 331 1986 ex
350 1956 416 1986 loeo
437 1958 591 1998 Apoi'ioiiii
612 1960 681 1989 Lex.
707 1961 830 1991 Homer.
847 1971 876 1992 v.

28 1999 127 2038 Ἀαὸι,
154 2003 205 2042 qui
221 2000 432 2030 verisimillima
447 2002 614 2031 coniee‘tura
640 2005 669 2032 in
693 2003 876 2035 choliambos

37 2047 180 2084 tetigitur
204 2053 231 2074 et
255 2044 290 2073 ad
311 2045 466 2080 Babrium,
496 2055 566 2084 ergo
587 2045 763 2087 Apollonio,
794 2051 876 2078 cuius

35 2099 112 2122 aetas
121 2093 150 2120 in
166 2097 299 2129 tempera
307 2089 426 2126 Augusti
443 2088 569 2118 incidere
580 2089 707 2126 videtur,
728 2094 876 2133 antiquio-

35 2145 116 2169 rem,
145 2131 290 2164 refertum
334 2131 460 2172 denique
483 2142 518 2161 ex
541 2132 723 2173 praefatione
744 2135 876 2172 Auiani,

35 2182 86 2220 qui
101 2176 238 2208 Babriurii
254 2185 319 2204 ante
332 2175 494 2205 Phaedrum
514 2174 646 2207 collocat.
691 2178 826 2208 posthaec
840 2189 877 2210 ex

35 2221 136 2252 codice
152 2218 325 2254 Bodleiano,
357 2221 399 2253 (in
424 2217 514 2254 Catal,
544 2218 615 2249 bibl.
638 2220 721 2251 Bodl.
741 2233 769 2251 n.
783 2225 876 2259 2906.

36 2263 88 2296 snb
101 2263 187 2295 titulo
204 2262 339 2303 Apologi
356 2263 441 2293 varii
454 2265 523 2303 gr.)
545 2265 596 2303 qui
621 2263 770 2305 hucusque
789 2264 876 2296 latuit

36 2307 141 2350 Aesopi
157 2306 295 2342 editores,
318 2305 465 2347 descripsit
480 2315 567 2347 atque
581 2305 736 2338 illustrauit
754 2307 874 2338 fabellas

35 2350 158 2394 aliquot,
183 2361 258 2391 quae
271 2352 300 2379 in
315 2349 397 2379 nullo
413 2349 472 2380 alio
489 2348 595 2391 Aesopi
609 2349 709 2380 codice
725 2350 872 2390 leguntur,

36 2403 66 2427 ee
78 2405 150 2437 quas
164 2405 199 2424 ex
214 2393 312 2423 Babrii
334 2392 507 2423 choliambis
523 2395 551 2422 in
566 2393 681 2434 prosam
705 2397 872 2426 orationem

26 2439 186 2470 -eonuersas
216 2436 299 2467 fuisse
329 2437 525 2467 demonstrant
548 2447 607 2466 non
633 2437 724 2468 modo
756 2439 871 2469 disieeu

36 2483 166 2518 nembro
179 2489 283 2524 poetae
298 2481 399 2525 passim
415 2482 617 2523 occurrentia,
639 2479 689 2514 sed
709 2484 798 2517 etiam
816 2484 870 2518 Ba-

1642 348 1790 383 Tzctzcs

1076 350 1265 393 ickkk3

939 478 997 509 brii
1017 477 1177 516 fragmenta
1192 476 1335 518 quaedam
1353 486 1369 506 a
1384 475 1473 506 Suida
1486 474 1665 505 conseruata.
1712 473 1788 504 Dein

940 521 1034 552 adfert
1057 521 1197 562 quasdam
1219 519 1351 556 fabulas,
1390 530 1464 561 quae
1489 518 1586 561 plures
1606 517 1688 554 sunt,
1712 527 1787 558 quae

940 577 1006 595 cum
1024 566 1122 601 editis,
1144 567 1195 601 ait,
1219 567 1249 595 in
1266 564 1378 595 sumina
1397 574 1495 593 reruni
1512 563 1671 592 conuenire
1685 561 1785 591 dicun-

939 618 998 645 tur,
1022 609 1140 639 eaedem
1162 617 1257 639 tamen
1279 608 1369 638 verba
1390 607 1533 648 quaedam
1549 607 1674 648 poetica,
1698 605 1785 646 phra-

939 653 981 682 ses
996 652 1201 691 elegantiores,
1217 661 1244 682 et
1262 654 1350 682 etiam
1366 650 1466 682 versus
1476 653 1605 688 integros
1619 659 1652 678 ex
1665 649 1784 685 Babrio,

938 704 971 727 vt
985 697 1113 732 videtur,
1130 696 1279 726 deriuatos
1288 694 1470 729 conseruauit,
1487 704 1561 734 quos
1577 695 1606 722 in
1615 691 1678 722 aliis
1687 702 1784 722 exem-

938 739 1069 781 plaribus
1085 739 1190 770 frustra
1207 750 1339 781 quaeras.
1385 741 1424 770 Ex
1443 739 1500 773 his,
1529 739 1689 779 opinatur,
1718 735 1784 766 satis

938 783 1122 813 manifestum
1138 782 1204 818 esse,
1229 782 1412 813 colle-&ionis
1429 781 1606 812 Bodleianae
1620 781 1784 815 auidiorem,

938 838 1024 867 quc-ni
1043 826 1155 857 saeculo
1179 827 1356 856 duodecimo
1369 825 1474 856 vixiss'e
1488 823 1657 866 suspicatur,
1683 823 1783 853 Babrii

937 871 1058 906 librum,
1073 870 1190 900 fortasse
1207 873 1365 908 integrum,
1387 877 1452 899 aute
1469 868 1569 898 oculos
1587 866 1728 903 habuisse,
1753 873 1782 896 et

937 925 972 943 ex
989 913 1040 944 illo
1058 914 1177 944 fabellas
1193 913 1334 955 plurimas
1352 914 1403 944 sibi
1419 911 1605 954 descripsisse,
1628 919 1657 941 et
1670 912 1781 940 oratio-

937 960 967 987 ni
988 958 1053 987 suae
1068 957 1226 999 prosaicae,
1244 957 1327 999 saepe
1350 959 1466 987 ieiunae
1490 964 1518 985 ct
1540 955 1682 985 barbarae
1703 953 1781 993 frag-

937 1009 1034 1032 menta
1046 1002 1147 1031 Babrii
1162 1001 1263 1037 multa,
1289 1011 1417 1042 quorum
1437 998 1548 1029 sensum
1572 998 1706 1028 sermone
1729 1007 1781 1039 pe-

936 1045 1022 1075 destri
1046 1048 1212 1087 exprimere
1230 1045 1391 1081 nesciebat,
1423 1041 1626 1078 immiscuiffe,
1655 1042 1782 1083 quaein

935 1087 1000 1118 aliis
1013 1088 1237 1119 collectionibus
1251 1097 1301 1119 aut
1317 1099 1376 1118 non
1390 1097 1524 1122 omnino,
1547 1094 1597 1115 aut
1610 1083 1710 1115 saltem
1735 1083 1779 1114 di-

935 1132 1016 1163 verse
1033 1132 1180 1171 leguntur.
1226 1133 1290 1162 Post
1303 1135 1363 1170 agit
1378 1131 1414 1160 de
1428 1130 1492 1160 aliis
1509 1129 1615 1170 Aesopi
1629 1128 1780 1158 codicibus

936 1183 964 1206 et
979 1176 1160 1206 editionibus
1175 1176 1369 1217 principibus,
1383 1184 1411 1204 et
1425 1186 1452 1216 p.
1471 1184 1515 1209 25.
1546 1173 1599 1203 sibi
1621 1170 1779 1202 verisimile

934 1220 1044 1256 videri,
1068 1221 1235 1261 profitetur,
1252 1218 1440 1249 c‘ollcdiones
1455 1228 1573 1253 omnes,
1597 1226 1668 1257 quas
1688 1215 1780 1245 hodie

934 1270 1077 1297 tenemus¹
1102 1262 1267 1293 fabularum
1277 1263 1471 1304 Aesopearum
1485 1262 1519 1290 ab
1534 1270 1624 1302 opere
1634 1259 1780 1289 Babriano

935 1309 1082 1345 originem
1106 1308 1186 1337 suam
1203 1306 1333 1343 duxisse,
1362 1304 1541 1335 differentias
1559 1312 1656 1334 autem
1677 1311 1779 1332 earum

935 1351 991 1381 esse
1023 1350 1208 1392 imputandas
1231 1349 1414 1380 multitudini
1435 1348 1630 1390 scriptorum,
1660 1356 1710 1387 qui
1733 1344 1776 1375 di-

934 1395 1023 1425 versis
1039 1395 1221 1436 temporibus
1239 1402 1266 1423 et
1283 1393 1353 1423 locis
1368 1402 1396 1422 et
1411 1394 1533 1430 ingeniis
1549 1400 1577 1420 et
1601 1389 1699 1420 studiis
1716 1398 1775 1418 me-

933 1446 1048 1469 trorum
1058 1438 1333 1477 elegantiffiinorum
1342 1445 1437 1478 partes
1448 1438 1542 1466 varias
1558 1445 1612 1476 pro
1628 1433 1713 1463 libitu
1723 1431 1776 1462 suo

933 1485 1070 1523 quisque,
1094 1485 1124 1512 in
1141 1481 1254 1523 prosim!
1273 1480 1462 1510 traducendas
1478 1477 1643 1509 sumsissciit.
1691 1478 1775 1505 Men-

933 1534 991 1555 tem
1008 1536 1080 1555 vcro
1096 1525 1174 1555 suam
1190 1526 1309 1554 vberius
1326 1523 1477 1565 explicuit,
1507 1522 1644 1552 Babriuni
1661 1518 1774 1560 expoli-

932 1569 1004 1600 visse
1032 1569 1206 1598 clioliainbis
1227 1567 1351 1603 fabulas,
1375 1577 1450 1607 quae
1467 1566 1517 1596 sub
1533 1564 1636 1605 Aesopi
1653 1565 1775 1593 nomine

930 1612 1112 1649 ferebantur,
1136 1623 1171 1642 ex
1184 1611 1311 1641 aliorum
1327 1612 1453 1640 inuentis
1467 1620 1525 1639 non
1540 1617 1643 1651 parum
1659 1607 1776 1640 afletan

930 1666 966 1686 ex
982 1667 1019 1686 eo
1037 1665 1170 1698 tempore
1185 1654 1293 1693 negligi
1309 1653 1432 1695 corpisse
1454 1652 1616 1695 prosaicam
1631 1650 1773 1692 Aesopea·

931 1711 997 1730 rum
1020 1699 1240 1730 collectionem:
1279 1698 1463 1738 sequioribus
1490 1695 1609 1726 sacculis
1637 1695 1773 1724 homines

931 1743 1007 1774 male
1029 1743 1150 1773 feriatos
1169 1743 1282 1774 Batai-ii
1304 1741 1415 1771 fabulas
1438 1743 1466 1770 in
1485 1739 1599 1781 prosam
1614 1735 1771 1773 reduxisse,

929 1787 1063 1829 adeoque
1078 1787 1168 1817 libros
1186 1785 1351 1816 fabularum
1367 1784 1578 1825 Aesopearum‚
1606 1783 1657 1822 qui
1681 1780 1773 1810 hodie

930 1831 1076 1866 feruntur,
1099 1831 1134 1861 ab
1152 1830 1317 1861 iuniorum.
1334 1828 1481 1858 Graeculis
1496 1825 1643 1856 conse-&os
1667 1824 1722 1854 csse
1744 1830 1773 1853 et

931 1886 966 1905 ex
985 1875 1130 1905 Babriano
1147 1885 1237 1915 opere
1253 1873 1365 1902 ductes.
1409 1874 1497 1906 Hinc,
1522 1872 1672 1911 opinatur,
1696 1868 1770 1896 acci-

931 1917 1013 1955 disse,
1036 1926 1068 1949 vt
1083 1918 1247 1947 fabularum
1263 1915 1385 1957 Aesopi,
1409 1925 1482 1956 quae
1503 1924 1518 1942 a
1540 1912 1689 1943 veteribus
1709 1920 1770 1940 me-

930 1970 1095 1998 morantur,
1119 1961 1192 1991 aliae
1213 1963 1242 1990 in
1258 1959 1340 1989 libris
1355 1959 1506 1989 hodiernis
1526 1955 1769 1990 desiderarentur,

929 2005 1003 2036 aliae
1018 2013 1143 2035 mutatae
1170 2004 1349 2042 legerentur:
1378 2002 1532 2043 scriptores
1555 2002 1632 2030 enim
1658 2000 1771 2028 nostros

929 2060 976 2079 eas
992 2048 1085 2079 solum
1100 2047 1223 2083 fabulas,
1241 2057 1310 2088 quas
1327 2045 1500 2080 libuisset,et
1516 2045 1616 2085 prouti
1630 2040 1770 2078 libuisset,

929 2092 1063 2125 vertiss'e;
1085 2091 1181 2122 forsan
1200 2091 1336 2121 Babrium
1353 2089 1446 2131 ipsum
1463 2086 1604 2118 nonnulla
1622 2083 1770 2126 reliquisse

929 2137 1048 2172 intaeta,
1075 2134 1215 2165 nonnulla
1237 2136 1324 2163 etiam
1347 2145 1401 2174 pro
1422 2133 1546 2162 arbitrio
1563 2128 1768 2161 immutaiiiffe.

930 2182 1064 2221 Denique
1086 2181 1116 2208 in
1138 2178 1303 2212 codicibus,
1346 2176 1394 2211 (de
1424 2176 1530 2218 quibus
1551 2176 1647 2217 postca
1673 2173 1768 2204 sermo

928 2226 998 2259 erit)
1021 2222 1152 2252 nondum
1175 2221 1351 2262 exploratis,
1381 2231 1447 2250 cum
1467 2221 1569 2261 primis
1592 2217 1767 2257 antiquiori-

927 2266 992 2302 bus,
1016 2265 1121 2296 multas
1135 2264 1246 2294 fabulas
1263 2265 1399 2295 haftenus
1423 2264 1565 2298 ineditas,
1595 2269 1646 2291 aut
1667 2259 1766 2290 salt-ern

927 2309 1072 2339 editarum
1086 2307 1191 2338 multas
1213 2307 1277 2338 stilo
1297 2309 1467 2338 amoeniore
1488 2315 1515 2336 et
1535 2305 1691 2348 purpureis
1715 2304 1768 2333 Ba-

927 2353 984 2382 brii
1001 2354 1103 2394 pani-is
1118 2360 1292 2388 ornatiores,
1317 2351 1411 2381 multo
1428 2349 1511 2392 plura
1522 2352 1620 2391 operis
1628 2347 1767 2379 Babriani

926 2395 1088 2434 fragmenta
1098 2395 1200 2431 latere,
1217 2394 1343 2431 censens,
1354 2395 1486 2425 eruditos
1503 2394 1637 2424 homines
1647 2392 1681 2421 ad
1699 2392 1766 2419 ilios

924 2438 1016 2469 libros
1031 2438 1150 2480 scriptos
1166 2438 1339 2475 lustrandos,
1363 2438 1519 2477 diligenter
1532 2434 1720 2467 excutiendos
1735 2436 1767 2464 in

923 2482 1066 2526 vsumque
1082 2482 1233 2527 publicum
1249 2483 1446 2526 exesi-pendes
1461 2483 1568 2514 inuitat
1589 2482 1766 2518 incitatque:

1572 2521 1770 2564 inspiciendos
