2071 2747
785 95 1022 135 socRA‘rEs
1261 101 1334 140 Lib.
1346 103 1396 141 II.
1409 116 1434 140 c.
1448 103 1601 144 XXIV.
1708 112 1771 154 683

33 205 121 232 enno
143 193 285 229 moueri.
347 193 410 226 Aut
432 194 574 238 putauit,
609 192 856 230 admonitiones
878 192 923 231 sui
947 192 1120 231 daemonis
1144 198 1242 232 etiam
1269 198 1308 234 ad
1330 199 1472 249 reliquos
1495 205 1658 250 pertinere
1679 203 1769 243 deos.

28 243 240 292 Qaessionis
265 253 376 279 autem
399 255 493 292 caput
515 244 578 286 est,
604 247 686 281 num
709 250 860 282 Socrates
883 245 1074 286 crediderit.
1102 246 1157 284 sibi
1182 249 1320 300 aliisque
1349 253 1444 288 bonis
1467 251 1574 290 sutura
1590 256 1730 304 praedici
1750 273 1770 294 a

29 297 150 335 diuinis
172 295 369 346 quibusdam
391 299 529 336 naturis,
561 307 593 332 et
620 311 734 335 annon
761 298 851 335 Plato
871 298 1040 335 historiam
1065 298 1106 335 de
1128 299 1213 337 illius
1232 301 1395 340 daemone
1418 318 1456 340 ex
1479 307 1766 356 Pythagoreorum

29 348 157 400 placitis
170 350 350 385 exornarit.
404 347 473 384 Nili
495 349 686 399 Xenophon
709 350 867 400 quaedam
891 350 933 387 de
954 350 1009 387 ista
1025 354 1166 388 Socratis
1183 356 1344 402 opinione
1365 362 1547 394 memoriae
1563 359 1768 408 prodidiss'et,

30 402 238 451 reliquorum
262 401 504 437 narrationibus
528 399 624 438 facile
645 402 762 450 aliquis
787 417 828 440 eo
843 401 958 439 adduci
978 402 1092 452 possit,
1118 415 1151 440 vt
1167 416 1271 442 totam
1286 408 1456 445 historiam
1475 410 1513 445 ad
1533 414 1698 449 maiorem
1713 428 1768 451 au-

30 454 220 491 {toritatem
237 455 363 488 Socrati
380 453 621 489 conciliandam
639 453 733 491 fuiffe
747 453 971 504 compositam
995 456 1243 506 contietamquc
1261 459 1381 496 credat.
1433 462 1561 512 Qibus
1591 477 1670 501 vero
1698 469 1767 516 pig-

30 508 152 546 mentis
169 505 406 554 coloribusque
423 506 579 554 Apuleius
597 508 716 556 aliique
733 508 902 544 historiam
921 506 1010 543 islam
1026 507 1111 545 olim
1130 509 1362 548 illuminarunt
1376 523 1473 562 atque
1495 528 1564 550 rem
1590 529 1766 567 exaggera-

31 570 128 601 tunt,
154 571 190 594 ea
206 558 355 594 redolent
374 555 646 605 superstitionem,
668 562 789 608 ingenii
809 561 989 603 luxuriem,
1008 572 1039 596 et
1056 563 1342 612 Pythagoreorum
1361 563 1766 615 Neoque⁵platonicorum

28 608 167 647 scholas.
221 610 294 645 Alia
311 623 350 645 ex
365 612 603 658 antiquioribus
621 623 651 646 et
667 614 901 648 recentioribus
928 610 1051 660 scriptis
1078 626 1246 657 enarrant,
1273 627 1328 652 aut
1348 618 1514 666 explicant
1538 618 1768 672 illustrantque

29 662 124 699 illam
145 663 349 698 Socraticam
377 664 596 710 opinionem,
625 666 672 699 vit·
692 663 809 700 doctus
834 667 867 700 in
889 664 1090 700 Bibliotheca
1117 666 1341 716 philologica,
1373 683 1450 706 cum
1477 669 1579 722 praef.
1606 675 1766 719 VValchii,

30 716 100 752 voi.
118 716 175 751 lu.
200 714 340 762 part.'V.
363 727 412 750 nr.
431 728 441 749 1
459 727 518 750 etc.
546 736 596 743 —
651 718 702 751 Io.
731 717 862 763 Gottfi·.
887 718 1113 763 Hauptmnnn.
1133 721 1164 753 iu
1182 720 1279 755 doc'la
1301 720 1509 769 prolufione:
1536 724 1765 764 Daemonium

30 769 175 803 Socratis
196 766 282 802 haud
308 780 495 814 quaquam,
521 779 553 802 vt
577 780 647 803 non
671 782 774 804 nemo
797 768 918 809 credit,
945 767 1007 804 effe
1033 771 1190 818 Spiritum
1209 772 1242 808 8.
1272 773 1398 821 probat.
1423 770 1540 818 Gerae,
1565 789 1653 821 1777.
1674 793 1706 824 4.
1735 790 1766 816 et

31 821 83 857 10,
101 821 211 856 Maria
227 820 399 866 Largfrcdi,
423 818 510 858 rios,
530 822 605 855 iuris
631 821 751 867 publici
778 824 810 856 in
838 819 926 856 acad.
952 819 1080 864 Pisana,
1109 825 1164 871 qui
1189 824 1366 872 probatum
1389 829 1514 863 iuitin:
1540 830 1641 877 Saggi
1657 829 1690 866 di
1706 829 1768 868 dis.

29 869 203 909 sertazioni
219 871 448 907 accademirlxe
465 873 728 920 pnbblicamente
748 873 822 908 lette
839 873 924 908 nella
942 874 1052 909 nobile
1066 877 1184 911 Accad.
1213 875 1345 913 Etrusca
1363 878 1440 915 dell·
1461 881 1680 928 antiquissima
1699 885 1768 920 Cit-

29 935 61 960 ta
75 923 107 959 di
123 928 285 964 Cortona,
313 924 380 959 vol.
397 925 472 958 vm
510 925 655 960 Florent.
675 936 759 969 ¹753-
788 939 835 960 nr.
854 926 891 959 X.
915 940 985 973 pag.
1003 931 1192 973 185—197.
1247 930 1390 966 Genium
1405 932 1546 968 Socratis
1565 930 1659 970 fuisse
1676 934 1765 972 illius

28 979 214 1027 ingenium,
235 979 400 1018 animum,
434 974 655 1026 sagacitatem,
680 979 789 1013 multo
805 975 857 1011 vsu
875 977 1046 1026 ilud-oque
1067 978 1266 1028 acquilitam.
1490 982 1494 985 ’

131 1030 184 1064 De
207 1031 276 1064 eius
299 1029 434 1069 militia,
459 1028 802 1069 munere·senatorio,
830 1027 1088 1078 philosophandi
1110 1031 1316 1082 docendique
1341 1036 1485 1076 ratione,
1513 1038 1673 1086 coniugio
1688 1041 1768 1076 vita.

29 1094 96 1131 que
118 1084 243 1129 priuata
266 1081 320 1116 alii
344 1079 473 1116 abunde
498 1079 707 1130 disputarunt.
762 1082 852 1117 Duas
877 1096 1014 1125 uxores,
1042 1084 1254 1129 Myrtonem,
1280 1092 1327 1127 (ν.
1349 1083 1442 1135 supra
1463 1087 1520 1123 lib.
1544 1090 1584 1124 lt.
1607 1103 1676 1138 cap.
1693 1092 1766 1132 XV,

28 1137 58 1177 §-
74 1140 126 1177 48,
150 1146 224 1181 pag.
245 1135 316 1178 ιη)
335 1145 365 1168 et
382 1133 566 1181 Xantippen
579 1162 588 1175 ,
615 1146 735 1182 easque
758 1132 876 1180 simul,
899 1149 916 1169 a
933 1137 1067 1170 Socrate
1085 1138 1117 1169 in
1137 1139 1390 1173 matrimonium
1414 1137 1525 1174 duetas
1541 1137 1650 1183 fuisse,
1676 1140 1767 1180 fama

28 1184 74 1222 est
84 1197 184 1223 vetus,
207 1199 234 1220 ν.
245 1186 419 1233 Diugencm
437 1187 541 1221 Laert.
558 1187 596 1220 li.
613 1190 665 1224 26.
697 1187 813 1220 Athen.
827 1187 910 1220 ΧΙΗ.
927 1188 997 1222 init.
1021 1200 1153 1235 pag.555
1171 1186 1212 1237 sq.
1249 1192 1379 1224 Surdum
1397 1193 1429 1226 in
1438 1193 1580 1227 Socrate.
1608 1196 1765 1231 Nouvell.

28 1251 95 1286 rep¹
114 1237 145 1273 d.
162 1237 246 1273 lettr.
266 1250 346 1282 ¹7¹7·
371 1251 443 1285 pag.
460 1241 535 1273 206.
550 1251 588 1272 ex
607 1235 800 1274 Humfredo
817 1237 982 1277 Prideaux.
1038 1241 1222 1276 Enimuero
1240 1241 1272 1276 id
1287 1241 1372 1291 apud
1389 1243 1545 1280 eumdem
1558 1247 1764 1285 Athenaeum

24 1292 91 1326 iam
107 1292 240 1338 negauit
258 1291 422 1325 Panaetius
440 1289 610 1332 Rhodius,
636 1292 688 1325 cui
705 1292 850 1326 maxime
876 1291 919 1326 ob
940 1289 1104 1328 silentium
1127 1294 1301 1329 audiorum
1324 1295 1530 1343 aequalium,
1557 1299 1765 1349 Socratisqu'e

23 1342 110 1379 adeo
132 1339 390 1390 discipulorum,
427 1342 587 1381 Platonis,
617 1344 847 1390 Xenophontis
873 1342 1083 1392 aliorumque
1106 1346 1285 1388 accedunt,
1321 1348 1433 1381 Rollin
1468 1350 1501 1383 in
1529 1350 1592 1384 vita
1621 1352 1762 1389 Socratis

27 1405 112 1430 tom.
132 1396 188 1429 iv.
208 1396 308 1443 antiq.
328 1395 401 1429 hili.
441 1395 583 1429 chhi.
601 1395 633 1428 in
650 1393 718 1429 (ΜΤ.
734 1393 775 1429 de
791 1393 878 1442 episi.
894 1396 1038 1430 Socratis
1057 1398 1090 1444 §.
1103 1398 1188 1433 Xlli.
1213 1411 1286 1447 pag.
1301 1411 1337 1443 73
1357 1397 1406 1448 sq.
1431 1397 1509 1438 vers.
1524 1400 1576 1437 lat.
1595 1403 1762 1452 Lennepii.

0 1459 3 1463 ’
26 1447 258 1493 Hindenburg.
276 1449 307 1482 in
325 1444 598 1482 auiniaduetsson.
618 1449 651 1481 in
660 1447 892 1494 Xenophontis
906 1449 956 1483 M.
973 1450 1002 1482 S.
1025 1447 1246 1496 Lipsiae1769.
1263 1458 1292 1492 8.
1310 1463 1385 1500 pag.
1396 1463 1442 1495 71.
1471 1453 1623 1501 Meinas
1639 1457 1672 1490 in
1688 1455 1761 1493 hist.

24 1498 168 1535 doctrin.
193 1497 279 1546 apud
305 1499 466 1541 Graecos,
493 1508 576 1534 tom.
599 1499 634 1536 ll.
661 1511 732 1547 pag.
751 1510 817 1542 522.
841 1510 912 1535 not.
967 1499 1029 1535 Sed
1053 1500 1105 1536 illa
1122 1501 1291 1548 Xantippe
1314 1514 1451 1552 propter
1465 1503 1695 1543 morositatem
1722 1511 1764 1544 ri-

25 1550 193 1600 nudique
211 1550 381 1586 libilinem
400 1549 470 1586 satis
491 1548 618 1586 famosa
635 1550 680 1585 est
701 1562 731 1586 et
749 1553 873 1586 veroin
892 1551 1106 1599 prouerbium
1122 1554 1214 1588 abiit:
1242 1565 1340 1603 atque
1353 1559 1521 1595 Socrates,
1545 1558 1636 1606 quod
1652 1573 1760 1609 aequo

26 1606 141 1640 animo
158 1603 229 1638 tulit
246 1603 332 1638 illius
350 1616 461 1638 mores
477 1613 573 1650 atque
587 1604 871 1650 importunitatem
883 1629 891 1643 ,
919 1618 935 1638 a
954 1602 1200 1641 mansu-etudine
1224 1617 1255 1641 et
1271 1610 1422 1655 patientia
1440 1609 1583 1644 multum
1600 1610 1760 1649 laudatur.

26 1656 193 1703 (Bonifac.
216 1657 285 1690 XV.
311 1668 344 1701 9.
372 1654 489 1691 histor.
511 1655 654 1691 ludicrae
664 1657 690 1700 ).
739 1657 893 1691 Attamen
911 1655 994 1691 illiue
1017 1659 1137 1705 iiigtnii
1158 1656 1276 1693 fanum
1293 1670 1324 1694 et
1343 1672 1478 1695 morum
1497 1663 1704 1700 acerbitatem
1721 1665 1760 1700 ab

25 1709 137 1743 omnis
154 1710 337 1743 memoriae
354 1708 591 1743 obtrectatione
609 1718 705 1756 atque
721 1709 906 1756 opprobriis
931 1708 1091 1744 vindicare
1109 1709 1297 1746 {induerunt
1322 1722 1421 1760 atque
1437 1713 1613 1762 Xantippes
1631 1717 1760 1753 virtutes

25 1758 200 1797 laudarunt
222 1761 435 1794 Heumamms
466 1762 499 1794 in
521 1761 599 1795 aclis
621 1757 737 1808 philos.
761 1770 843 1795 tom.
862 1761 886 1796 1.
912 1773 986 1808 pag.
1005 1774 1061 1804 ¹03
1079 1759 1142 1810 sqq.
1164 1773 1195 1797 et
1214 1764 1331 1798 auc‘lor
1345 1767 1433 1800 vitae
1447 1766 1651 1809 Socraticae,
1677 1781 1761 1816 quae

24 1810 196 1849 Phaedoni
214 1810 436 1848 Mendelsonii
455 1811 595 1859 praefixa
608 1811 737 1861 legitur.
796 1814 895 1860 Atqui
916 1811 1012 1848 facile
1033 1815 1152 1856 eredo,
1179 1827 1236 1857 ea,
1259 1828 1341 1863 quae
1363 1816 1466 1866 vulgo
1491 1831 1761 1857 commemoran-

24 1874 78 1900 tur
99 1863 186 1900 dieta
207 1862 359 1913 fidaque
381 1865 576 1912 XantippeS,
604 1877 761 1913 magnam
786 1876 910 1913 partem
934 1863 995 1899 esst·
1020 1863 1096 1901 falsa
1118 1876 1149 1901 ct
1172 1871 1418 1907 commentitia,
1450 1882 1590 1919 eamque
1621 1885 1760 1909 vxor-em

23 1917 187 1965 proban),
213 1929 346 1965 parcam
369 1927 400 1952 et
425 1928 572 1951 tenacem
597 1917 861 1965 prudentemque
888 1915 998 1965 saepe,
1024 1917 1114 1966 quod
1138 1919 1285 1955 Socrates
1301 1917 1506 1968 disputando,
1530 1925 1759 1972 praecipiendo

24 1967 293 2018 ambulandoque
312 1968 454 2004 multum
471 1970 629 2016 temporis
646 1979 677 2003 et
694 1982 763 2004 rem
783 1967 980 2004 familiarem
999 1969 1158 2018 perdidit,
1188 1970 1298 2007 saltem
1317 1975 1398 2008 mire
1415 1973 1578 2022 neglexit,
1602 1975 1690 2015 filius
1707 1990 1761 2014 au.

24 2030 93 2056 tem
120 2018 182 2056 fuit
202 2023 418 2068 immorigcr,
446 2019 559 2055 iustam
583 2020 835 2069 legitimamque
857 2019 996 2056 cauffam
1023 2022 1229 2070 querelarum
1248 2026 1495 2073 iurgiorumque
1513 2026 1665 2064 habuisse.
1718 2033 1761 2067 Et

25 2083 136 2109 tamen
160 2077 317 2109 maritum
334 2086 456 2114 amare,
479 2071 520 2106 de
543 2073 677 2121 eiusque
695 2074 759 2107 vita
785 2072 927 2121 tristique
949 2076 1032 2108 vitae
1046 2077 1133 2110 exitu
1155 2075 1248 2112 valde
1265 2075 1401 2112 sollicita
1419 2076 1482 2114 esse
1500 2083 1616 2127 potuit.
1650 2083 1760 2130 Atque

0 2141 4 2147 ·
22 2124 128 2162 multa
142 2125 254 2161 talium
273 2138 415 2160 vxornm
434 2125 588 2171 exempla
606 2126 699 2159 omni
715 2135 817 2160 aetate
833 2136 863 2160 et
879 2126 995 2174 vbique
1011 2131 1225 2174 reperiuntur.
1266 2131 1396 2179 Qanta
1419 2142 1563 2167 vxorutn
1580 2133 1760 2170 multitudo

23 2180 118 2215 omni
142 2191 226 2212 aeuo
251 2181 318 2212 iure
343 2179 525 2224 iniuriaque
547 2173 623 2211 esset
645 2176 823 2225 culpanda!
853 2181 892 2211 At
914 2180 1001 2213 enim
1024 2178 1063 2213 ab
1087 2183 1181 2215 omni
1198 2182 1322 2215 rixandi
1339 2182 1612 2231 conuitiandique
1627 2185 1760 2223 libidine

22 2243 96 2267 cam
115 2227 310 2269 defendere,
339 2232 474 2276 eiusque
493 2230 625 2263 virtutes
643 2226 779 2263 summis
800 2229 945 2265 laudibus
963 2227 1089 2269 ‹ff.rre‚
1118 2231 1147 2266 id
1163 2231 1256 2268 claris
1276 2245 1421 2269 veterum
1440 2234 1632 2272 testimonii.-
1649 2239 1759 2275 Xrno.

17 2283 151 2329 phontis
170 2282 206 2316 11.
225 2294 253 2317 2.
277 2281 340 2323 (vbi
364 2281 435 2316 vide
452 2281 659 2316 Valckenarii
679 2292 793 2316 notam
817 2284 848 2316 in
873 2281 922 2316 ed.
942 2282 1068 2317 Ernesti
1090 2296 1163 2334 pag.
1176 2297 1242 2328 243·
1270 2294 1301 2320 et
1319 2286 1557 2336 Hindenburgii
1567 2290 1757 2328 animaduu.

21 2332 169 2372 laudatas
192 2347 265 2383 pag.
281 2345 323 2377 74
343 2330 403 2381 sq.)
431 2332 641 2381 aliorumque
669 2332 731 2368 fide
752 2333 934 2381 dignorum
961 2333 1166 2392 scrupotnm‘
1185 2349 1352 2386 repugnat.
1411 2339 1572 2388 Equidem
1594 2342 1758 2385 duritiem,

1 2387 290 2430 ,vehementiores
314 2387 415 2422 animi
447 2397 560 2421 motus
589 2396 622 2420 et
654 2385 738 2421 iulio
762 2386 927 2422 vhe-riores
951 2386 1188 2439 longorcsque
1204 2393 1288 2425 rixas
1305 2403 1414 2441 neque
1431 2395 1540 2442 probo
1554 2397 1588 2430 iu
1605 2394 1679 2437 issa,
1704 2408 1760 2430 ne-

856 2440 909 2476 Rr
926 2452 965 2475 rr
992 2451 1010 2474 ²
1694 2459 1759 2495 que
