2183 2747
296 150 362 193 876
466 148 538 184 Lib.
549 146 601 182 II.
615 159 640 184 c.
655 157 696 194 ¹5·
1041 145 1323 182 CATALOGVS
1763 145 1828 173 Vol.
1840 144 1865 174 1.
1878 154 1905 180 Ρ.
1917 152 1959 176 52¹
1970 146 1994 180 t
2005 152 2052 178 su

407 244 510 280 Hunc
523 242 705 293 Telaugen
720 240 878 291 singulari
893 240 1031 291 dialogo
1048 239 1114 276 flue
1129 239 1277 278 laudauit
1294 239 1361 278 flue
1383 238 1493 277 derisit
1516 236 1697 278 Aeschines
1719 242 1916 279 Socraticus.
1966 239 2053 278 Vide

405 297 597 346 Mmagium
617 294 658 332 ad
675 298 844 332 Laertium
859 297 900 330 11.
919 298 969 331 61.
998 296 1098 340 [etin
1117 294 1263 330 Historia
1280 293 1463 331 mulierum
1480 291 1711 344 philosophar.
1727 291 1759 345 §.
1779 293 1844 341 ει]

307 372 430 417 Teles,
457 385 497 408 ex
514 374 604 408 cuius
618 371 703 407 libro
719 369 796 420 περὶ
813 364 1031 418 αὐταρκείας
1045 365 1274 418 fragmentum
1290 372 1324 405 in
1348 367 1515 456 florileigio
1533 369 1679 412 Staberi,
1702 366 1800 405 serm.
1815 380 1843 416 5.
1867 382 1885 405 e
1908 367 1994 404 libro
2017 366 2061 404 de

411 425 511 462 exilio
528 422 624 460 serm.
640 430 693 467 38.
709 422 750 457 de
769 423 1020 470 comparatione
1038 419 1230 458 diuitiarum
1248 432 1280 458 et
1300 424 1427 458 virtutis
1467 434 1550 457 erin.
1568 427 1623 467 89.
1642 432 1674 457 et
1686 433 1739 468 93.
1760 420 1802 458 de
1823 424 1894 458 vita·
1910 430 1949 457 et·
1965 418 2058 471 quod

411 478 565 527 voluptas
580 490 649 512 non
665 474 702 510 fit
718 473 891 510 summum
909 474 1037 509 bonum
1055 471 1153 510 serm.
1172 478 1228 522 96.
1243 489 1262 511 e
1279 473 1364 510 libro
1386 474 1464 526 πεςῖ
1488 470 1701 525 ‘'refredo-em
1720 471 1817 510 serm.
1834 476 1907 510 106.
1931 473 2059 509 Fabric.

414 529 514 580 Apud
533 529 709 565 Eudociam
724 530 758 561 in
774 523 884 578 Ἰωνιᾷ
895 539 925 574 p.
941 532 990 571 85.
1011 526 1246 576 genealogiam
1269 526 1409 563 Achillis
1429 523 1656 563 edisserentem
1682 527 1772 562 Telcs
1793 525 1835 563 de
1853 525 1989 563 Achillis
2012 527 2062 561 in·

413 586 557 670 tei-itui?
574 583 628 667 ijs,
658 592 741 629 quae
759 577 858 614 illum
873 575 948 615 sunt
963 576 1184 630 consequuta,
1210 577 1367 631 scripsisse
1388 578 1518 616 dicitur.
1578 580 1633 615 An
1652 581 1689 615 in
1707 579 1795 617 libro
1814 577 1963 630 quodam
1986 581 2064 614 cita·

415 638 472 672 to?
539 646 579 668 ar
596 661 604 668 .

313 706 544 748 Temnonides
562 716 594 742 et
610 705 811 754 Euphranor
827 707 972 741 iuniores
987 706 1205 754 Pythagorici
1219 708 1362 744 citantur
1376 719 1395 743 a
1411 704 1599 744 Iamblicho
1620 707 1656 743 in
1670 706 1871 745 Nicomachi
1889 705 2066 742 Arithmet.

415 773 492 811 pag.
510 762 575 803 163.
630 758 693 793 Alii
712 755 842 793 codices
860 757 979 807 legunt
993 759 1181 807 Myom'des.

313 837 536 876 Theaetetus,
563 833 619 882 qui
635 831 798 880 Rheginis
812 829 902 880 leges
925 830 1009 868 tulit.
1061 832 1236 869 Iamblich.
1253 845 1326 884 cap.
1345 846 1397 878 30.

316 913 491 958 Theages‚
518 920 558 943 ex
576 909 668 942 cuius
683 906 769 942 libro
787 907 864 957 περὶ
881 904 1013 956 αἱρετῶν
1027 904 1216 956 fragmenta
1237 907 1361 944 exstant
1375 907 1463 959 apud
1478 909 1647 944 stobaeum
1661 905 1758 944 serm.
1775 918 1800 944 t.
1815 920 1847 958 p.
1864 918 1916 943 ιο.
1940 905 2069 942 Demo-

417 964 536 997 cratiae
551 956 662 994 suasor
681 960 832 995 Crotone
848 956 911 995 fuit
926 973 1005 995 cum
1021 959 1178 996 Diodoro
1191 970 1223 996 et
1238 958 1411 1010 Hippaso,
1438 973 1472 998 vt
1488 973 1599 997 narrat
1616 960 1791 997 Iamblich.
1813 973 1886 1010 cap.
1901 971 1947 1003 35.
1973 956 2070 1002 adde,

420 1026 504 1064 quae
520 1009 616 1062 supra
630 1014 664 1046 in
683 1010 888 1048 Democede.
941 1014 1075 1049 Mentio
1090 1023 1121 1049 et
1136 1014 1232 1048 huius
1245 1015 1394 1063 Theagis
1417 1013 1504 1064 apud
1523 1016 1669 1050 Aeneam
1687 1015 1856 1049 Gazaeum
1874 1010 1915 1048 de
1929 1014 2070 1048 immor-

424 1066 549 1104 talitate
564 1066 695 1100 animae
708 1078 739 1112 p.
754 1077 800 1112 25.
828 1065 958 1101 Fabric.
983 1063 1049 1101 vid.
1071 1068 1105 1100 in
1123 1065 1216 1101 Galei
1232 1066 1385 1111 Mythol.
1405 1081 1438 1116 p.
1457 1070 1535 1109 688.
1555 1078 1616 1102 etc.
1644 1068 1812 1103 Germana
1829 1075 1861 1102 et
1879 1077 1995 1100 reuera
2011 1076 2072 1114 py-

424 1120 596 1169 thagorica
619 1113 682 1152 effe
704 1114 913 1166 fragmenta,
937 1116 1046 1153 censet
1066 1118 1272 1154 Tiedcmarm.
1290 1117 1312 1154 l.
1329 1132 1376 1155 m.
1390 1133 1423 1169 p.
1441 1132 1516 1164 207.
1545 1119 1647 1155 Harl.

323 1196 486 1232 Theanor
501 1192 710 1227 Crotoniata.
765 1191 935 1226 Plutarch.
955 1188 996 1226 de
1018 1194 1119 1240 genio
1134 1193 1275 1228 Socratis
1296 1190 1322 1229 s.
1338 1200 1409 1239 58²·
1437 1194 1565 1230 Fabric.
1603 1189 1628 1230 s.
1652 1192 1719 1229 vol.
1734 1193 1825 1228 vm.
1853 1204 1928 1241 pag.
1945 1202 2010 1236 304
2026 1188 2076 1242 sq.'

429 1244 504 1282 edit.
520 1243 651 1332 Igisilze.
675 1239 793 1279 confer
801 1243 955 1292 Meiners.
970 1243 1096 1281 Histor.
1115 1242 1265 1293 dogmat.
1280 1245 1367 1296 apud
1383 1247 1441 1283 Gr.
1458 1257 1490 1283 et
1506 1247 1609 1286 Rom.
1622 1247 1646 1282 1.
1672 1259 1705 1296 p.
1721 1257 1794 1291 247,
1811 1254 1886 1290 478.
1899 1255 1931 1282 et
1949 1251 2013 1290 483
2028 1241 2075 1296 sq.

425 1307 494 1334 nOt.
566 1309 604 1330 ΠΥ
620 1323 628 1332 0

324 1366 510 1405 Theocles.
561 1361 727 1400 Iamblicb.
745 1376 816 1414 cap.
833 1375 884 1408 27.
939 1366 1004 1401 Pro
1018 1378 1086 1415 quo
1104 1364 1307 1412 Euthyclem
1330 1366 1411 1415 legit
1431 1367 1629 1404 Obrechtus.

324 1433 536 1481 ffheodorus
552 1434 756 1479 Cyrenaeus.
796 1430 882 1467 Vide
899 1432 1071 1468 lamblichi
1087 1432 1204 1469 locum
1220 1431 1316 1485 supra
1336 1438 1368 1472 in
1384 1432 1547 1484 Hippaso.
1598 1436 1759 1471 Meminit
1771 1443 1964 1484 geometrae
1977 1433 2074 1469 buius

432 1487 634 1534 Pythagorei
649 1487 748 1520 etiam
766 1483 906 1520 Proclut
922 1487 955 1520 in
972 1484 1146 1522 Euclidem
1160 1486 1215 1522 lib.
1231 1488 1271 1522 11.
1287 1501 1319 1537 p.
1336 1500 1384 1535 19.
1405 1487 1554 1528 testatuS,
1581 1501 1658 1524 eum
1680 1489 1867 1536 Pythagora
1891 1486 2006 1536 paullo
2029 1488 2074 1521 iu-

432 1542 576 1628 {iorem
594 1535 728 1625 fflmgm
744 1534 832 1574 sorte
857 1536 922 1585 [ff]
945 1537 1154 1575 Theodorus
1174 1542 1450 1584 mathematicus,
1476 1552 1577 1590 quem
1599 1553 1619 1576 a
1642 1539 1778 1577 Platone
1800 1537 1952 1575 auditum
1975 1534 2077 1575 refert

460 1602 578 1627 aertlus
643 1618 649 1627 .
692 1616 702 1625 ι

330 1658 537 1697 Theodorus
557 1659 741 1705 Sicyonius.

328 1726 535 1774 {theodotus
556 1727 771 1761 Tarentinus.
824 1726 912 1769 Hic,
938 1730 972 1763 ni
995 1725 1116 1770 fallor,
1141 1724 1204 1764 fuit
1224 1725 1428 1763 Theodotus
1455 1727 1701 1777 Pythagoreus,
1772 1741 1828 1765 em
1851 1727 2003 1778 linguam
2019 1718 2086 1765 ‘off

432 1776 568 1820 scis-am,
595 1791 637 1813 ne
660 1774 808 1812 conscios
824 1778 966 1827 prodere
989 1790 1183 1826 cogeretur,
1216 1782 1250 1815 in
1273 1783 1404 1824 tyranni
1427 1779 1546 1816 faciem
1573 1778 1723 1831 conspuil
1739 1796 1757 1817 e
1779 1778 1879 1818 refert
1906 1780 2079 1818 Theodori·

435 1840 491 1919 ti6as
506 1831 595 1919 VZI.
609 1831 848 1880 Therapeutic.
867 1845 900 1881 p.
920 1844 990 1868 120.
1018 1833 1146 1870 fabric.
1180 1830 1253 1868 vide
1267 1832 1385 1868 Humi
1409 1832 1541 1884 Qaest.
1556 1833 1666 1871 Alnet.
1688 1833 1746 1871 lib.
1761 1832 1818 1870 111.
1843 1847 1915 1885 cap.
1929 1845 1976 1880 14.
1999 1843 2078 1884 pt&
2098 1872 2103 1877 ,

434 1897 452 1928 3
481 1897 507 1928 ς,
572 1894 717 1918 eumann.

329 1951 544 1992 Theorides‚
566 1952 838 2000 Metapontinos,
862 1952 979 1997 Euryti
995 1952 1151 2003 aequalis.

332 2018 590 2066 Thermaeides,
618 2020 869 2068 Pythagoricus.
892 2019 956 2056 vid.
974 2022 1164 2057 Marcianus
1182 2021 1312 2070 Captlla
1332 2023 1387 2060 lib.
1404 2024 1477 2059 vn.
1495 2025 1552 2074 qui
1564 2022 1609 2061 est
1630 2021 1672 2060 de
1692 2022 1912 2066 arithmetica,
1936 2036 1971 2074 p.
1986 2031 2066 2070 254.
2129 2018 2155 2075 ,ᾗ

334 2089 482 2126 Thessor
502 2085 742 2130 Pofidoniates,
767 2087 1017 2135 Thymaridem
1035 2090 1167 2126 Parium
1185 2089 1340 2139 fingulari
1364 2090 1429 2128 fide
1451 2093 1657 2143 complexus.
1709 2091 1879 2128 lamblich.
1895 2102 2028 2143 etp-33.
2092 2103 2098 2110 ¹

335 2155 511 2194 Theudius
527 2157 687 2204 Magnes,
713 2158 804 2192 cuius
819 2156 982 2194 elementa
999 2162 1201 2206 geometriae
1222 2158 1334 2197 laudat
1350 2161 1487 2198 Proetus
1507 2159 1548 2198 ad
1569 2159 1742 2198 Euclidem
1762 2175 1796 2211 p.
1815 2172 1868 2209 19.

335 2222 503 2260 Thrascus
526 2226 789 2273 Metapontinus.

336 2291 588 2337 Tluusydamus
608 2296 748 2341 Aegeus.

337 2358 585 2405 Thrasymedes
609 2362 870 2411 Metapontinus.

336 2426 562 2473 Thymaridcs
580 2430 697 2465 Parius.
751 2428 835 2465 Vide
851 2427 968 2479 paullo
984 2440 1058 2467 ante
1073 2432 1107 2467 iu
1120 2429 1297 2468 Thenete.

1838 2498 2078 2551 nyma-a«.
