2183 2747
512 143 836 183 PYTHAGORAE
866 146 1030 184 AETAS.
1071 147 1352 182 EPIMFTRON
1378 149 1418 182 11.
1497 150 1627 186 LibJJ.
1643 162 1667 186 c.
1683 162 1726 186 12.
1785 163 1846 198 757

85 241 257 286 natusest,
284 243 333 290 (at
350 245 469 286 innita,
492 241 614 286 credo,
647 243 834 288 Minerua‚)
856 245 1085 292 Pythagoram
1109 239 1261 279 sedulum
1288 241 1383 280 fuisse
1406 243 1528 280 codicis
1554 242 1633 281 sacri
1659 246 1840 293 lectorem3

84 309 157 345 cap.
176 310 207 341 4.
226 308 319 347 putat
336 299 476 346 P)thag.
493 294 631 332 haufiss’e
645 294 739 332 suam
756 299 953 347 opinionem
970 310 1008 332 ex
1026 297 1131 338 Iobo,
1158 311 1229 346 cap.
1248 304 1297 340 38.
1320 308 1352 332 et
1376 309 1421 344 35.
1477 302 1517 334 At
1542 300 1641 342 haec,
1668 311 1841 349 tamquam

84 346 234 390 somnia,
261 352 327 385 iam
343 348 400 385 diu
415 346 551 399 explosa
566 346 629 385 effe
644 364 662 385 a
680 353 754 385 viris
772 348 905 386 eruditis
921 349 1057 386 constat.
1085 347 1149 386 vid.
1166 351 1323 385 Bructer.
1339 351 1360 387 l.
1377 365 1425 387 m.
1444 365 1476 400 p.
1497 364 1574 387 5002
1585 349 1652 401 sqq.
1671 358 1755 389 1006
1770 351 1839 403 sqq.

81 405 192 452 Atque
211 404 366 437 Budaeus
380 405 413 438 in
431 399 500 437 diss'.
515 405 612 440 excit,
625 402 767 439 ostendit
783 401 930 453 quidem,
954 401 1165 439 Zoroassrem
1177 403 1222 438 ab
1236 405 1362 439 Huetio
1377 405 1465 439 male
1482 401 1662 440 confusum
1681 405 1744 441 effe
1760 420 1840 442 cum

80 455 276 497 Ezechiele,
303 455 445 506 ideoque
461 456 550 490 hunc
564 469 635 491 non
649 453 744 492 fuiss'e
761 457 972 505 Pythagorae
986 466 1247 505 praeceptorem.
1282 454 1404 506 Lapsus
1419 468 1531 493 tamen
1548 458 1589 493 ibi
1607 458 1650 494 est
1667 461 1716 494 vir
1733 472 1840 508 quon-

81 506 162 544 dam
175 506 400 550 dodlssfimus,
427 507 508 544 dum
525 509 754 559 Hermippum
765 538 774 552 ,
804 511 1007 558 origenem,
1037 508 1197 545 Iustinum
1213 511 1402 556 Martyrcm
1421 521 1452 546 et
1467 510 1680 547 Clementem
1696 511 1837 548 Alexan-

81 560 216 597 drinum
236 559 391 611 sequutus
406 560 462 596 fibi
476 559 696 610 persuaserat,
722 564 948 611 Pythagoram
968 565 1001 597 in
1017 564 1173 613 Aegypto
1196 576 1233 598 ac
1254 562 1425 609 Babylone
1446 565 1634 599 hebraicam
1659 562 1837 614 percepiffe

78 613 268 651 doctrinam
292 625 324 650 et
347 627 386 650 ex
400 612 564 659 Moyseos
586 612 733 650 fontibus
753 613 899 664 irrigaffe
920 629 998 651 arua
1019 611 1086 650 sua.
1140 613 1261 664 [Confi
1279 619 1430 666 inprimis
1447 615 1529 652 Diss'.
1544 617 1583 652 de
1602 620 1673 653 ΜΓ,
1688 619 1836 665 Leufant

78 664 134 702 sur
153 678 237 703 cette
254 667 435 717 Qestion:
461 668 492 701 Si
511 669 699 716 Pythagore
718 678 750 703 et
765 667 883 704 Platon
899 678 958 703 ont
973 681 1012 704 eu
1031 666 1264 704 connoiffance
1289 668 1329 704 de
1345 670 1455 706 Livres
1476 669 1517 706 de
1534 668 1679 716 Moyse,
1701 670 1781 706 dans
1802 670 1833 707 la

77 719 156 757 Bibl.
177 722 404 770 Germanique
425 730 510 755 tom.
529 721 571 755 ΙΙ.
604 734 681 770 pag.
708 733 764 765 124
786 718 834 771 sq.
864 720 974 767 Beck]
1056 719 1104 765 C)
1127 720 1254 757 Eadem
1279 722 1424 772 quaestio
1448 725 1554 759 oritur
1577 723 1618 759 de
1647 726 1715 759 eius
1742 721 1835 760 disci-

78 773 178 823 pulis,
196 774 392 808 Zamolxide
406 772 525 822 (quem
541 773 677 822 quidem
697 775 839 823 Pythag.
857 771 952 809 fuisse
966 771 1166 824 discipulum
1183 788 1200 809 a
1217 777 1350 811 Graecis
1369 773 1400 811 se
1415 774 1572 826 accepill'e
1589 778 1632 813 ait
1641 777 1834 812 Herodotus

78 827 139 861 lv.
153 838 224 875 cap.
251 838 295 872 94
311 846 361 852 —
379 828 438 872 96.
465 835 500 861 at
521 839 726 876 quamquam
751 826 848 863 illum
880 826 994 862 multis
1023 829 1116 862 annis
1147 838 1222 864 ante
1249 830 1475 877 Pythagoram
1504 828 1616 865 vixisse
1645 830 1832 873 arbitratur,

76 879 194 914 Strabo
209 889 323 914 tamen
338 878 398 915 lib.
414 881 441 912 V
446 879 488 914 1¹.
503 892 535 928 p.
555 892 627 925 457.
655 879 779 915 Almel.
798 890 829 915 et
846 881 934 914 XVI.
951 893 985 929 p,
1008 882 1097 915 1106.
1126 890 1199 916 tum
1214 880 1325 922 multi,
1348 891 1416 917 tam
1431 885 1645 932 antiquiores,
1665 895 1766 932 quam
1783 896 1832 919 re·

75 933 257 974 cendores,
281 941 434 980 repetunt
457 930 551 967 illam
576 929 756 979 sabulam‚)
780 932 943 975 Zalcuco,
970 934 1096 979 (euius,
1120 936 1164 969 vti
1181 931 1382 984 superioris,
1409 944 1513 971 aetate
1537 936 1575 970 de
1596 936 1628 970 Ia
1644 936 1767 971 Nauze
1788 934 1831 972 ad

73 982 257 1021 finiendam
275 985 486 1032 Pythagorae
501 994 641 1020 aetatem
658 985 805 1021 abutitur
824 998 864 1020 ex
887 987 1021 1035 interpr.
1038 984 1231 1022 Hissmanni
1255 983 1431 1031 theotisca,
1463 1002 1494 1038 p.
1512 1001 1552 1032 27
1569 984 1636 1038 sqq.
1665 985 1718 1024 sed
1742 986 1832 1025 refu-

73 1047 158 1074 tatus
175 1050 191 1071 a
208 1037 349 1072 Frento
364 1035 442 1072 ibid.
458 1051 494 1086 p.
515 1040 572 1074 162
590 1035 675 1088 sqq.)
692 1048 724 1074 et
741 1039 939 1086 Chai-ouda.-
965 1051 1047 1088 quos
1066 1052 1183 1075 omnes
1201 1041 1412 1089 Pythagorae
1428 1041 1579 1089 aequales
1599 1051 1631 1076 et
1651 1038 1831 1091 discipulos

71 1104 143 1127 non
161 1087 256 1125 fuiffe
269 1102 330 1139 per
342 1093 503 1139 temporis
523 1092 709 1131 rationem,
737 1104 754 1127 a
771 1092 906 1127 F1·ereto
923 1091 1058 1141 aliisque
1072 1088 1144 1127 satis
1160 1091 1425 1129 demonstratum
1441 1093 1499 1130 est,
1523 1092 1605 1129 adde
1622 1103 1741 1130 notam
1756 1106 1832 1144 ger-

70 1146 164 1180 mani
178 1146 317 1192 interpr.
333 1141 375 1178 ad
388 1143 503 1178 Gillias
511 1143 637 1180 Histor.
645 1154 710 1180 vet.
721 1146 842 1180 Graec.
859 1145 992 1182 romu,
1009 1157 1123 1194 p.139.
1175 1144 1231 1191 D)
1249 1148 1391 1182 Grauior
1405 1157 1518 1182 tamen
1533 1143 1709 1196 disputatio
1725 1149 1830 1197 agita-

69 1206 101 1233 ta
121 1195 166 1232 est
181 1193 222 1231 de
237 1196 448 1245 Pythagorae
463 1197 632 1232 itineribus
646 1207 678 1233 et
693 1200 898 1248 captiuitatc3
926 1206 1024 1247 atque
1046 1194 1177 1233 fabulae
1201 1197 1242 1234 de
1260 1199 1323 1235 illis
1342 1198 1493 1248 proditae
1510 1212 1650 1236 omnem
1665 1199 1760 1236 illam
1776 1200 1829 1235 hi-

67 1249 204 1286 storiam
219 1245 371 1284 fecerunt
386 1250 546 1284 incertam
564 1248 707 1300 ideoque
724 1249 934 1286 adduxerunt
951 1253 1040 1286 viros
1055 1249 1200 1287 eruditos
1215 1255 1249 1287 in
1264 1249 1484 1302 suspicionem
1506 1249 1670 1288 falsorum
1688 1262 1723 1288 et
1744 1266 1762 1288 a
1778 1249 1827 1289 se-

66 1302 209 1339 rioribus
224 1303 437 1351 Pythagorae
459 1301 714 1339 admiratoribus
738 1305 1007 1353 excogitatorum
1030 1306 1207 1348 itinerum3
1235 1307 1461 1354 Pythagoram
1485 1303 1593 1340 abiiss‘e
1616 1308 1826 1355 Aegyptum,

66 1355 262 1405 multosque
275 1355 318 1390 ibi
336 1368 441 1391 annos
456 1367 724 1400 commoratum,
739 1368 770 1392 et
787 1370 865 1392 cum
881 1353 1102 1392 sacerdotibus
1118 1370 1155 1391 ac
1172 1354 1419 1407 sapientioribus
1434 1358 1580 1394 multum
1591 1355 1768 1401 versatum,
1781 1358 1825 1393 ab

65 1409 131 1446 illis
144 1421 305 1457 magnam
316 1419 445 1457 partem
457 1405 532 1445 suae
545 1406 722 1459 sapientiae
737 1420 769 1446 et
779 1423 918 1445 arcanae
933 1408 1106 1446 doetrinae
1124 1420 1221 1460 atque
1235 1408 1427 1462 disciplinae
1440 1409 1610 1461 accepisse,
1618 1410 1825 1454 aut,fimalis

65 1462 232 1511 Meinerſsi
245 1463 442 1512 opinionem
453 1461 479 1507 (l
497 1466 684 1512 m.p.388.)
701 1461 742 1498 ad
761 1464 843 1512 §.IL
856 1472 964 1498 none.
980 1462 1579 1515 inemorandam‚adoptare‚voluifl“e
1594 1466 1822 1514 accipere,ne-

65 1528 128 1552 mo
139 1511 238 1550 facile
254 1515 399 1563 negabit,
413 1524 463 1550 tot
477 1525 509 1551 et
523 1517 671 1551 maxime
687 1515 815 1552 idoneis
829 1512 1042 1565 scriptoribus
1059 1513 1350 1554 consentientibus.
1375 1519 1479 1567 Atqui
1493 1531 1531 1553 ex
1541 1520 1712 1566 Aegypto,
1731 1526 1819 1552 terra

65 1568 149 1605 olim
164 1566 252 1604 haud
270 1566 354 1604 adeo
370 1567 506 1604 barbara
523 1579 622 1618 atque
638 1568 775 1613 inculta,
791 1570 909 1604 Graeci
926 1566 985 1604 illo
1002 1579 1168 1618 tempore,
1184 1581 1215 1606 et
1228 1572 1262 1605 in
1277 1571 1327 1606 his
1342 1571 1559 1619 Pythagoras,
1576 1567 1751 1618 sapientiae
1764 1569 1820 1605 lit-

61 1631 279 1670 terarumque
293 1618 420 1657 fruetus
435 1631 546 1671 petere
564 1631 764 1671 potuerunt,
789 1620 878 1671 quod
897 1630 936 1657 ex
950 1620 1132 1657 Herodoto
1150 1633 1181 1657 et
1195 1622 1274 1659 loco
1291 1621 1469 1659 clarissimo
1483 1620 1639 1675 Isocratis
1654 1625 1689 1658 in
1702 1620 1818 1658 lauda-

63 1676 156 1710 tione
172 1672 337 1710 Busiridos
351 1688 384 1723 p.
398 1681 460 1718 438
476 1671 522 1724 sq.
538 1675 576 1710 fit
595 1672 811 1711 manifestum
828 1684 862 1710 et
875 1670 983 1709 rursus
1000 1689 1017 1710 a
1033 1675 1074 1711 cl.
1093 1676 1264 1724 quffinge'o
1287 1678 1321 1711 in
1336 1676 1542 1712 Memnonio
1559 1673 1706 1725 Lipsiae,
1726 1681 1819 1720 1787.

64 1739 143 1775 pag.
156 1728 223 1769 624
237 1746 286 1752 —
305 1730 381 1770 643.
398 1724 533 1776 copiose
551 1726 716 1777 docteque
729 1727 996 1764 demonstratum
1012 1727 1074 1763 ess:
1096 1728 1138 1764 cl.
1155 1730 1329 1778 Meineaejsio
1342 1727 1477 1778 quidem
1490 1728 1514 1764 J.
1529 1742 1579 1767 m,
1593 1741 1632 1778 pa
1636 1741 1668 1778 g.
1680 1740 1739 1774 377
1747 1724 1820 1777 sqq,
1841 1724 1844 1726 ’

62 1775 155 1814 secus
178 1775 351 1814 sentiente.
396 1781 513 1829 Neque
528 1783 619 1816 enim
634 1778 773 1817 absurda
789 1778 852 1816 effe
868 1779 1000 1816 videtur
1017 1783 1157 1830 opinio,
1179 1784 1214 1817 in
1228 1784 1397 1832 Aegypto,
1419 1781 1481 1817 illo
1498 1780 1634 1831 quidem
1649 1792 1818 1831 tempore,

62 1827 160 1866 fuiss‘e
172 1826 297 1865 semina
312 1829 388 1866 licet
402 1830 477 1880 plus
492 1835 665 1874 minusue,
687 1832 851 1882 graffinte
867 1831 1040 1869 idolorum
1057 1834 1165 1876 cultu,
1192 1846 1350 1884 corrupta
1364 1836 1506 1884 purioris
1521 1834 1705 1883 religionis,
1728 1832 1814 1870 olim

62 1884 258 1918 Patriarchis
270 1895 456 1932 eorumque
473 1878 580 1920 suboli
595 1884 744 1922 iudaicae
758 1901 776 1921 a
798 1885 863 1922 deo
878 1899 958 1922 vero
980 1885 1134 1929 traditae,
1160 1888 1240 1923 hine
1254 1887 1331 1923 inde
1345 1886 1495 1926 hucdum
1513 1883 1676 1936 dispersa,
1700 1896 1733 1922 et
1752 1898 1815 1935 po·

61 1934 224 1971 tissimum
243 1949 263 1970 a
277 1931 500 1971 sacerdotibus
513 1933 763 1986 sapientioribus
786 1935 931 1979 seruata,
957 1938 1164 1989 illorumque
1187 1953 1285 1976 more
1308 1953 1425 1976 arcana
1450 1942 1579 1975 ratione
1598 1949 1696 1990 atque
1720 1936 1815 1975 disti-

58 1988 153 2039 plina
167 1997 363 2038 propagata.
415 1988 528 2031 Hinc,
553 1992 599 2025 vti
615 1988 656 2026 de
672 1992 831 2027 Homero
845 1987 942 2040 supra
960 1994 1027 2028 iam
1044 1996 1183 2036 conieci,
1211 1992 1316 2029 videri
1328 2004 1425 2043 atque
1440 1992 1578 2042 intelligi
1593 1991 1701 2043 potest
1714 2004 1815 2042 quae.

56 2039 160 2084 dam,
184 2040 262 2077 licet
276 2038 365 2077 haud
383 2042 529 2076 omnino
549 2053 655 2084 certa,
680 2042 863 2080 similitudo
884 2042 1057 2081 doetrinae
1079 2048 1318 2095 Pythagoricae
1344 2057 1377 2082 et
1397 2042 1564 2082 Mofiiicae
1585 2055 1642 2081 aut
1664 2043 1813 2082 iudaicae

58 2108 132 2131 non
154 2096 266 2130 minus
290 2107 391 2144 quam
416 2091 614 2131 incredibilis
635 2094 885 2133 dissimilitudo:
913 2107 944 2133 et
965 2107 1078 2134 tamen
1098 2101 1168 2134 iure
1192 2101 1324 2148 optimo
1346 2101 1460 2147 negari
1475 2097 1582 2147 potest
1600 2100 1813 2147 Pythagorae

59 2145 266 2185 consuetudo
283 2160 362 2182 cum
376 2145 503 2182 Iudaeis
520 2157 576 2183 aut
589 2145 662 2184 vsus
676 2148 840 2186 librorum
856 2148 1049 2186 diuinorum
1065 2166 1082 2186 a
1096 2150 1221 2186 Iudaeis
1241 2148 1350 2187 fauete
1373 2149 1629 2187 custoditorum.
1679 2150 1811 2187 Institu-

0 2201 15 2239 ἱ
55 2210 90 2237 ta
110 2203 320 2250 Pythagorae
341 2202 376 2235 in
395 2198 523 2247 legibus
545 2200 760 2238 emendandis
780 2213 813 2238 et
833 2204 964 2238 ciuitate
987 2202 1027 2238 ad
1049 2203 1225 2240 meliorem
1255 2201 1404 2239 formam
1434 2201 1681 2245 constituenda,
1715 2201 1810 2253 quafi

57 2253 252 2304 exemplum
268 2250 363 2289 fuisse
376 2251 494 2300 legum
510 2266 528 2287 a
545 2253 703 2303 Lycurgo
718 2254 884 2295 latarum,
911 2252 1018 2291 censet
1035 2256 1150 2291 Gillies
1166 2257 1187 2293 Ι.
1203 2272 1230 2292 c.
1247 2266 1332 2292 tom.
1350 2257 1391 2292 Π.
1414 2269 1491 2305 pag.
1507 2269 1577 2303 109.
1599 2269 1666 2302 119,
1687 2267 1736 2292 121
1755 2254 1805 2306 sq.

56 2319 123 2356 ego
140 2320 221 2342 vero
235 2305 362 2342 dubito.
387 2303 470 2341 adde
483 2315 599 2341 notam
614 2309 648 2342 in
669 2306 821 2343 versione
834 2320 988 2355 german.
1003 2321 1036 2356 p.
1057 2320 1122 2343 122.
1150 2329 1203 2335 —
1230 2307 1400 2358 Qidquid
1414 2308 1478 2352 est,
1502 2312 1538 2345 in
1554 2312 1710 2359 Aegypto
1731 2311 1806 2359 phi-

30 2392 35 2395 ,
56 2357 238 2409 losophum
257 2359 407 2395 nosirum
424 2371 483 2407 per
499 2358 610 2408 plures
624 2373 728 2395 annos
745 2357 839 2395 suill‘e
856 2370 1107 2395 commoratum
1126 2358 1268 2396 discendi
1283 2359 1480 2404 caussa7tam
1495 2375 1612 2398 verum
1629 2362 1685 2405 esi,
1699 2376 1803 2412 quam

55 2411 90 2448 id
115 2410 236 2448 falsum
261 2423 293 2448 et
314 2415 547 2462 importunum
559 2439 569 2455 ,
593 2412 684 2462 quod
707 2423 738 2449 et
752 2424 894 2455 veteres,
921 2423 951 2448 et
975 2416 1171 2449 recentiores
1187 2413 1322 2463 quidam
1339 2417 1439 2450 nimis
1454 2414 1579 2451 creduli
1595 2425 1652 2451 aut
1666 2413 1800 2451 fallaces

52 2468 201 2503 nominis
219 2466 435 2522 Pythagorici
448 2462 666 2502 admiratores
680 2465 721 2503 de
735 2469 821 2503 mira
838 2468 1085 2515 Aegyptiorum
1103 2463 1276 2517 sapientia,
1301 2478 1334 2504 et
1349 2466 1471 2517 insigni
1481 2467 1667 2505 litterarum
1689 2471 1802 2517 copia,

899 2522 929 2554 C
941 2532 960 2553 c
985 2532 1002 2553 c
1017 2533 1035 2554 c
1048 2532 1066 2554 c
1093 2531 1113 2563 3
1693 2534 1798 2571 quam
