2183 2747
14 158 75 187 v.1.
84 160 104 189 ι.
113 168 200 208 ’Q
748 161 826 197 Em
837 162 1010 199 noxas.
1370 166 1442 200 Lm.
1458 167 1507 202 ll.
1525 180 1547 205 ι,
1554 180 1585 212 9.

1692 175 1758 219 64¹)

13 254 156 307 scripsit,
183 256 314 294 adiectis
331 270 419 293 nunc
436 259 584 307 primum
605 270 623 292 e
643 256 758 292 codice
776 259 934 294 Gotltano
957 268 987 293 et
1002 257 1197 307 Augustano
1221 260 1378 309 pauculis.
1433 263 1471 297 ln
1493 261 1757 303 adnotationibus

10 310 163 345 breuibus
178 310 332 359 quidem,
357 321 389 346 at
405 309 557 351 eruditis,
585 321 616 346 et
634 324 723 345 veras
740 311 896 347 lectiones
913 324 930 346 a
945 313 1108 360 corruptis
1123 308 1275 348 discrcuit
1287 341 1296 356 ,
1323 323 1356 349 et
1377 326 1426 348 res
1449 328 1487 350 ex
1511 319 1700 366 antiquitate
1714 330 1758 355 at-

9 374 76 412 que
99 362 248 405 historia,
271 365 418 399 maxime
438 363 591 404 naturali,
613 364 788 412 explicuit:
815 365 996 399 Camerarii
1016 363 1153 399 latinam
1167 367 1473 415 interpretationem
1491 381 1529 403 ex
1545 368 1758 419 Lipsienssbus

12 415 255 464 exemplaribus
283 429 335 451 an.
362 428 449 462 ¹5⁴0·
477 426 509 450 et
533 427 623 461 1570.
651 419 798 465 repetiit,
830 415 971 465 denique
998 414 1141 452 indicem
1166 418 1345 453 verborum
1374 418 1498 456 addidit
1519 420 1759 470 plenislimutn.

12 466 114 517 Qod
131 481 210 504 vero
225 468 449 518 Heusingerus
469 470 502 502 in
521 469 787 503 Emendationum
804 469 876 504 libr.
891 470 944 504 ΙΙ.
977 470 1127 512 Gothae,
1152 482 1229 515 1751.
1258 479 1288 512 8.
1317 485 1333 505 a
1351 485 1381 520 p.
1400 475 1464 508 161.
1482 484 1513 508 et
1529 487 1656 511 errores
1668 504 1678 519 ,
1703 480 1759 526 qui

12 522 48 556 in
68 517 160 555 suam
185 518 380 571 irrepserant
403 519 584 557 editionem
609 522 871 571 typograpliicos
895 519 1104 563 emendarat,
1130 532 1162 558 et
1182 522 1344 572 quaedam
1369 536 1536 574 praeterea
1559 525 1760 576 adsperserat

13 586 85 609 non
103 572 202 622 plane
226 574 352 610 inutilia
364 602 374 615 ,
402 584 589 622 ceterasque
606 570 732 609 fabulas
749 589 766 609 a
781 572 944 609 Neueleto
960 584 991 609 et
1008 571 1176 610 Hudsono
1198 574 1299 611 editas
1320 575 1568 626 percensuerat:
1596 581 1760 622 Klotzius.

13 624 96 660 dum
115 639 166 660 an.
185 639 268 671 1771.
292 626 332 662 ad
357 640 482 662 nouam
510 624 706 674 Heusingeri
731 625 911 662 editionem
929 625 1111 662 curandam
1135 638 1270 677 rogatus
1288 626 1479 672 access'erat,
1507 628 1651 675 addidit,
1678 647 1761 683 quae

12 675 79 727 ipse
94 677 318 728 Heufingcrus
338 680 532 728 reliquerat,
557 677 597 714 ad
626 680 702 721 lias,
732 692 812 728 quas
835 689 950 721 vocat,
977 678 1177 720 Planudeas,
1204 690 1235 716 et
1254 678 1313 718 suo
1330 680 1475 732 quidque
1492 682 1570 719 loco
1593 685 1762 724 collocare

13 728 114 766 iuffit:
143 729 254 767 omisit
269 745 348 768 vero
366 731 503 767 latinam
521 733 703 766 (latuerat-ii
721 734 1047 780 interpretationem:
1074 742 1180 769 cetera
1196 742 1308 770 tamen
1323 734 1453 785 reliquit
1476 737 1606 773 intacta.

117 788 404 838 Aefhpifabulae,
431 803 479 838 gr.
497 789 553 825 lat.
584 791 730 831 Etonae,
759 802 840 836 1755.
869 802 912 824 12.

117 857 261 894 Fabulae
276 858 398 907 Aesopi
424 872 460 894 ac
479 856 614 893 Phaedri
638 855 794 900 selectae,
819 869 870 906 gr.
889 868 921 893 et
936 857 990 893 lat.
1020 859 1192 902 Geneuae,
1220 871 1305 906 1757.
1334 872 1377 896 12.

120 926 356 973 Asse-picarum
361 926 559 974 fabularum
575 932 733 973 quotquot
745 937 859 973 graece
882 932 996 961 extant
1015 925 1179 963 Collefi‘io.
1208 939 1256 975 gr.
1282 926 1338 964 lat.
1369 926 1529 974 Bafileae,
1556 937 1647 977 ¹780.
1678 940 1709 974 8.

118 993 264 1029 Fabulae
282 994 440 1042 Aesbpiae
451 1006 604 1043 graecae,
631 993 804 1041 recensuit,
828 996 937 1029 varias
958 993 1123 1037 temones,
1151 1001 1245 1029 notas
1267 1001 1297 1030 ct
1319 997 1452 1034 indicem
1475 999 1601 1034 addidit
1620 1001 1668 1036 Io.
1686 1001 1763 1040 Chr.

20 1044 166 1082 Gottlieb
181 1046 327 1094 Ernesti,
353 1046 401 1083 A.
421 1047 471 1082 M.
487 1046 602 1092 acceffit
619 1046 688 1095 diff
702 1047 870 1094 defixbula
885 1046 1037 1094 Aesopia.
1064 1044 1209 1096 Lipsiae,
1238 1053 1324 1091 1781.
1354 1055 1385 1091 8.

119 1117 179 1150 Vir
202 1113 405 1152 doctiffimus
430 1129 482 1152 eas
508 1113 614 1151 modo
639 1113 765 1151 fabulas
788 1113 908 1157 edidit,
942 1128 1026 1164 quae
1056 1112 1157 1150 essent
1179 1118 1329 1152 oratione
1351 1115 1457 1152 soluta
1479 1116 1702 1169 conscriptae,
1732 1131 1763 1158 et

18 1179 101 1216 quae
117 1171 150 1203 in
165 1168 326 1204 veteribus
341 1167 428 1203 l²bris
445 1165 564 1218 Aesopi
579 1165 711 1204 fabulae
727 1178 903 1203 vocantur:
929 1165 1158 1216 praeterinillis
1179 1171 1290 1203 ceteris
1305 1181 1336 1203 et
1353 1172 1400 1215 iis,
1429 1184 1510 1219 quac
1529 1173 1762 1221 Aplitlioniuin

16 1220 237 1270 Babriumque
251 1221 370 1256 liabent
387 1223 557 1263 auctores,
584 1231 614 1255 et
630 1219 813 1270 paralleliS,
839 1233 923 1270 quae
938 1219 1025 1269 apud
1041 1217 1245 1256 Hudsonum
1263 1231 1293 1257 et
1308 1221 1555 1271 Heusingerum
1567 1253 1576 1266 ,
1602 1239 1702 1274 quem
1730 1230 1763 1261 in

43 1276 128 1308 riore
147 1286 249 1323 parte,
265 1272 306 1308 ad
321 1271 469 1308 fabulam
489 1286 590 1323 vsque
606 1276 675 1318 146.
690 1275 885 1323 pertinente,
913 1275 946 1308 in
961 1275 1095 1322 primis,
1122 1286 1183 1308 nee
1201 1284 1312 1309 tamen
1328 1285 1452 1310 temere
1470 1286 1500 1310 et
1516 1288 1689 1326 perpetuo,
1718 1278 1762 1314 est

17 1286 189 1375 sequutus,
216 1324 350 1375 lingulis
366 1323 596 1362 subiiciuntur:
623 1331 710 1361 varia
725 1325 867 1361 contulit
891 1325 1044 1375 exempla
1063 1324 1166 1368 edita,
1201 1328 1390 1376 horumque
1413 1326 1501 1362 dedit
1528 1333 1630 1364 varias
1651 1330 1764 1368 lectio-

21 1391 95 1424 nes,
122 1390 153 1414 et
170 1382 202 1414 in
220 1381 306 1415 notis
324 1388 392 1415 tam
408 1379 504 1414 verba
522 1391 622 1428 qnam
640 1391 690 1414 res
705 1375 855 1414 sollerter
871 1377 1035 1428 docteque
1054 1377 1252 1428 explanauit.
1306 1379 1345 1414 ln
1360 1379 1492 1430 reliquis
1507 1382 1692 1430 permultos
1716 1396 1764 1418 er.

19 1443 110 1466 rores
124 1433 384 1481 typographicos
399 1445 438 1467 ex
455 1430 600 1467 editione
612 1430 764 1467 Neuelct.
782 1429 822 1466 ad
839 1441 960 1466 ceteras
977 1429 1047 1467 fere
1062 1445 1179 1467 omnes
1194 1442 1414 1481 propagatos,
1443 1446 1521 1469 cum
1543 1438 1682 1484 proptio
1702 1435 1764 1472 ssu-

19 1481 94 1526 dio,
120 1496 191 1519 tum
209 1497 273 1533 ope
287 1482 571 1520 Emendationum
589 1483 786 1532 Heusingeri
805 1485 956 1520 correxit.

120 1542 243 1589 Atsopi
258 1541 450 1589 ngeclzg'sche
466 1541 603 1582 Habe-ln,
627 1560 680 1567 -—
706 1542 765 1575 mit
779 1543 877 1575 einem
889 1539 1258 1588 griechifih-deuzsclzen
1275 1539 1330 1576 W
1325 1543 1491 1578 brtcrbuch
1508 1544 1673 1592 versellan,
1702 1557 1764 1581 von

20 1593 68 1630 N.
86 1595 137 1631 M.
155 1595 316 1642 Ludwig,
342 1595 531 1630 Conrec‘tor
553 1607 596 1629 zu
619 1591 822 1629 Gluckstadt.
857 1594 1058 1641 Gottingen,
1087 1601 1176 1638 1789.
1200 1600 1231 1634 8.

123 1659 267 1692 Λιτωπε
282 1652 406 1701 μυθοι,
434 1651 556 1699 Aerpi
570 1652 694 1687 Fabeln
709 1653 768 1686 mit
782 1649 989 1687 erklc'irenden
1006 1650 1259 1697 Anmerltungm
1276 1651 1346 1686 und
1367 1653 1462 1688 einrm
1481 1653 1603 1701 griech.
1624 1652 1764 1702 deutscb.

25 1703 275 1752 Wortreg.f1'ir
289 1705 422 1740 Schulen
436 1716 500 1739 von
513 1705 586 1741 1011.
602 1704 695 1740 Dav.
712 1703 888 1751 Biiclzling,
914 1702 1010 1738 Halis
1025 1703 1099 1738 Sax.
1118 1714 1218 1748 1790.
1236 1709 1270 1744 8.
1298 1704 1407 1751 Harl]

80 1779 173 1806 Larini
191 1785 255 1808 vm.
333 1773 404 1807 XII.
430 1775 457 1809 E
472 1773 631 1809 veteribus
648 1772 755 1809 latinis
770 1769 896 1808 fabulas
916 1767 1135 1820 Aesopiarum
1159 1771 1314 1820 exemplo
1338 1769 1558 1822 composuere
1580 1770 1673 1810 versu
1695 1776 1765 1824 qui-

16 1815 178 1850 s⁶⁵”¹‘'‘¹'''
187 1818 257 1850 sm·-
283 1823 361 1860 dem
386 1825 528 1861 iambico
545 1826 739 1868 Phaedrus,
763 1835 794 1861 et
817 1834 892 1861 ante
913 1822 1099 1860 Phaedrum
1122 1819 1262 1859 fortaffis
1283 1825 1319 1859 C.
1340 1825 1465 1860 Cilnius·
1479 1824 1646 1874 Meliffus,
1672 1825 1766 1862 liber-

18 1861 122 1890 peon-ex.
281 1886 332 1912 tus
349 1877 568 1918 Maecenatis,
601 1876 674 1913 vide
692 1878 766 1914 Nic.
783 1876 959 1913 Heinfium
980 1875 1020 1911 ad
1040 1874 1151 1911 Ouidii
1167 1879 1226 1912 lV.
1244 1880 1291 1912 16.
1307 1888 1358 1919 30.
1380 1892 1397 1912 e
1420 1879 1538 1918 Ponto,
1562 1877 1671 1927 Elegis
1689 1876 1766 1925 Μ),

21 1928 136 1976 Festus
151 1927 323 1968 Auienus,
351 1936 383 1964 et
396 1928 478 1964 alter
493 1927 561 1965 fine
575 1932 714 1966 nomine
729 1929 901 1979 vulgatus,
928 1939 1000 1965 tum
1029 1928 1068 1964 ab
1089 1929 1158 1964 aliis
1175 1939 1246 1964 tum
1269 1944 1286 1964 a
1301 1930 1483 1972 Neuclcto,
1510 1941 1540 1965 et
1562 1932 1636 1966 viris
1659 1930 1764 1968 doctis

23 1979 219 2033 quibusdam
241 1980 390 2017 laudatus
417 1978 474 2016 sub
498 1983 638 2018 nomine
653 1981 746 2018 Accii
772 1981 824 2017 vel
840 1982 973 2018 Romuli
992 1979 1059 2017 siue
1074 1978 1123 2014 ⁹⁰¹)
1149 1982 1294 2016 Romuli}
1321 1981 1372 2017 vel
1399 1980 1540 2032 denique
1557 1984 1688 2019 Salonis
1710 1993 1767 2020 aut

1587 2034 1764 2075 Bernardi.

66 2096 142 2127 mm)
163 2092 201 2120 At
216 2087 421 2129 Cannegicter
436 2090 466 2119 in
479 2086 541 2118 diss‘.
558 2087 594 2118 de
610 2089 743 2125 Auiano,
766 2089 867 2124 (huius
921 2087 1161 2128 mythographo,
1185 2094 1213 2117 et
1229 2087 1320 2128 probe
1338 2087 1528 2120 discernendo
1545 2100 1561 2120 a
1580 2090 1643 2121 filio
1654 2114 1662 2128 ,
1687 2092 1766 2122 idem

23 2133 130 2166 fibulis
151 2132 302 2168 subnexa‚)
327 2143 388 2173 cap.
404 2133 439 2162 X.
456 2142 521 2174 pag.
537 2135 592 2166 268
607 2131 647 2174 sq.
669 2139 755 2170 negat
767 2140 868 2162 contra
922 2143 1004 2173 capp.
1023 2133 1072 2161 XI.
1090 2139 1117 2160 et
1134 2132 1196 2160 XII.
1213 2133 1253 2160 est
1266 2131 1411 2173 copiosus,
1436 2140 1465 2163 et
1478 2133 1574 2170 docet,
1598 2133 1682 2164 illum
1697 2134 1767 2166 fuis-

25 2180 197 2213 Heinfium,
227 2176 319 2208 Cilnn'
343 2176 388 2206 .11«
397 2175 449 2217 ltffi
471 2174 586 2206 libellos
606 2178 742 2206 iocorum
764 2177 868 2206 consti-
922 2175 949 2205 se
965 2177 1080 2205 Auiano
1095 2176 1307 2211 recentiorcm‚
1330 2184 1359 2206 et
1381 2176 1483 2206 vixisse
1508 2176 1558 2207 sub
1581 2180 1766 2220 imperatori·

23 2221 88 2254 tiss'e
109 2233 144 2252 ex
161 2219 294 2263 apologis
311 2213 458 2260 Aesopiisz
482 2218 529 2249 sed
546 2218 650 2250 Meliffi
670 2222 770 2255 ἰοεος,
794 2230 868 2259 quos
922 2219 976 2248 bus
1000 2216 1165 2253 Caracalla,
1201 2219 1336 2248 Macrino
1361 2228 1449 2261 atque
1472 2219 1647 2260 elagabalo,
1677 2225 1766 2254 etiam

25 2266 74 2296 hie
94 2265 154 2308 ipse
177 2265 309 2304 ineptias
329 2265 513 2299 nominauit,
547 2264 757 2305 interpretatur
777 2261 868 2292 facete
921 2260 1098 2292 Commodo.
1129 2260 1223 2294 Harl,

0 2333 1 2343 ,
27 2309 104 2343 dida
124 2318 152 2340 et
172 2307 242 2338 sales
261 2307 398 2337 vrbanos.
422 2307 508 2341 (bons
531 2315 630 2343 mots,
665 2307 777 2337 bonnes
800 2316 869 2335 con·
963 2310 1018 2339 nn)
1043 2306 1080 2334 Η.
1098 2303 1231 2334 Bebelius
1255 2304 1398 2346 Epistola,
1422 2309 1474 2348 qui
1496 2309 1630 2339 διιᾶσι-ες
1651 2307 1768 2349 legendi

25 2357 92 2388 ten.)
135 2351 217 2384 Idem
237 2351 346 2382 ibidem
370 2361 434 2392 pag.
452 2353 519 2387 269.
542 2349 578 2380 dc
600 2349 666 2381 loco
687 2351 830 2385 Senecae,
853 2359 870 2378 a
923 2348 977 2378 fint
991 2347 1028 2377 ad
1041 2346 1240 2388 eloquentiam
1255 2350 1492 2390 comparandam,
1515 2354 1632 2390 Argent.
1651 2362 1718 2390 ¹5¹3-
1735 2364 1767 2391 4.

28 2396 162 2429 Fabricio
183 2397 328 2430 excitato,
351 2397 429 2432 agit,
451 2404 487 2424 ex
511 2404 606 2435 coque
627 2393 756 2432 colligit,
780 2393 870 2423 Phae·
924 2390 958 2423 A
964 2390 1029 2422 ES
1035 2391 1172 2423 OPVS
1194 2408 1235 2414 —
1258 2409 1301 2416 —-
1322 2394 1371 2424 vti
1388 2396 1489 2426 etiam
1502 2395 1710 2437 Quinfflliano
1722 2399 1767 2429 vi-

27 2438 117 2470 drum
144 2440 207 2481 post
232 2437 462 2469 consolationem
487 2448 502 2466 a
525 2439 631 2467 Seneca
659 2436 794 2478 scriptam
821 2435 871 2465 de·
916 2433 986 2477 sum
1007 2434 1064 2476 est,
1092 2434 1244 2466 iucundus
1266 2433 1335 2478 effitt
1353 2438 1478 2477 pueris,
1507 2449 1615 2470 verum
1643 2450 1664 2472 a
1693 2441 1767 2473 Ro.

30 2491 112 2514 num
131 2481 251 2514 edidiffc
271 2481 394 2514 fabulas.
451 2483 496 2514 De
510 2480 591 2513 lulio
608 2482 733 2514 Titiano
743 2502 753 2518 ‚
776 2488 871 2523 patre,
924 2478 966 2510 M
973 2478 1006 2510 V
1012 2477 1072 2508 LO
1087 2478 1221 2518 quoa'am
1233 2483 1456 2521 grammatico,
1473 2487 1508 2514 vt
1522 2483 1648 2522 dicitur,
1663 2489 1769 2516 trans·

33 2556 37 2558 ,
71 2535 140 2568 γα,
154 2535 184 2567 J,
998 2523 1067 2560 Nn
1092 2535 1116 2559 n
1129 2535 1153 2559 u
1685 2529 1771 2560 latus
