2183 2747
698 134 763 171 ET
794 134 1026 170 ERVDiTio
1061 135 1210 170 VARIA.
1450 135 1523 191 Lib.
1537 135 1587 169 II.
1605 137 1667 173 126.

73 135 134 163 voi.
145 134 165 163 1.
180 144 197 169 i»
213 142 259 167 3⁴4
1770 146 1823 182 533

76 229 226 277 Historia
249 232 475 267 Hebraeorum
496 231 535 266 ab
560 230 722 272 Homero,
753 229 942 273 contendit,
970 233 1126 273 Poetani‚
1152 233 1299 266 maxime
1317 232 1350 265 in
1375 226 1435 265 suis
1454 231 1605 279 operibus
1622 227 1818 279 descripsiisc

73 283 264 326 hissoi-iam,
291 298 374 335 quac
393 283 494 320 exstat
514 286 547 319 in
571 281 664 318 sacris
687 284 798 318 litteris
821 297 921 333 vsque
945 282 984 318 ad
1004 294 1155 333 tempus,
1191 296 1259 333 quo
1282 280 1439 318 israelitae
1459 282 1512 318 sibi
1539 296 1658 318 terrain
1682 286 1816 318 Caiiaan

71 336 206 386 prorsus
224 334 280 371 sub
298 339 411 387 primis
430 333 491 371 suis
507 336 635 385 regibus
658 333 837 378 subiecere,
865 347 896 372 ct
921 335 952 371 id
972 335 1086 372 eadem
1111 333 1179 371 fere
1204 335 1281 371 serie
1297 349 1407 371 rerum
1427 350 1463 371 ac
1479 347 1692 385 temporum,
1719 347 1816 385 atque

69 390 102 424 S.
123 390 309 438 Scriptura,
337 400 367 425 et
382 390 448 425 hoc
467 389 657 424 nominibus
674 400 835 439 quantum
850 388 973 424 adtinet
989 388 1028 424 ad
1048 385 1213 423 suminam
1231 402 1341 424 rerum
1359 389 1534 431 hebraicis,
1562 388 1656 423 aliter
1680 387 1814 438 quidem

71 438 260 477 sonantibus
273 443 405 485 litteris,
434 438 485 477 sed
507 440 762 491 significantibus
779 440 909 476 easdem
930 438 984 477 sua
1007 441 1163 490 potestate
1187 455 1255 481 res,
1284 441 1502 477 nihilominus
1528 452 1640 476 tamen
1661 439 1813 476 admixtis

71 504 169 544 atque
188 493 382 544 interpositis
398 491 460 530 suis
477 497 612 544 poeticis
632 494 817 529 fldlionibus
833 488 866 527 ⁶).
918 496 1026 543 Atque
1040 496 1073 529 in
1089 491 1231 540 Odyll'ea
1249 492 1403 543 quidem,
1431 508 1531 544 quain
1550 496 1637 544 prius
1661 491 1813 543 scriptam

71 557 105 582 et
151 549 274 583 riorein
295 547 411 584 Iocum
429 545 482 582 sibi
500 549 620 582 inerito
638 545 802 582 vindicare
823 556 933 596 putat,
960 543 1093 582 describi
1122 548 1381 582 Patriarcharum
1408 559 1439 582 et
1462 543 1680 582 israelitarum
1707 548 1812 581 varios

71 612 108 634 ca
125 611 162 634 us
176 609 207 634 et
222 610 358 636 euentus
375 598 450 635 inde
466 600 504 634 ab
520 596 647 648 egress'u
665 600 738 634 Loti
754 613 792 634 ex
806 598 956 635 Sodoma
973 613 1073 648 vsque
1087 597 1126 634 ad
1143 598 1271 646 Moysis
1290 601 1322 634 in
1336 607 1489 635 montem
1506 600 1664 635 Nebuntis
1687 599 1812 634 abituin

70 651 277 702 obitumque.
332 654 368 687 ln
389 650 487 687 Iliade
503 665 582 688 vero
599 650 734 701 depingi
762 654 1051 701 oppugnationem
1077 650 1350 701 excidionemque
1370 653 1597 688 Hierichuntis
1620 662 1650 686 et
1670 651 1811 687 aliarum

69 704 201 740 vrbium
230 715 334 740 terrae
363 706 581 740 chananaeae
599 717 668 754 ‘per
692 701 823 740 losuaiii
848 714 879 740 et
905 701 1081 751 israelitas,
1108 703 1224 740 additis
1248 707 1344 740 variis
1364 703 1506 748 casibus,
1532 708 1565 740 in
1589 717 1671 754 quos
1694 703 1811 754 populi

69 760 222 806 vtrinque
238 755 440 798 inciderunt,
467 766 499 792 et
511 755 671 793 adiunctis
687 756 866 806 aliquibus,
894 770 978 806 quae
993 759 1025 791 in
1042 754 1205 806 sequentia
1223 768 1374 807 tempora
1389 756 1547 794 incidunt.
1601 759 1695 792 Haec
1711 759 1812 792 Croe-

68 807 143 844 sius.
172 810 300 845 fabric.
354 809 444 845 Nihil
468 823 571 859 paene
594 807 761 844 absurdius
785 812 965 857 excogitari
990 813 1114 858 potuit,
1140 809 1265 845 Croesii
1289 820 1497 846 commento.
1566 812 1654 846 Mira
1677 808 1810 858 quidem

69 864 300 896 conuenientia
315 873 346 897 et
361 862 462 897 veluti
475 859 651 898 consensus
673 858 735 897 effe
757 860 885 897 videtur
906 875 1064 905 morum,
1092 875 1152 897 nec
1174 876 1243 898 non
1267 865 1399 898 rationis
1421 862 1587 911 cogitandi
1606 872 1635 898 et
1656 859 1811 897 scribendi

67 917 103 948 in
124 915 301 949 homericis
324 915 523 949 carminibus
557 927 635 950 cum
651 911 744 950 sacro
766 913 901 958 codice3
927 925 1044 964 atque,
1069 913 1158 963 quod
1183 914 1223 950 ad
1246 912 1410 951 formulas
1429 914 1588 964 loquendi
1612 913 1754 956 adtinet,
1779 912 1811 949 id

65 969 242 1016 praecipue
259 964 485 1002 demonstrare
502 963 630 1002 adnisus
645 966 689 1002 est
704 967 843 1002 Zachar.
858 967 976 1014 Bogan
991 969 1025 1002 in
1041 966 1144 1002 libro:
1170 968 1333 1002 Homerus
1357 965 1524 1018 ἕβςαὶζων
1536 995 1545 1007 ,
1559 968 1629 1016 stuc
1649 979 1812 1012 compara-

64 1020 110 1053 tio
126 1017 263 1053 Homeri
279 1018 693 1067 cumfii·iptoiibussacri5
704 1046 712 1060 ,
738 1019 848 1066 quoad
860 1031 1004 1054 normam
1021 1019 1176 1066 loquendi.
1227 1019 1431 1055 Subneffitur
1445 1019 1602 1069 Hefiodus
1616 1016 1808 1069 Ὀμηςίζων.

65 1072 230 1113 Oxoniae‚
245 1072 332 1117 1658.
349 1078 379 1112 8.
397 1069 428 1102 ¹)
480 1071 611 1107 Vtiliter
627 1070 781 1107 contendi
795 1068 931 1121 possunt
945 1071 1043 1107 multi
1062 1073 1102 1107 V.
1121 1073 1168 1106 T.
1184 1071 1255 1107 libri
1271 1086 1348 1108 cum
1364 1074 1539 1111 Homero,
1567 1070 1658 1121 quod
1680 1085 1718 1107 ex
1742 1073 1809 1107 hoc

65 1122 284 1173 antiquiisima
302 1126 384 1159 ratio
395 1121 539 1166 viuendi‚
554 1122 683 1160 dicendi
701 1124 886 1174 agendique
902 1122 1059 1173 cognosci
1075 1124 1191 1172 potest,
1208 1135 1238 1160 et
1254 1127 1460 1174 comparatio
1476 1125 1574 1174 plena
1591 1127 1651 1159 erit
1667 1123 1807 1159 vtilitatii

65 1174 105 1211 ad
122 1177 227 1212 inulta
243 1177 275 1211 S.
291 1177 322 1211 S.
338 1176 410 1211 loca
434 1178 551 1213 rectius
579 1175 791 1225 intelligenda
808 1187 838 1212 et
860 1177 899 1212 ab
919 1179 1036 1212 iniuria
1061 1177 1204 1212 aliorum
1227 1176 1430 1212 vindicanda.
1485 1178 1536 1212 Sic
1558 1175 1598 1212 cl.
1618 1176 1754 1211 Drasdo
1777 1178 1809 1210 in

64 1229 164 1264 tribus
183 1239 414 1264 commentatt.
434 1229 643 1274 Comparatio
660 1229 764 1278 Mofis
779 1236 809 1264 et
825 1229 977 1268 Homeri,
1005 1229 1203 1278 VViiteberg.
1221 1238 1298 1274 1783
1319 1227 1384 1279 sqq.
1401 1243 1511 1264 mores
1529 1231 1661 1263 orientis
1684 1230 1808 1277 antiqui

62 1293 142 1316 cuin
159 1284 213 1323 iis,
239 1294 323 1330 quos
340 1282 512 1316 Homerus
525 1278 664 1317 seruauit
678 1292 734 1316 aut
747 1279 915 1331 exposuit,
940 1282 1023 1318 bene
1038 1292 1229 1331 comparat:
1257 1293 1353 1332 atque
1369 1282 1410 1316 cl.
1426 1282 1552 1322 Matri-r,
1577 1282 1701 1316 Redor
1716 1278 1807 1315 felio-

62 1331 115 1368 lae
132 1331 351 1369 Grimmensis
366 1336 398 1368 in
414 1346 530 1383 progr.
548 1333 637 1380 Quid
650 1335 822 1370 adiumenti
839 1335 1009 1381 sacrarum
1030 1334 1217 1370 litterarum
1238 1336 1408 1380 interpreti
1426 1333 1564 1380 prarsht
1579 1334 1715 1369 Homeri
1739 1345 1807 1366 cum

55 1386 164 1434 saeris
175 1387 388 1432 scriptoribus
405 1389 602 1432 comparatio
613 1412 622 1426 ,
649 1384 793 1436 Lipsiae,
817 1393 911 1432 1789.
926 1399 956 1431 4.
983 1400 1054 1422 non
1071 1387 1169 1436 plane
1185 1385 1319 1436 quidem
1337 1384 1499 1422 subscribit
1516 1384 1639 1421 Croesii
1657 1395 1687 1420 et
1703 1386 1807 1433 Boga-

63 1440 97 1474 ni
113 1435 296 1482 sententiis3
323 1449 355 1474 at
374 1449 486 1474 tamen
502 1441 536 1473 in
550 1437 686 1487 fingulis
703 1437 899 1489 quibusdam
914 1440 1018 1475 verbis
1029 1468 1038 1482 ‚
1066 1442 1099 1474 iii
1115 1439 1299 1488 tautologia
1323 1450 1354 1474 et
1379 1442 1472 1475 omni
1488 1439 1631 1474 Homeri
1656 1440 1806 1473 oratione

62 1487 127 1526 effe
141 1501 235 1541 putat
249 1491 460 1526 hebraismos.
514 1493 631 1541 Neque
648 1503 760 1527 tamen
776 1489 851 1528 inde
867 1492 980 1541 colligi
997 1491 1122 1542 potest,
1146 1494 1339 1527 Homerum
1357 1488 1549 1541 scripturam
1567 1488 1689 1526 sacrani
1714 1485 1807 1538 legis-

64 1541 117 1586 se,
150 1558 189 1579 ex
210 1545 271 1579 liac
296 1543 400 1579 multa
421 1541 565 1579 sumfiise
584 1555 719 1587 mutua,
753 1554 828 1586 aut,
855 1558 940 1594 quae
961 1543 1089 1581 Croesii
1118 1542 1271 1580 sententia
1302 1543 1366 1586 cst,
1404 1541 1615 1592 descripsisse„
1653 1553 1683 1577 et
1716 1539 1805 1590 quasi

62 1593 310 1632 transformasse
337 1599 370 1631 in
397 1596 458 1632 alia
488 1599 615 1632 omnia.
688 1597 790 1633 Vetus
820 1596 954 1647 quidem
982 1597 1026 1633 est
1054 1594 1232 1640 sententia,
1267 1611 1293 1633 e.
1311 1608 1343 1645 g.
1369 1597 1550 1632 Clementis
1573 1593 1748 1630 Alexandr.
1771 1595 1804 1628 in

61 1649 188 1684 Strom.
203 1647 412 1684 Theodoreti
429 1647 455 1681 ¹)
471 1649 692 1696 Tertulliani,
717 1650 881 1699 (Apolog.
899 1658 967 1696 47.)
985 1660 1016 1686 et
1037 1649 1201 1698 aliorum,
1227 1663 1244 1684 a
1266 1649 1497 1685 recentioribus
1522 1647 1687 1697 pluribus,
1714 1646 1805 1680 Hne-

63 1703 110 1735 tio
132 1703 166 1735 in
186 1699 467 1737 demonstratione
486 1701 696 1750 euangelica,
723 1703 867 1737 Henrico
890 1703 1004 1752 Hufflo
1028 1705 1062 1737 in
1081 1703 1187 1744 libro,
1213 1706 1246 1737 in
1271 1715 1338 1751 quo
1363 1700 1468 1736 multa
1484 1699 1618 1749 quidem
1636 1694 1804 1748 ingeniose

61 1764 158 1802 atque
176 1749 335 1802 speciose,
361 1767 422 1789 nec
435 1765 547 1790 tamen
563 1753 635 1790 satis
648 1765 723 1804 apte
737 1753 777 1790 ad
796 1751 1080 1804 persuadendum.
1101 1753 1141 1790 ad
1158 1753 1333 1790 ridendum
1353 1756 1462 1803 potius
1480 1753 1657 1794 vberrirne,
1679 1763 1802 1800 propo-

27 1848 30 1852 Δ
61 1816 184 1842 uuutur
205 1816 302 1855 atque
323 1805 524 1842 illustrantur
538 1803 597 1849 ⁸),
622 1805 784 1852 Pass‘erio,
806 1810 858 1842 cui
878 1807 1049 1858 probabile
1072 1805 1135 1843 effe
1157 1810 1302 1849 videtur,
1336 1816 1469 1856 poetam
1499 1818 1558 1854 per
1589 1803 1801 1839 Palaestinam

1036 1861 1065 1894 X
1079 1873 1098 1895 x
1110 1873 1131 1895 x
1156 1872 1173 1903 3
1599 1854 1804 1906 profec'lum,

60 1952 90 1983 p.
107 1943 176 1978 676.
203 1950 256 1981 per
274 1942 372 1971 iocum
394 1943 455 1977 ait,
475 1939 503 1970 se
525 1939 603 1982 apud
625 1940 740 1972 inferos
754 1943 832 1972 inter
849 1941 907 1972 alia

60 1994 96 2014 ex
120 1986 254 2014 Homero
274 1983 405 2023 rogass‘e,
435 1983 456 2012 ε’
475 1982 596 2023 πρᾶτιροι
616 1984 714 2024 ἔγραψε
736 1983 784 2017 vn'r
805 1981 907 2015 'ob-lc-

59 2038 129 2056 cam
153 2028 200 2059 τῆς
221 2026 352 2064 Thaidos,
379 2027 410 2056 ὼ
431 2025 532 2056 'unet'
551 2028 652 2064 onir,
686 2036 715 2059 et
745 2028 905 2068 subiungit,

60 2070 156 2112 ipsum
183 2071 240 2101 hoe
269 2071 353 2101 fuisse
387 2072 566 2102 inficiatum:
587 2068 647 2100 153?
665 2071 768 2111 ἐμυεῖτο,
820 2073 906 2114 Apud

59 2114 179 2145 Suidam
195 2113 288 2152 legas,
313 2114 475 2146 Anianum
497 2114 740 2145 Alcxandriadem
762 2116 820 2145 fiue
833 2118 905 2146 Poe-

59 2168 107 2187 ma
130 2160 292 2187 Hernicum
316 2158 351 2188 de
373 2157 556 2194 Alexandro,
580 2160 704 2189 Homeri
726 2161 904 2195 imitatione,

59 2200 197 2242 scripfiss'e
217 2201 242 2229 ἐι
259 2198 401 2241 ῥοαί-δίκας
418 2198 465 2234 2⁸1¹,
509 2203 552 2232 lta
579 2204 658 2232 enim
685 2201 824 2241 legendus
853 2201 903 2233 ille

57 2243 149 2274 locus.

102 2289 126 2322 i)
155 2287 241 2318 Conf.
266 2286 398 2328 lVolfius
426 2289 456 2317 in
485 2286 626 2317 Biblioth.
655 2288 736 2318 hebr.
767 2299 811 2319 nr.
834 2297 904 2324 544.

56 2329 210 2372 Basnage
228 2332 303 2361 Hist.
318 2331 380 2361 iud.
403 2329 454 2361 lib.
472 2340 495 2365 3.
520 2341 580 2372 cap.
598 2341 645 2360 20.
669 2330 693 2371 §.
710 2342 739 2367 4.
769 2332 880 2363 Heam.

104 2374 134 2409 k)
157 2377 201 2405 De
224 2375 328 2410 huius,
358 2382 386 2404 et
407 2375 516 2404 Croefii
539 2385 570 2403 ac
593 2376 640 2404 Du
662 2376 741 2404 Porti
762 2386 852 2416 opera
874 2383 902 2404 et

58 2419 330 2459 comparationibus
351 2417 433 2459 saepe
451 2419 534 2446 vanis
559 2417 690 2459 falsisque
704 2418 778 2448 bene
793 2418 901 2448 sobrie-

958 1956 1001 1966 —-
1018 1944 1169 1982 Boganum
1185 1941 1371 1973 commendat
1387 1938 1611 1973 Lackemaclier
1626 1943 1656 1970 in
1677 1946 1750 1969 orat.
1766 1937 1801 1967 de

958 1985 1085 2017 vtilitate
1111 1997 1126 2016 e
1148 1997 1190 2025 gr.
1213 1986 1343 2027 scriptor.
1360 1987 1514 2027 interpreti
1529 1987 1565 2015 V.
1587 1985 1628 2015 T.
1651 1982 1800 2024 capienda,

959 2041 986 2071 p.
1002 2034 1063 2066 336.
1088 2030 1182 2061 Harl.

1002 2075 1024 2109 Ι)
1049 2077 1105 2104 Hic
1122 2073 1187 2104 libr.
1203 2075 1238 2103 11.
1254 2074 1388 2113 The-rap.
1402 2071 1516 2108 Moses,
1541 2073 1600 2107 ait,
1623 2072 1662 2101 est
1676 2080 1800 2100 oceanus

957 2116 1143 2155 theologiae,
1168 2128 1183 2146 a
1199 2127 1257 2157 quo
1275 2117 1359 2145 fluuii
1380 2125 1481 2144 omnes
1504 2115 1685 2144 deriuantur.
1723 2115 1799 2143 Hinc

957 2162 1161 2198 Anaxagoras,
1191 2161 1369 2197 Pythagoras
1397 2167 1424 2188 et
1447 2158 1527 2188 Plato
1549 2159 1612 2200 post
1633 2168 1682 2186 cos
1709 2167 1799 2197 pai-ua

956 2204 1099 2244 quaedam
1121 2205 1255 2233 veritatis
1279 2202 1389 2232 lumina
1417 2202 1619 2243 quaedamque
1641 2203 1724 2230 initia
1751 2200 1798 2228 dc·

956 2246 1126 2276 sumserunt.
1151 2245 1243 2276 Harl.

998 2288 1286 2329 m)Me.·'cl1ifedecus
1297 2296 1359 2318 vna
1375 2298 1441 2319 eum
1454 2292 1585 2328 parente
1600 2297 1640 2318 ex
1653 2285 1798 2321 tenebris,

955 2343 1022 2363 cum
1039 2332 1220 2374 scripturae
1237 2331 1371 2372 sacrae,
1401 2337 1467 2363 tum
1486 2330 1648 2373 fabulosae
1668 2330 1798 2362 Gentflis

953 2386 1113 2416 emergens
1130 2380 1156 2406 et
1175 2379 1268 2415 caput
1278 2376 1460 2415 protollens,
1484 2385 1578 2414 opera
1596 2379 1624 2405 et
1644 2383 1698 2413 opi·
1715 2373 1796 2403 slen-

953 2420 1011 2450 rici
1028 2420 1141 2460 Humi,
1164 2420 1190 2449 S.
1207 2418 1370 2448 litterarum
1389 2418 1568 2448 Proscssoris.
1599 2417 1728 2448 Acci-siit
1741 2415 1794 2446 ad-

60 2471 118 2503 que
132 2462 242 2493 iudicat
257 2461 388 2494 Drasdo
402 2465 605 2505 urcommcut.
621 2472 708 2492 mem.
724 2464 746 2492 1.
761 2473 790 2503 p.
808 2468 821 2496 8
837 2461 898 2504 sqq.
943 2463 1024 2505 finis
1035 2465 1180 2504 proxime
1193 2462 1334 2506 dign-effla
1351 2462 1569 2506 adsjvccimina
1588 2461 1714 2502 potiora
1731 2460 1795 2490 alia

1630 2503 1793 2544 gentilium
