2183 2747
80 139 142 170 Vol.
153 140 172 168 l.
187 149 212 175 ρ.
221 144 269 174 378

674 139 859 175 HESIODI
898 137 1195 177 THEOGONIA.

1446 141 1517 176 Lm.
1539 145 1584 179 η.
1603 157 1624 179 c.
1641 152 1668 182 s.
1774 153 1834 193 587

80 236 172 287 quod
188 239 221 273 in
237 237 444 286 Tlieogonia
458 233 596 271 Hesiodi
615 248 643 274 v,
665 243 730 277 2¹8-
756 237 873 272 Parcae
888 236 993 272 noetis
1011 234 1099 271 filiae
1114 233 1177 271 else
1194 233 1358 279 dicuntur,
1387 248 1417 272 at
1432 251 1459 276 v.
1477 251 1556 284 9¹3-
1585 243 1673 276 Iouis
1692 255 1727 275 ac
1744 243 1834 280 The-

80 290 199 334 midi‚;
227 290 408 330 concludit,
434 301 557 339 poema
574 290 639 324 hoc
654 302 727 325 non
744 291 839 325 vnius
856 288 919 325 effe
935 290 1093 331 auc‘loris,
1117 299 1148 324 et
1164 286 1296 324 fortall'e
1311 301 1439 340 partem
1458 293 1686 343 'slieog'oniae
1704 295 1832 344 Orphei

81 341 234 380 Hesiodo
251 339 408 379 adsutum.
630 359 644 374 0

83 513 287 546 distinxerunt.
331 519 431 554 Quare
445 516 519 546 bene
535 514 604 546 feeit
621 516 747 548 Mai-tin
771 514 935 558 Gottsri'ed

83 560 259 594 Hermann,
281 562 344 601 qui,
369 563 479 595 Hcynii
501 561 622 598 vestigia
645 570 797 602 premens,
828 559 931 590 confu-

81 603 193 634 sionem
209 603 290 633 illam
307 607 412 640 vitare,
437 607 608 645 omniaque,
638 614 781 645 quantum
799 605 863 634 fieri
879 615 932 646 po-

83 650 162 683 tuit,
193 647 267 677 bene
288 647 544 688 intelligenterque
572 648 711 678 ordinare
747 647 880 678 sustinuit
901 650 933 678 in

83 701 175 733 opere
185 691 319 721 erudito:
345 692 376 722 H
381 702 398 722 a
404 691 523 722 namuh
531 691 586 722 der
596 692 790 733 Mythologie
801 701 860 722 aus
868 692 933 722 Ho—

83 745 150 766 mer
165 736 230 766 und
245 735 360 777 Hcfa'iod
378 736 426 765 als
448 735 635 776 Grundlage
656 746 698 767 zu
718 745 802 766 emer
825 735 932 766 richti-

80 788 144 819 gen
167 778 344 810 Fabellchre
369 780 426 808 mit
448 779 665 810 erlffutcrnden
691 778 932 819 Amnes-kungen

83 822 236 863 begleitct.
268 839 309 846 --
341 823 435 864 Nebst
461 823 546 852 einer
575 823 718 855 Van-ede
749 823 802 853 des
823 823 933 853 Herrn

83 865 225 907 Hosmtli
244 866 367 906 Heyne,
389 865 519 896 Berolini
545 873 624 904 1787.
646 869 715 896 mai.
737 872 763 899 8.
791 868 875 896 cuius
897 865 932 896 li-

83 910 130 940 bri
149 910 264 940 erudita
278 909 396 939 censura
412 911 451 939 est
465 912 494 939 in
510 912 569 940 Ien.
580 910 703 948 Allgem.
719 912 850 940 Litterat.
868 913 933 940 Zei-

83 961 166 992 tang,
183 964 222 984 m.
238 953 331 994 April.
350 959 431 991 1789,
446 964 474 995 p.
497 963 542 983 211
565 953 625 995 sqq.
653 954 704 984 vbi
729 952 837 984 nielior
857 954 933 984 ordo

83 1004 112 1028 et
134 999 225 1028 totius
248 997 446 1038 inquisitionis
475 999 552 1027 ratio
578 999 769 1039 praecipitur.
829 998 934 1028 Sobrie

83 1051 221 1084 quoque,
252 1051 432 1082 quamquam
457 1041 606 1078 breuiter,
628 1042 773 1071 iudicauit
799 1040 836 1071 de
864 1051 933 1072 ortu

85 1096 207 1124 graecae
233 1085 411 1124 theogoniae
438 1085 468 1117 I.
495 1085 603 1116 Gillies
625 1088 656 1115 in
675 1086 807 1116 Historia
822 1087 932 1115 veteris

86 1130 244 1165 Graeciae,
267 1137 342 1170 part.
358 1131 381 1160 1.
403 1140 431 1171 p.
455 1133 490 1162 68
509 1128 568 1171 sqq.
586 1128 744 1159 secundum
767 1129 933 1159 versionem

85 1175 293 1212 germanicam,
316 1173 427 1214 Lipsiae
443 1179 522 1212 1787.
537 1175 606 1203 mai.
623 1179 648 1207 8.
679 1175 817 1214 Denique
832 1172 934 1203 amul-

86 1220 123 1247 εἰς
139 1215 258 1246 saeculis
275 1217 315 1246 cst
336 1216 371 1246 lis
394 1219 520 1255 agitata,
552 1228 621 1247 nurn
642 1227 689 1247 res
710 1227 727 1247 a
748 1216 804 1247 diis
828 1218 934 1255 gestae,

88 1271 163 1302 quae
180 1263 211 1290 in
225 1262 353 1290 Homeri
366 1268 395 1290 et
411 1260 533 1291 Hefiodi
550 1261 730 1291 carminibus
749 1268 934 1298 enarrantur,

87 1313 116 1334 et
130 1305 226 1339 mythi
238 1303 408 1342 allegorice,
425 1315 462 1335 an
477 1304 635 1335 secundum
649 1303 778 1335 litteram
799 1313 828 1334 et
845 1306 934 1335 histo-

87 1350 147 1378 rice
162 1347 216 1378 fint
232 1347 425 1386 intelligendi.
470 1348 647 1379 Menander
658 1349 778 1385 rhetor,
806 1351 837 1379 in
853 1359 934 1379 com-

89 1394 234 1422 mentario
248 1391 284 1421 de
300 1393 458 1428 encomiis,
481 1394 563 1422 cuius
577 1391 758 1434 praeclaram
771 1392 934 1423 editionem

87 1435 228 1466 debemus
251 1434 386 1465 solertiae
411 1444 500 1477 atque
527 1435 698 1474 diligentiae
724 1435 760 1466 cl.
777 1435 818 1467 A.
837 1435 880 1467 H.
896 1436 934 1468 L.

86 1479 221 1514 Heeren,
250 1481 409 1517 Gottingae
429 1486 506 1518 1785.
525 1482 555 1510 in
576 1479 642 1510 se&
658 1482 681 1510 1.
704 1479 740 1510 de
762 1480 880 1515 hymnis
904 1482 935 1510 in

87 1523 159 1553 deos
180 1523 281 1564 paffim
299 1531 444 1554 memorat
467 1523 651 1562 genealogias
673 1523 840 1560 hesiodeat,
871 1534 934 1566 cap.

85 1569 138 1597 vl.
155 1566 240 1596 docet
254 1567 379 1601 hymnos
393 1567 539 1603 mythicos
557 1576 585 1597 et
600 1566 805 1606 genealogicos
818 1566 874 1598 esse
891 1567 935 1597 di-

90 1610 295 1650 ffinguendos,
331 1619 419 1653 atque
439 1622 468 1653 p.
485 1621 535 1648 42.
564 1611 692 1653 Hestodi
709 1621 798 1653 atque
821 1610 937 1666 Orphei

87 1655 289 1693 Theogoniae
301 1653 364 1691 ⁸¹⁶2,
395 1657 455 1692 ait,
482 1657 532 1690 μὴ
557 1653 611 1694 γᾰρ
633 1655 821 1692 γηραλογιχᾳ)
841 1667 936 1691 αντη,

87 1695 146 1726 ew·
159 1695 186 1726 δι’
199 1692 276 1729 ἦττον
290 1697 427 1736 „mvn
450 1697 499 1728 sed
513 1697 578 1738 lege
593 1698 705 1740 ipsum:
729 1709 782 1729 nec
803 1698 936 1729 diuerso-

89 1751 159 1772 rum
180 1742 278 1771 omnis
297 1743 365 1772 aeui
385 1741 532 1772 diuersam
553 1743 728 1777 mythorum
747 1742 936 1785 explicando·

92 1794 158 1813 rum
180 1786 325 1814 rationem
356 1795 493 1815 enarrare
514 1785 583 1816 licet
610 1794 763 1827 vocatque.
830 1789 938 1828 Nuper

91 1827 211 1858 frider.
246 1828 279 1858 V
278 1827 324 1857 ἰδ’.
354 1827 520 1859 Leberecht
551 1829 683 1872 Pleffing
705 1832 752 1860 in:
798 1832 937 1861 Memno-

91 1872 185 1905 nium,
209 1869 283 1899 oder
303 1870 434 1900 Versuch
457 1882 510 1901 zur
538 1871 717 1911 Enthiillung
730 1873 783 1903 der
798 1875 938 1904 Geheim-

89 1912 161 1944 niss'e
184 1913 234 1942 des
259 1912 457 1950 intermunus,
491 1915 604 1955 Lipsiae
624 1921 705 1952 1787.
728 1918 798 1946 mai.
822 1923 847 1950 8.
862 1925 937 1959 part.

89 1959 141 1988 vl.
165 1957 371 1993 Meinerfium,
406 1956 519 1987 sensum
543 1959 714 1988 historicum
735 1969 938 2000 quaerentem,

90 2003 115 2032 it
131 2000 302 2031 refutatum.
349 2003 384 2030 At
398 2003 464 2042 quis
488 2009 567 2031 tanta
588 2003 730 2032 vetustate
752 2011 782 2033 et
806 2003 937 2035 obscuri-

89 2052 150 2077 tate
163 2046 263 2075 omnia
279 2052 343 2074 tuto
359 2044 495 2086 expediet
510 2053 539 2075 et
553 2047 593 2075 ita
609 2044 787 2087 explanabit,
809 2055 841 2078 vt
851 2048 938 2078 dubi-

90 2089 252 2120 udonibus
268 2087 365 2118 nullus
381 2090 505 2118 omnino
520 2087 601 2118 locus
618 2089 822 2131 relinquatur?
851 2093 936 2130 Inge-

88 2132 172 2163 nioso
187 2133 307 2173 quidem
322 2133 438 2161 homini
458 2131 574 2161 facilius
596 2135 652 2163 erit
673 2133 816 2165 hariolari
837 2143 865 2164 et
888 2146 937 2165 ne-

90 2175 150 2207 seio
164 2186 239 2218 quae
254 2175 350 2205 dulcia
369 2178 536 2213 excogitare
551 2175 673 2213 somnia,
702 2187 791 2218 quam
813 2177 876 2208 suas
892 2181 936 2209 in-

89 2222 314 2262 terpretationes
323 2220 434 2260 vbiquc
449 2228 540 2249 certas
556 2227 585 2249 et
598 2220 635 2250 ab
651 2223 734 2250 omni
747 2220 870 2251 falsitate
886 2230 937 2252 aut

89 2265 240 2306 opinionis
255 2273 356 2293 errore
371 2271 448 2293 tutas
457 2264 612 2304 praestare.
636 2264 778 2304 Equidem
788 2267 935 2302 existimo,

90 2306 230 2338 nonnulla
239 2317 274 2337 ex
290 2309 411 2348 antiqua
423 2307 544 2337 historia
553 2309 644 2349 petita
653 2316 682 2338 et
695 2307 796 2338 colore
805 2311 936 2351 poetico,

89 2350 135 2382 illi
153 2353 242 2382 aetati
268 2359 297 2381 et
326 2350 469 2393 loquendi
493 2361 588 2392 aeque
605 2361 638 2381 ac
659 2349 803 2382 sentiendi
825 2355 936 2383 rationi

87 2403 176 2437 apto,
211 2394 376 2425 illuminata
397 2402 585 2436 mutataque,
628 2393 762 2437 adeoque
797 2396 936 2427 historice

48 2445 50 2449 ’
86 2438 143 2469 effe
158 2437 367 2477 intelligendu
390 2438 474 2480 plura
489 2449 562 2468 vero
587 2437 743 2476 allegorice
757 2438 830 2469 olim
851 2439 935 2470 fuisse

86 2480 190 2520 flama,
218 2482 287 2514 dein
305 2493 322 2513 a
337 2484 433 2525 poetis
442 2481 614 2525 praesertim
628 2491 658 2514 et
669 2483 832 2515 artificibus
848 2494 936 2515 orna-

1044 394 1104 429 Ee
1130 406 1181 430 ec
1212 406 1231 429 2
1680 401 1767 438 XVI.
1797 404 1834 439 ln

984 523 1022 547 ta.
1067 518 1104 546 At
1117 526 1260 558 quaenam
1278 515 1388 548 fuerint
1401 517 1542 560 personae
1557 520 1722 558 historicae,
1745 533 1834 564 qnae-

985 571 1052 590 nam
1067 559 1251 599 allegoricae,
1268 570 1296 591 et
1305 562 1459 602 quomodo
1477 564 1653 604 posteriores
1670 566 1722 596 fint
1739 575 1833 604 ortae,

985 613 1035 634 aut
1052 615 1086 633 ex
1102 613 1200 636 mente
1215 604 1335 635 vltimae
1360 609 1543 647 antiquitatis
1568 608 1757 649 explicandae
1769 634 1778 647 ,
1802 612 1835 642 id

985 650 1016 678 in
1033 647 1134 678 multis
1152 651 1209 678 crit
1225 649 1408 688 ambiguum,
1429 661 1461 680 ac
1477 662 1522 680 res
1545 654 1655 682 incerta
1679 662 1708 683 ct
1733 654 1834 691 dubia,

986 691 1022 721 de
1039 703 1097 733 qua
1113 694 1142 721 in
1160 701 1314 734 Vtramque
1339 702 1454 735 partem
1483 695 1568 736 poffit
1595 695 1754 738 disputari,
1784 698 1834 728 ad-

986 736 1042 765 huc
1058 736 1199 772 manebit,
1222 739 1305 766 cuius
1321 740 1537 768 controuersiae
1555 740 1723 782 exemplum
1750 742 1835 784 supra

986 780 1142 809 habuimus
1163 781 1391 818 Prometheum,
1426 784 1473 812 cui
1500 782 1585 812 facile
1614 783 1697 825 plura
1722 786 1836 827 possent

986 824 1122 862 adiungi,
1143 823 1162 853 fi
1177 825 1224 854 hic
1238 823 1318 854 locus
1333 824 1410 871 esset.
1457 826 1649 864 ernander,
1679 829 1792 867 rhetor,
1816 830 1835 861 l.

986 877 1026 896 m.
1040 878 1099 908 cap.
1119 876 1143 903 ς.
1159 879 1187 909 p.
1203 878 1237 904 39
1254 867 1294 909 sq.
1310 868 1426 909 scribit,
1455 871 1658 902 Parmenidem
1681 881 1710 902 et
1732 875 1836 916 Empe-

988 911 1103 940 doclem
1121 910 1205 941 fuisse
1221 915 1345 953 primos,
1370 915 1401 943 in
1426 924 1554 954 quorum
1578 919 1778 954 cosmogoniis
1799 928 1835 948 ex

988 954 1131 985 sermonis
1147 958 1261 997 antiqui
1277 955 1328 985 vsu
1344 967 1446 987 omncs
1462 967 1583 988 naturae
1599 962 1678 989 vires
1695 970 1723 990 et
1732 962 1838 992 mundi

987 1007 1084 1040 partes
1101 1000 1130 1028 in
1147 999 1283 1040 personas
1300 999 1388 1030 ess'ent
1403 1010 1542 1037 mutatae,
1571 1013 1681 1044 eosque
1703 1005 1837 1045 physicos

988 1045 1122 1072 nominat
1139 1043 1352 1078 ἒξηγημοιτικές.
1378 1046 1512 1074 Attamen
1527 1045 1637 1076 multae
1653 1051 1837 1079 narrationes

988 1094 1016 1116 et
1031 1086 1183 1116 dofflinae
1198 1087 1233 1116 de
1248 1095 1368 1117 naturae
1384 1089 1498 1118 viribus
1521 1088 1697 1128 allegoricae
1717 1090 1838 1124 fuerunt

986 1132 1168 1171 antiquiores
1184 1129 1304 1160 illorum
1317 1131 1526 1170 cosmogoniis.
1542 1150 1581 1156 —
1597 1134 1759 1172 Qiomodo
1776 1138 1837 1166 He-

989 1173 1086 1203 siodus
1101 1174 1182 1210 deos,
1206 1175 1360 1211 mundum,
1385 1176 1535 1206 hominem
1555 1185 1583 1207 et
1597 1177 1693 1207 officia
1710 1179 1838 1210 humana

987 1225 1085 1247 mente
1101 1221 1279 1259 conceperit,
1300 1220 1488 1257 inuestigauit
1511 1219 1669 1258 Wachler,
1692 1223 1840 1254 Professor

988 1260 1172 1291 Rintelienfis
1191 1263 1222 1291 in
1236 1273 1337 1303 progr.
1360 1262 1508 1301 singulari,
1533 1265 1626 1305 (quod
1647 1273 1744 1296 tamen
1767 1277 1837 1297 ocu·

987 1304 1024 1335 lis
1052 1305 1194 1347 vsurpare
1219 1306 1351 1335 nondum
1380 1307 1456 1336 mihi
1479 1306 1586 1344 licuit,)
1609 1309 1731 1340 Rintelii
1754 1316 1836 1348 1789.

989 1347 1101 1379 Confer
1121 1359 1242 1390 quoque
1262 1348 1396 1380 libellum
1418 1351 1513 1380 bonae
1536 1351 1646 1390 frugis:
1676 1354 1712 1384 de
1731 1354 1838 1398 cauffis

989 1396 1019 1423 et
1027 1392 1206 1424 aufforibus
1216 1395 1436 1424 narrationum
1445 1395 1481 1425 de
1490 1397 1620 1426 mutatis
1627 1395 1745 1437 formis
1754 1392 1798 1429 ali
1805 1399 1839 1429 il-

989 1436 1183 1479 lustrandum
1200 1438 1339 1468 nzaxime
1353 1441 1382 1468 et
1395 1437 1628 1470 diiudicandum
1645 1451 1722 1480 opus
1744 1447 1840 1473 meta·

990 1479 1194 1522 morphqfium
1205 1481 1406 1517 Ouidianum,
1423 1481 1547 1513 augore
1561 1483 1584 1514 I
1583 1493 1609 1512 o.
1625 1484 1707 1515 Guil.
1718 1485 1840 1518 Ludou.

988 1524 1179 1561 Mellmann,
1201 1524 1242 1555 A.
1261 1525 1308 1558 M,
1325 1524 1452 1555 classium
1472 1536 1515 1563 gr.
1538 1534 1567 1556 et
1590 1525 1638 1557 lat.
1665 1529 1696 1557 in
1717 1539 1837 1567 gymna-

990 1567 1038 1597 fiis
1061 1567 1229 1598 academiae
1261 1568 1423 1610 imperialis
1455 1569 1663 1600 Moscouiensis
1702 1573 1837 1604 Rcetore.

991 1612 1105 1652 Lipsiae
1130 1615 1211 1650 1786.
1237 1618 1262 1645 8.
1300 1615 1330 1642 in
1352 1614 1456 1654 primis
1483 1623 1549 1654 pag.
1571 1622 1605 1650 59
1626 1613 1687 1656 sqq.
1712 1623 1741 1646 et
1771 1627 1838 1658 pag.

991 1658 1031 1693 67
1046 1654 1086 1697 sq.
1133 1657 1224 1686 Noua
1244 1656 1370 1697 quadam
1394 1658 1526 1692 ratione,
1554 1661 1602 1691 (an
1626 1659 1725 1689 vbiuis
1746 1659 1839 1698 felici,

990 1697 1060 1729 licet
1074 1699 1245 1737 ingeniosa?
1269 1699 1388 1729 videant
1402 1699 1478 1736 alii,)
1502 1701 1715 1740 Theogoniam
1730 1711 1758 1733 et
1766 1705 1838 1735 Cos.

990 1745 1163 1781 mogoniam
1180 1746 1331 1785 antiquam
1347 1743 1548 1785 explicandam
1567 1744 1688 1786 suscepit
1710 1747 1839 1780 Rabaut

992 1786 1030 1816 de
1043 1787 1137 1817 Saint
1149 1787 1318 1823 —Ett'enne,
1351 1790 1397 1817 in:
1436 1789 1547 1818 Lcttrcs
1562 1787 1578 1817 Ξι
1596 1790 1747 1820 Monsicur
1761 1791 1837 1823 Bail.

992 1828 1021 1864 ly
1038 1829 1086 1860 sur
1105 1830 1124 1860 l’
1135 1831 1256 1861 histoire
1272 1833 1424 1872 primitive
1440 1830 1516 1861 dela
1532 1833 1633 1861 Grcce.
1651 1833 1738 1864 Paris.
1756 1842 1836 1874 1787.

993 1879 1018 1907 8.
1042 1876 1068 1904 Is
1086 1882 1178 1915 putat,
1207 1885 1326 1904 omnem
1347 1877 1498 1915 antiquam
1521 1875 1691 1913 historiam,
1725 1882 1836 1920 praeci.

991 1928 1050 1958 pue
1066 1919 1218 1954 Graeciae,
1244 1929 1336 1959 vsque
1355 1918 1391 1948 ad
1408 1918 1536 1947 reditum
1557 1919 1783 1953 Heraclidarum
1805 1925 1836 1954 in

989 1960 1235 2002 Peloponnesum,
1259 1961 1333 1992 nihil
1349 1961 1428 1991 aliud
1443 1961 1509 1998 esse,
1531 1972 1564 1991 ac
1578 1961 1678 1993 falsam
1693 1967 1838 2008 interpre:

989 2007 1133 2034 tationem
1148 2016 1265 2041 eorum,
1287 2016 1362 2047 quae
1378 2005 1673 2047 linguaantiquiffimi
1687 2010 1836 2045 aeuisym-

988 2047 1086 2078 bolica
1109 2059 1142 2078 ac
1164 2048 1405 2090 hieroglyphica,
1457 2059 1493 2078 eo
1515 2056 1668 2092 tempore,
1703 2063 1765 2094 quo
1790 2066 1837 2086 ars

991 2091 1188 2130 agriculturae
1207 2094 1325 2122 inuenta
1342 2091 1456 2129 suisset,
1484 2100 1567 2130 orta,
1589 2096 1837 2137 repraesentasset,

991 2143 1080 2176 atque
1095 2137 1279 2165 Graecorum
1295 2138 1563 2178 Troianorumque
1579 2138 1684 2169 heroes
1708 2145 1836 2182 pertine-

991 2189 1022 2208 rc
1039 2178 1076 2208 ad
1091 2180 1235 2209 astrorum
1251 2182 1425 2215 exercitum,
1450 2191 1575 2217 montes,
1599 2193 1697 2224 rupes,
1721 2194 1836 2226 portus,

990 2230 1100 2258 terras,
1110 2222 1213 2258 sidera,
1238 2223 1359 2253 flumina
1373 2222 1458 2253 fuisse
1469 2223 1611 2266 descripta
1623 2234 1772 2269 tamquam
1783 2231 1835 2261 ho-

990 2267 1094 2301 mines,
1115 2265 1165 2300 (de
1179 2265 1319 2296 sideribus
1335 2269 1394 2296 iam
1408 2269 1447 2298 ita
1462 2267 1726 2302 senfitLucian.de
1739 2275 1836 2305 Astro-

989 2307 1068 2346 logia
1084 2319 1145 2350 cap.
1162 2319 1210 2338 22.
1227 2317 1299 2340 tom.
1314 2312 1349 2340 11.
1365 2322 1393 2352 p.
1412 2315 1477 2349 369.
1499 2310 1569 2342 edit.
1587 2312 1727 2351 Reiczit'.)
1755 2317 1835 2350 illam

989 2351 1163 2393 scripturam
1179 2353 1434 2395 hieroglyphicam
1449 2363 1477 2386 et
1493 2355 1630 2397 personas
1649 2358 1714 2390 illas
1735 2360 1834 2393 hiero-

989 2394 1139 2437 glyphicas
1161 2397 1259 2437 postea
1278 2406 1403 2429 mutatas
1417 2401 1447 2429 in
1463 2400 1609 2438 historias,
1633 2411 1661 2433 et
1686 2405 1835 2438 mytholo-

989 2442 1066 2478 giam
1093 2447 1224 2470 veterem
1250 2440 1305 2473 effe
1326 2441 1516 2477 symbolicam
1538 2442 1558 2473 s.
1583 2445 1836 2489 hieroglyphicam

989 2491 1109 2514 naturae
1138 2484 1292 2517 historiam
1313 2493 1366 2517 etc.
1394 2497 1470 2530 quae
1497 2490 1614 2526 omnia,
1651 2494 1758 2532 partim
1778 2495 1835 2524 iam

1741 2540 1840 2576 cogni-
