2183 2747
76 127 299 167 Vd-¹·P-⁴69P
313 130 368 166 47⁸
518 127 871 169 COMMENTARH
896 128 944 167 IN
969 129 1123 167 AVREA
1152 129 1380 169 CARMINA.
1460 132 1532 169 Lib.
1546 133 1594 170 II.
1613 146 1635 170 c.
1650 146 1691 174 12.

1781 148 1842 182 795

366 229 441 264 VH.
473 227 583 263 Procli
594 226 802 264 Laodicensis
819 228 893 273 Syri
910 228 1175 263 commentarius
1194 229 1228 264 in
1244 229 1368 280 χρυσᾶ
1382 231 1461 276 ἔπη,
1489 228 1607 268 Suidae
1622 243 1842 274 memoratus,

314 280 488 318 intercidit.
543 283 762 317 Bruiismaniii
781 291 882 316 notae
904 291 934 316 et
952 279 1050 316 index
1068 283 1223 316 omnium
1241 283 1421 318 verborum
1446 285 1477 318 in
1496 286 1681 334 Pythagor.
1706 296 1736 321 et
1753 287 1841 322 Pho-

74 334 143 380 cyl.
164 336 240 371 MS.
255 346 365 370 extant
382 336 531 370 Hauiiiae
548 339 580 370 in
599 334 750 370 biblioth.
766 333 901 383 collegii
925 334 1057 369 medici.
1110 332 1284 369 Editiones
1305 337 1493 372 carminum
1515 350 1695 373 aureorum
1722 338 1843 388 pleras-

76 400 142 438 que
157 386 352 437 insigniores
371 387 463 423 retuli
480 390 586 436 capite
605 385 785 437 superiore,
810 399 889 422 cum
906 387 1090 423 Giiomicos
1107 384 1308 422 recenserem
1327 414 1337 428 ,
1365 401 1511 436 quorum
1529 402 1600 425 nou
1621 400 1842 427 contemnen-

76 439 120 477 da
134 453 207 489 pars
223 438 286 476 effe
304 438 423 477 solent.
478 441 609 476 Eorum
624 439 810 476 editionem
825 452 951 476 nouam
973 437 1015 474 ad
1033 440 1154 475 MStos
1177 438 1310 476 codices
1335 440 1512 478 meditatus
1536 443 1658 478 Dauid
1680 443 1842 491 Hocsclie-

77 495 141 529 lius
156 490 202 526 ¹¹¹)
227 505 298 529 non
313 492 463 543 perfecit,
501 493 577 530 licet
593 496 662 529 eius
679 492 802 528 indicio
818 492 945 528 constet
961 495 993 526 in
1013 493 1238 542 pythagoricis
1254 492 1327 542 post
1344 491 1473 529 versum
1490 507 1541 542 39.
1563 498 1596 531 in
1621 496 1697 532 MS.
1724 499 1841 546 Augu.

75 544 171 582 ssano
186 544 253 595 legi
267 544 446 582 verficulos
460 546 567 590 binos,
595 549 652 595 qui
669 549 702 581 in
720 544 860 595 vulgatis
878 542 947 581 fere
962 544 1165 581 editionibus
1182 543 1419 592 defiderantur,
1446 545 1501 584 sed
1519 547 1641 585 exstant
1654 548 1742 599 apud
1759 552 1840 587 Por·⁴

76 600 244 650 phytiam
259 611 337 650 pag.
355 612 404 647 27.
431 599 479 646 [n.
496 612 550 644 40.
570 598 645 635 edit.
661 597 786 636 Kiisser.
807 611 879 648 pag.
897 598 960 645 4i.]

120 238 288 265 commuta-

74 277 114 304 1·ἰὶ
129 278 157 303 in
173 278 208 305 A.
225 278 254 304 C.

506 682 609 724 I'Ifssira
632 685 683 717 μὶν
708 682 741 717 ἒξ
758 678 847 710 ’ὕπνοιο
873 681 1038 721 μελίφρονος
1055 679 1215 717 {bunum-022

504 728 544 764 133
565 730 653 771 μάλα
677 729 820 760 ποικνεύειν
840 727 883 760 B‘a‘
905 732 932 760 ἔν
960 728 1049 769 ἤματι
1071 734 1138 772 ἔργα
1162 732 1299 761 τελέσσαι·

79 835 111 862 et
137 823 211 876 post
234 821 367 861 versum
393 836 448 869 44.
477 824 567 860 hunc
594 824 752 869 tertium,
786 820 901 857 itidem
926 823 961 856 in
990 819 1082 857 editis
1110 819 1199 856 libris
1225 820 1506 870 praetermissum:

505 911 578 941 Ταῖς
601 908 697 939 αὐτ-αἷς
720 907 832 951 &ferulis
857 910 932 938 ποιεῦ
955 911 1048 946 φίλων,
1073 905 1102 937 ἵν
1122 906 1148 936 κ’
1171 909 1328 941 {Bibra-‘hm

77 989 289 1041 Paraphrasin
305 989 481 1026 Arabicam
495 1003 574 1026 cum
592 987 743 1026 versione
761 989 860 1025 latina
879 989 932 1025 10.
955 988 1158 1024 Elichmaxm'
1170 986 1271 1024 edidit
1288 986 1445 1024 Claudius
1461 987 1636 1028 Salmasius
1651 990 1691 1029 ad
1708 992 1836 1034 calcem

77 1041 218 1081 suorum
242 1047 275 1079 in
296 1045 488 1091 Epicletum
514 1044 859 1086 commentariorum,
908 1054 972 1077 vna
997 1054 1074 1077 cum
1097 1039 1285 1091 paraphrasi
1309 1041 1367 1088 [if]
1393 1042 1518 1078 arabica
1542 1044 1668 1082 tabulae
1691 1047 1834 1092 Cebetis,

76 1096 185 1146 Lugd.
199 1099 266 1133 Bat.
284 1099 380 1141 1640.
397 1110 428 1142 4.
481 1097 518 1132 Iri
536 1094 624 1132 calce
641 1092 873 1146 paraphraseos
895 1094 1039 1130 arabicae
1063 1093 1171 1144 legas,
1215 1093 1380 1130 Galeiium
1403 1095 1484 1130 haec
1507 1098 1726 1147 pythagorica
1754 1103 1834 1136 reci.

77 1147 154 1186 taffe
170 1147 224 1186 sub
247 1152 379 1185 initium
406 1159 438 1183 et
458 1145 515 1184 sub
536 1147 639 1184 finem
662 1150 823 1197 cuiusque
847 1146 923 1183 diei.
978 1148 1068 1183 Loca
1091 1144 1254 1196 quaedam
1277 1145 1415 1182 illustrat
1435 1146 1614 1185 Salmasius
1638 1153 1672 1186 in
1696 1150 1831 1201 praefat.

78 1203 207 1239 Graece
226 1216 305 1238 vero
323 1213 354 1238 et
367 1202 468 1238 latine
485 1215 564 1237 eum
578 1203 824 1237 commentario
848 1201 959 1236 ethico
977 1201 1109 1236 exhibet
1124 1202 1269 1235 carmina
1287 1212 1381 1235 aurea
1399 1200 1548 1248 Mignus
1569 1202 1691 1239 Daniel
1713 1204 1834 1249 Omcis,

77 1254 237 1292 Aitdorfii
263 1258 353 1302 1693.
377 1261 408 1297 8.
447 1257 503 1303 qui
528 1268 561 1304 p.
588 1267 639 1302 91.
664 1252 824 1290 ineditum
850 1253 1014 1288 Matthiae
1039 1252 1181 1301 Georgii
1205 1254 1352 1300 Koenigii
1376 1257 1657 1290 commentarium
1681 1255 1832 1295 celebrat.

79 1308 160 1345 Olai
176 1307 260 1354 Celst
275 1305 522 1345 obseruationes
545 1310 580 1343 in
602 1320 698 1343 aurea
723 1308 870 1343 carmina
888 1305 999 1341 lucem
1019 1304 1171 1342 viderunt
1194 1302 1346 1354 Vpsaliae
1372 1308 1467 1350 1706.
1491 1313 1522 1348 8.
1595 1306 1704 1346 Video
1732 1312 1833 1348 etiam

77 1365 263 1398 memorari
282 1362 442 1397 editiones
457 1359 548 1397 Guil.
565 1361 698 1396 Canteri
713 1370 745 1397 et
760 1359 809 1398 10.
827 1357 1011 1408 spondam,
1037 1368 1135 1408 atque
1152 1356 1399 1407 expolitionem
1416 1360 1555 1395 Henrici
1575 1360 1683 1397 Bremi
1695 1364 1834 1401 Curien.

77 1412 132 1458 sis,
167 1415 271 1462 [cuius
296 1415 560 1450 commentarius
584 1412 708 1462 prodiit
734 1413 871 1449 Witteb.
897 1415 986 1458 1586.
1003 1418 1035 1453 8.
1059 1409 1161 1458 mmo]
1198 1413 1239 1448 G.
1264 1411 1423 1454 Sartorii,
1461 1413 1662 1463 Ioannisque
1682 1413 1834 1454 Straselii.

18 1499 24 1503 .
77 1467 385 1516 Ioannis·Erbcrgii
400 1464 681 1505 Obseruatioaum
695 1468 729 1502 in
747 1478 844 1503 aurea
859 1467 1007 1502 carmina
1021 1463 1146 1514 prodiit
1165 1477 1238 1513 pars
1259 1467 1353 1514 prior
1378 1466 1409 1499 V
1409 1461 1530 1515 psaliae
1558 1478 1649 1511 1702.
1668 1467 1835 1516 posterior

1029 1519 1103 1555 Hh
1128 1519 1151 1554 h
1165 1518 1225 1555 hh
1251 1529 1270 1553 2
1682 1532 1769 1567 ¹705·
1799 1529 1831 1564 8.

982 1646 1051 1667 men
1069 1636 1110 1673 id,
1135 1635 1221 1678 quale
1249 1646 1301 1666 nos
1315 1635 1404 1667 hodie
1420 1636 1574 1673 habemus,
1602 1635 1658 1668 ess‘e
1681 1637 1829 1671 mutilum.

78 1649 146 1681 pars
161 1646 259 1670 autem
275 1647 373 1679 negat,
396 1638 482 1671 illum
497 1637 634 1681 scripfiss'e
649 1638 825 1682 quidquam,
847 1637 929 1680 quod

984 1680 1027 1711 cl.
1047 1680 1156 1712 Schier
1168 1683 1198 1710 in
1216 1682 1275 1710 vita
1291 1681 1473 1719 Pythagorae
1492 1691 1518 1720 p.
1532 1687 1577 1713 28.
1592 1682 1700 1719 statuit,
1724 1684 1830 1717 Pytha.

79 1685 169 1713 etiam
195 1685 293 1723 postea
315 1686 446 1715 Socrates
472 1687 603 1715 imitatus
625 1684 666 1714 fit.
713 1685 804 1714 Acuta
827 1693 929 1724 quam-

79 1736 169 1767 quam
184 1727 254 1756 haec
271 1729 311 1757 est
328 1727 467 1758 sententia
482 1728 710 1764 Glandorfiana,
734 1736 822 1769 atque
844 1737 929 1765 argu-

80 1771 187 1799 mentis
202 1770 351 1808 ingeniose
365 1774 537 1810 excogitatis
561 1780 590 1802 et
615 1770 762 1802 subtiliter
784 1771 930 1812 docteque

81 1812 228 1854 explicitis
251 1814 460 1845 corroborata:
485 1824 581 1846 tamen
601 1816 695 1851 mihi,
719 1814 834 1851 fateor,
866 1825 927 1844 tna-

80 1858 125 1895 gis
149 1855 284 1886 adridere
306 1856 415 1886 iudicia
435 1861 623 1899 rationesque
645 1858 777 1894 oleata,
813 1858 926 1888 Tiede-

79 1901 183 1930 manni
198 1909 230 1929 ac
248 1901 407 1930 Meinersii.
453 1901 620 1932 Nonnullas
637 1902 758 1942 quidem
771 1900 927 1932 sententias

78 1950 109 1974 et
127 1951 279 1984 praecepta
294 1943 449 1984 quaedam,
472 1954 506 1974 ea
521 1945 712 1984 podffimum,
735 1955 811 1986 quae
827 1945 865 1974 ad
881 1946 926 1975 vi-

78 1993 141 2018 tam
161 1988 240 2017 reete
255 1987 388 2028 beneque
408 1987 549 2026 agendam
566 1990 725 2027 pertinent,
748 1996 777 2018 et
792 1998 809 2017 a
822 1996 926 2018 natura

79 2029 143 2071 ipsa
157 2031 326 2071 pectoribus
345 2031 501 2061 hominum
523 2031 616 2061 indita
636 2032 715 2072 quati
737 2039 766 2061 et
784 2030 926 2071 insculpta

79 2073 156 2111 sunt,
179 2082 208 2104 et
224 2074 322 2116 qualia
344 2075 475 2104 nostrum
490 2073 695 2115 compleffitur
711 2085 839 2110 carmen,
862 2074 927 2105 lon-

79 2128 116 2157 ge
130 2126 196 2149 ante
206 2119 402 2156 Pythagoram
418 2121 447 2148 in
465 2120 588 2148 Oriente
604 2127 692 2159 atque
701 2120 824 2148 Graecia
833 2120 927 2148 maio-

80 2172 135 2198 re,
163 2173 222 2192 non
251 2164 367 2200 cognita
386 2161 501 2198 solum,
528 2161 576 2192 sed
597 2164 685 2192 etiam
706 2161 742 2191 ad
763 2163 928 2192 communis

81 2208 161 2236 vitae
183 2204 382 2236 emolumenta
407 2204 491 2235 fuisse
512 2205 660 2241 adhibita,
690 2205 764 2241 (vid.
779 2204 814 2235 cl.
831 2206 926 2236 Glan-
952 2206 957 2207 ⁷

57 2279 62 2284 ,
82 2248 164 2290 dorf-
176 2251 207 2280 in
221 2249 389 2289 Adpendice
404 2259 431 2288 p.
449 2255 509 2285 189.
523 2249 576 2279 vbi
593 2249 765 2279 sententiam
784 2248 865 2278 suam
880 2247 926 2278 su-

82 2295 231 2333 periorem
253 2292 416 2323 retraetaffe
435 2292 585 2328 videtur‚)
617 2303 708 2333 eaque
725 2303 740 2322 a
760 2293 927 2330 Pythagora

83 2337 297 2373 commendata,
315 2337 393 2366 haud
411 2336 540 2375 negabo:
563 2347 599 2366 ex
613 2337 659 2367 his
674 2346 783 2372 tamen,
805 2338 926 2375 opinor,

83 2379 160 2411 effici
175 2391 234 2411 non
252 2382 373 2422 poterit,
397 2391 514 2410 carmen
529 2379 624 2421 ipsum
640 2390 655 2410 a
670 2380 836 2418 Pythagora
861 2378 925 2418 ipso

83 2422 168 2455 fuiffe
190 2427 395 2454 concinnatum
416 2432 465 2454 aut
486 2432 551 2454 ante
576 2423 655 2454 illius
678 2431 815 2463 tempora
842 2423 925 2453 exsti-

80 2467 157 2500 u'fl'e.
208 2470 307 2509 Negat
327 2476 443 2510 praeter
465 2479 498 2499 ea
521 2466 687 2509 Glandorf.
710 2477 738 2508 p.
755 2476 782 2504 ις
802 2465 841 2509 sq.
865 2476 926 2497 car-

982 1735 1097 1764 goram‚
1120 1723 1188 1754 licet
1204 1723 1252 1753 sua
1269 1724 1329 1765 ipse
1343 1734 1431 1754 manu
1447 1735 1506 1754 iion
1521 1727 1687 1755 exarauerit
1702 1733 1731 1756 et
1751 1737 1831 1758 com·

982 1768 1115 1809 posuerit
1131 1769 1200 1798 haec
1219 1770 1360 1804 carmina,
1382 1770 1536 1798 materiam
1561 1776 1658 1799 tamen
1679 1769 1829 1810 discipuli·

981 1812 1040 1842 suis
1054 1811 1225 1853 frequenter
1248 1811 1412 1848 inculcasse,
1435 1811 1562 1852 ideoque
1578 1822 1657 1848 eum,
1681 1813 1699 1842 fi
1715 1815 1745 1844 in
1767 1817 1828 1854 pri-

980 1858 1036 1886 mis
1054 1858 1208 1886 materiam
1229 1855 1348 1895 specta,
1370 1854 1425 1885 ess‘e
1444 1856 1605 1885 auctorem.
1656 1859 1740 1894 Quae
1765 1857 1827 1889 scii-

979 1902 1070 1930 tentia
1092 1899 1201 1940 placet,
1242 1900 1261 1928 fi
1279 1900 1431 1929 aue‘iorem
1455 1909 1524 1928 eum
1546 1910 1666 1940 quoque
1686 1900 1827 1940 intelligi-

979 1954 1056 1979 mus,
1077 1945 1130 1984 qui
1145 1943 1194 1972 dat
1209 1942 1337 1978 consilia,
1361 1951 1389 1972 et
1407 1950 1570 1982 praccepta,
1593 1942 1662 1973 licet
1677 1951 1760 1975 antea
1768 1955 1827 1976 non

978 1989 1140 2026 incognita,
1163 1986 1360 2023 commendat,
1383 1985 1491 2027 suaque
1502 1986 1678 2019 corroborat
1699 1989 1828 2021 auetori-

979 2037 1049 2061 tate.
1073 2029 1169 2062 Harl.

1023 2073 1067 2109 ul>
1090 2073 1168 2104 Vide
1181 2074 1243 2103 eius
1258 2073 1338 2113 epist.
1352 2071 1388 2102 ad
1409 2072 1657 2111 Kirchmannum,
1680 2074 1778 2107 datam
1795 2084 1825 2116 7.

979 2116 1024 2148 Id.
1052 2116 1145 2157 April.
1164 2120 1244 2152 1603.
1274 2117 1337 2157 post
1352 2115 1500 2146 Gudianas
1527 2128 1556 2158 p.
1576 2123 1632 2151 188.
1656 2118 1707 2149 vbi
1730 2128 1759 2150 et
1774 2131 1824 2151 va-

980 2162 1043 2191 riae
1061 2160 1201 2191 leciiones
1216 2159 1359 2200 quaedam
1383 2167 1486 2190 notatu
1509 2160 1614 2199 dignae
1638 2163 1668 2192 in
1692 2164 1825 2200 νεθετικᾷ

981 2203 1160 2238 Phocylidis.
1183 2202 1307 2234 Fabi-ic.
1344 2205 1387 2233 De
1412 2204 1542 2234 versibus
1560 2203 1618 2235 illis
1634 2205 1824 2247 suppofititii3

981 2247 1042 2277 vid.
1059 2246 1093 2276 cl.
1111 2247 1276 2277 Glandorfii
1297 2255 1358 2276 not.
1376 2256 1404 2286 p.
1422 2256 1482 2283 150.
1499 2255 1527 2278 et
1544 2252 1603 2284 156.
1624 2257 1654 2280 et
1671 2250 1707 2280 de
1722 2251 1824 2283 codice

978 2289 1031 2320 illo
1047 2293 1078 2320 in
1093 2289 1225 2328 Prolcgg.
1247 2300 1274 2329 p.
1292 2300 1321 2326 4.
1346 2289 1440 2322 Harl.

1022 2338 1128 2369 mmm)
1159 2334 1261 2364 Verfio
1285 2333 1332 2363 lat.
1364 2335 1395 2363 in
1427 2333 1569 2365 scffiones
1597 2335 1709 2374 diuisa,
1744 2343 1822 2370 notis

979 2378 1177 2415 grammaticis
1193 2386 1281 2419 atque
1304 2378 1426 2413 ethicis,
1455 2389 1561 2420 parum
1583 2381 1726 2419 eruditis,
1755 2384 1823 2414 hinc

979 2420 1048 2450 inde
1070 2419 1209 2458 vtilibus,
1250 2429 1371 2453 onerata
1391 2424 1490 2465 potius
1511 2424 1569 2461 est,
1599 2435 1688 2468 quam
1711 2435 1825 2459 ornata.

979 2463 1076 2496 Harl.
