2183 2747
30 129 120 161 Vol-¹·
138 128 212 166 v-'69
226 130 248 163 ff
263 134 299 162 το
670 126 856 164 TABVLA
911 127 1227 165 SMARAGDINA.
1380 128 1456 164 Lib.
1473 130 1501 164 I.
1529 141 1552 165 c.
1571 127 1630 165 X:
1754 141 1798 175 79

32 221 277 276 1330.„I'et1·u5
301 226 413 262 Bonus
433 222 661 267 Lombardus,
696 235 731 261 vt
750 224 948 275 posteriores
970 222 1040 261 fere
1065 225 1212 261 infinitos
1233 234 1449 274 praeteream.
1507 224 1700 260 Athanasius
1728 228 1798 261 Kir-

32 287 148 321 cherus
175 278 242 330 ipse
261 308 269 322 ,
309 281 365 328 qui
390 277 537 313 tabulam
564 279 649 312 hanc
673 275 877 328 suppositam
894 307 904 321 ,
943 287 975 314 et
997 291 1016 312 a
1037 276 1206 314 Bet-nardo
1234 276 1376 314 canesio
1405 277 1613 324 Alchymissa
1648 282 1798 327 primum

29 334 160 375 mundo
183 332 331 370 oblatam
355 328 439 366 salso
457 328 487 362 ⁵)
514 329 703 374 contendit,
733 334 765 368 in
781 329 922 373 eodem,
950 344 1019 381 quo
1039 332 1107 367 hoc
1127 328 1262 381 scripsit,
1288 329 1421 380 Oedipo
1444 333 1673 380 Aegyptiam,
1708 331 1798 366 teila-

30 400 84 427 ωι-
105 401 211 439 prope
234 386 417 434 Memphin
441 380 518 420 saxo
542 384 623 418 haec
649 385 745 419 verba
771 381 932 435 insculpta
954 384 1039 433 legi:
1065 383 1199 420 Coelum
1210 383 1368 432 sursum,
1395 384 1513 418 coelum
1528 384 1693 431 deorsum,
1714 386 1803 431 quod

20 442 156 492 sursum
180 439 216 475 id
235 451 324 473 omne
346 437 514 485 desistam,
542 438 615 472 haer
637 449 710 483 cape
738 444 767 472 et
789 439 939 473 beaberis.
994 435 1093 472 Vnde
1113 439 1283 486 integritas
1304 447 1335 472 et
1365 440 1539 486 antiquitas
1565 436 1694 472 tabulae
1717 433 1800 471 sma-

29 493 187 544 ragdinae
209 506 279 528 non
299 504 419 541 parum
442 489 638 525 confirm-aii
659 489 767 525 eidem
792 491 966 526 Borrichio
989 489 1119 526 videtur
1133 519 1143 533 ,
1185 492 1241 540 qui
1262 489 1355 525 illam
1378 489 1526 540 pluribus
1548 487 1704 525 aduersus
1731 492 1802 529 Kir-

29 550 170 584 cherum
193 543 336 581 vindicat
362 547 395 579 in
415 542 470 578 lib.
500 541 540 578 de
568 554 643 578 ottu
663 553 694 578 et
718 541 892 593 progressu
918 544 1079 579 Chemiae
1098 557 1131 593 p.
1147 555 1196 588 72.
1215 540 1282 592 sqq.
1339 545 1380 579 Et
1407 547 1441 578 in
1462 540 1641 593 corispecIu
1666 540 1802 593 scripto-

29 615 106 638 rum
132 601 378 636 Chemicorum
402 606 515 639 notat,
550 593 685 632 solenne
705 594 800 632 fuiffe
821 599 981 647 antiquis,
1006 599 1131 632 rariora
1156 596 1291 645 legum,
1320 596 1511 645 gestorum,
1548 599 1692 640 artium,
1719 596 1804 646 lapi-

29 653 98 691 deis
120 652 260 694 tabulis,
311 650 478 686 columnis
496 678 506 691 ,
548 647 696 685 obeliscis
718 653 956 686 committere:
998 663 1100 700 quam
1128 649 1196 697 [if]
1227 663 1298 685 rem
1325 650 1474 700 pluribus
1501 653 1671 699 tangimus
1696 646 1804 692 infra,

29 721 109 744 cuin
130 705 172 742 de
195 704 363 741 columnis
387 704 549 739 Mercurii
573 701 640 738 flue
657 704 825 738 Hermetis
847 706 989 753 agimus.

65 808 215 843 smaragdi
302 794 389 827 VIII.
446 794 495 827 Ac
517 805 559 826 ne
582 794 654 840 quis
681 790 842 835 obducat,
887 789 1081 842 smaragdos
1103 795 1170 829 eius
1195 790 1456 841 magnitudinis,
1498 804 1582 842 quae
1603 802 1653 828 tot
1675 788 1804 827 senten-

29 847 103 887 ’ΨΜ
115 845 252 878 '¹¹⁰8”¹'²“·
330 848 388 880 tias
413 855 585 893 caperent,
614 858 685 879 non
706 847 865 887 inueniri,
902 859 1000 888 cum,
1028 846 1268 895 Theophrasto
1290 846 1368 897 περὶ
1393 846 1501 885 λίθων
1519 859 1674 888 auctore,
1701 843 1803 893 sigilli

30 883 101 908 ‘¹⁰¹³'
327 896 595 945 magnitudinem
622 911 697 932 raro
728 897 906 941 excedant,
950 902 974 934 is
1001 901 1114 941 norit,
1155 902 1239 935 inter
1262 900 1397 935 artificia
1421 901 1583 935 Chemica
1609 901 1708 934 etiam
1740 895 1806 933 esse

30 953 153 992 similes
176 963 328 999 gemmas
352 950 501 992 efficere,
531 960 565 985 vt
586 951 708 986 Seneca
727 951 826 1000 Epist.
847 964 903 996 90.
926 951 1059 988 testatur
1083 954 1320 988 Democritum
1352 950 1510 988 inueniii'e
1539 952 1805 1000 queamdmodum

31 1003 178 1043 dccotJus
200 1003 337 1038 calculus
358 1005 390 1036 in
419 1003 638 1050 Smaragdnm
662 1011 914 1040 conuerteretur.
968 1007 1010 1039 Et
1032 1005 1287 1055 Theophrastus
1312 1003 1377 1055 ipse
1407 1005 1524 1049 tradit,
1561 1009 1595 1040 in
1618 1007 1804 1054 Aegyptio-

32 1072 110 1096 rum
129 1058 377 1092 commentariis
405 1058 564 1104 reperiri,
601 1059 671 1104 regi
696 1070 815 1092 eorum
839 1070 856 1091 a
881 1059 976 1106 Rege
1007 1058 1194 1103 Babylonio
1222 1057 1359 1094 milI’um
1391 1058 1615 1108 Smaragdum
1644 1071 1805 1099 munere,

34 1122 177 1163 quatuor
195 1109 384 1144 cubitorum
409 1106 621 1157 longitudine
643 1119 674 1143 et
701 1112 801 1144 trium
827 1109 1010 1145 latitudine.
1089 1114 1130 1146 Et
1159 1109 1254 1147 suiil'e
1284 1111 1372 1161 apud
1397 1126 1454 1147 cos
1479 1115 1513 1147 in
1542 1115 1631 1148 Iouis
1663 1110 1805 1146 delubro

36 1160 215 1201 obeliscum
233 1175 251 1197 e
270 1172 414 1211 quatuor
435 1159 646 1209 Smaragdis,
687 1173 741 1205 40.
765 1163 957 1198 cubitorum
979 1162 1210 1211 longitudine,
1248 1164 1422 1201 latitudine
1445 1179 1524 1200 vero
1550 1168 1700 1214 in-parte
1725 1177 1806 1213 qua-

34 1229 127 1260 tuor,
159 1218 194 1251 in
212 1226 304 1264 parte
327 1213 484 1250 duorum.
541 1215 581 1249 Se
601 1224 713 1249 autem
735 1211 911 1258 scribente,
944 1213 1007 1251 esse
1028 1219 1061 1250 in
1079 1218 1180 1261 Tyrii
1207 1218 1362 1253 Herculis
1388 1218 1517 1268 templo
1538 1218 1676 1254 stantem
1699 1217 1806 1267 pilam

34 1285 52 1308 e
71 1267 263 1318 smaragdo,
288 1270 380 1303 cuius
407 1278 437 1303 et
459 1265 548 1317 apud
563 1266 782 1303 Herodotum
802 1267 857 1303 lib.
873 1271 912 1304 11.
931 1282 1002 1318 cap.
1019 1280 1071 1313 44.
1089 1273 1236 1313 mentio,
1269 1270 1327 1305 nisi
1357 1274 1466 1320 potius
1481 1268 1804 1320 pseudosmaragdus

32 1322 79 1361 fit.
133 1324 222 1358 Nam
243 1332 274 1356 et
297 1323 363 1356 hoc
384 1334 489 1370 genus
510 1323 665 1370 reperiri,
700 1331 731 1356 et
754 1323 787 1355 in
812 1323 931 1370 Cypro
960 1325 1135 1357 inuentum
1157 1336 1195 1357 ex
1219 1322 1356 1358 dimidia
1380 1335 1472 1372 parte
1497 1322 1740 1372 Smaragdum,
1765 1335 1806 1358 ex

31 1374 167 1412 dimidia
191 1371 372 1424 Iaspidem,
408 1372 564 1409 nondum
589 1375 736 1409 humore
756 1377 789 1409 in
812 1384 922 1410 totum
953 1376 1202 1424 transfigurato.
1256 1375 1358 1413 Addit
1391 1377 1513 1413 Plinius
1540 1378 1608 1412 Lib.
1633 1378 1805 1411 XXXVII.

31 1443 101 1479 cap.
122 1441 147 1476 5.
175 1441 215 1463 ex
241 1430 372 1477 Apione
397 1426 595 1469 Plistonice,
637 1424 733 1462 fuiffe
757 1424 812 1462 sua
841 1438 945 1463 aetate
964 1431 997 1463 in
1022 1427 1217 1474 labyrintho
1244 1432 1390 1479 Aegypti
1418 1427 1603 1466 coloffeum
1632 1431 1769 1479 Serapin
1788 1443 1808 1465 e

29 1479 216 1530 Smaragdo
237 1494 364 1516 nouem
385 1480 586 1515 cubitorum.
643 1482 817 1516 Praetereo
849 1480 912 1516 alia
939 1483 1037 1516 huius
1062 1484 1216 1530 generis,
1258 1497 1342 1526 quae
1370 1481 1469 1519 refert
1500 1485 1582 1519 Otto
1608 1485 1746 1533 Dapper
1771 1486 1806 1517 in

30 1532 248 1584 descriptione
271 1536 444 1569 Americae
471 1547 502 1583 p.
519 1545 591 1577 324.
617 1531 692 1568 edit.
719 1535 877 1569 German.
933 1535 984 1569 Sic
1006 1537 1213 1584 Epiphanius
1237 1529 1278 1571 de
1301 1540 1447 1585 gemmis
1469 1539 1582 1586 cap.6.
1619 1534 1805 1572 Anastasius

27 1590 192 1627 Nicaenus
211 1601 266 1637 qu.
285 1594 335 1632 38.
390 1585 504 1621 Suidas
526 1589 557 1621 in
579 1587 745 1630 Μωῦσῆς,
771 1586 868 1622 Nilus
893 1587 1047 1623 Rhodius
1063 1587 1284 1638 Metropolim
1300 1588 1354 1623 lib.
1371 1588 1411 1624 de
1432 1588 1595 1639 lapidibus
1617 1602 1806 1637 eorumque

31 1644 157 1679 theoria
176 1670 186 1684 ,
223 1651 318 1676 et'ex
339 1637 466 1675 Iudaeis
489 1639 648 1689 plurimi,
691 1651 726 1675 vt
746 1641 786 1674 R.
813 1641 951 1676 Simeon
976 1643 1008 1675 in
1033 1640 1164 1676 Ialkuth
1180 1670 1189 1683 ,
1225 1652 1257 1676 et
1280 1643 1320 1676 R.
1338 1643 1458 1677 Bechai
1483 1641 1523 1678 ad
1547 1641 1655 1678 Exod.
1681 1644 1803 1677 XXIV.

31 1708 76 1732 12.
106 1705 137 1730 et
160 1691 366 1744 paraphrasis
391 1691 572 1729 Chaldaica
601 1691 642 1727 ad
671 1695 836 1729 Cantic.1.
855 1706 895 1729 11.
924 1693 1050 1729 tabulas
1077 1694 1242 1744 Decalogi
1269 1709 1308 1730 ex
1335 1692 1471 1745 saphiro
1497 1693 1600 1732 saetas
1628 1692 1724 1730 fuisse
1756 1709 1804 1731 re-

30 1745 152 1784 serunt.

19 1813 24 1817 ’
71 1830 130 1857 Mos
161 1830 243 1856 [iffi-05
296 1815 352 1850 IX.
407 1814 561 1864 Denique
583 1829 643 1850 nec
664 1815 742 1850 hoc'
758 1811 902 1850 insolens
926 1813 990 1851 esse
1010 1813 1162 1852 obferunt
1180 1817 1380 1860 Borrichius,
1404 1827 1473 1852 tam
1497 1820 1672 1867 egregium
1696 1830 1806 1867 reper-

20 1866 245 1927 ’ΜὼΊα-Ῑὲωωῗ
325 1878 398 1903 turn
420 1870 453 1901 in
474 1869 644 1903 Hermetis
661 1867 796 1904 tumulo
812 1866 1042 1904 absconditum
1062 1867 1177 1904 fuiffe:
1205 1884 1284 1905 nam
1308 1869 1349 1905 sic
1368 1881 1399 1906 et
1412 1870 1651 1907 Archimedem
1667 1868 1804 1906 summo

0 1935 1 1938 ¹
23 1903 127 1967 13,ᾬῖ
233 1916 244 1922 “
322 1918 500 1970 sepulchro
522 1917 581 1956 suo
608 1918 780 1970 sphaeram
806 1935 842 1955 ac
865 1921 1057 1967 cylindrum
1084 1919 1200 1958 iussii‘se
1222 1926 1373 1973 imponi,
1415 1935 1451 1959 vt
1478 1926 1595 1960 audior
1616 1924 1660 1960 est
1682 1927 1804 1960 Cicero

322 1975 390 2009 Lib.
401 1975 442 2007 V.
464 1971 568 2008 Tusc.
593 1988 663 2023 cap.
680 1987 728 2018 23.
785 1977 948 2024 Qamuis
971 1977 1038 2011 hoc
1066 1972 1227 2025 ἔπίθῆμοι
1259 1988 1290 2012 ct
1312 1988 1486 2013 externum
1511 1979 1674 2028 ἐπίσημον
1698 1975 1804 2027 sepul-

31 2029 101 2063 chri
126 2025 335 2063 Archimedis
360 2026 462 2075 longe
484 2024 653 2062 diuersum
675 2026 777 2062 videri
799 2026 897 2077 poffit
920 2042 938 2063 a
960 2028 1068 2064 tabula
1085 2028 1304 2077 Smarngdina
1320 2044 1398 2065 cum
1421 2032 1603 2074 Hermete,
1629 2041 1663 2066 vt
1678 2028 1801 2072 ferunt,

31 2078 156 2131 sepulta
178 2094 216 2115 ac
239 2079 428 2122 recondita,
470 2082 521 2115 cui
545 2080 651 2116 affinis
673 2084 779 2129 magis
807 2081 850 2116 est
874 2080 991 2117 tabella
1017 2096 1117 2118 aenea
1141 2082 1241 2117 literis
1267 2080 1384 2132 scripta
1407 2086 1603 2132 incognitis,
1645 2097 1746 2133 quam
1769 2086 1803 2118 in

32 2134 214 2170 Alcmenae
243 2130 394 2182 sepulcro
419 2145 584 2182 repertam
605 2144 638 2169 et
655 2148 672 2168 a
697 2136 883 2184 Chonuphi
905 2136 1070 2184 propheta
1098 2134 1296 2184 explicatam
1328 2134 1430 2172 refert
1452 2136 1645 2173 Plutarchus
1671 2138 1726 2172 lib.
1761 2135 1803 2172 de

27 2184 132 2237 =genio
152 2188 295 2223 Socratis
317 2200 348 2235 p.
370 2198 437 2231 577.
457 2193 527 2232 578.
551 2184 614 2236 seq.
644 2188 706 2234 [T.
724 2190 811 2222 VIII.
833 2194 950 2237 p.287.
967 2185 988 2222 s.
1005 2188 1132 2233 Reisk.]

68 2265 174 2297 luseum
201 2270 245 2296 &es
299 2256 339 2289 X.
395 2257 523 2291 Verum
548 2254 588 2291 de
612 2257 662 2291 his
688 2253 825 2306 quisque
849 2253 990 2299 sentiet,
1033 2266 1068 2292 vt
1087 2255 1204 2300 volet,
1241 2271 1321 2293 cum
1352 2273 1413 2294 nec
1442 2256 1595 2294 aduersus
1620 2262 1802 2307 pertinaces

31 2307 242 2368 esttzaulasma-
320 2307 450 2344 tabulae
480 2306 650 2344 assertores
679 2308 848 2345 euidenter
878 2308 1098 2345 demonstrari
1127 2308 1226 2359 poffit
1250 2310 1344 2346 illam
1369 2326 1476 2361 nuper
1503 2313 1683 2348 confidam
1719 2309 1801 2353 effe,

32 2352 86 2377 ¹⁴¹3
107 2351 162 2368 ’Μ’
322 2375 383 2396 nec
404 2363 439 2395 hi
461 2359 597 2397 vicissim
626 2365 831 2411 argumentis
856 2373 887 2397 ct
917 2362 1110 2398 testimoniis
1145 2367 1340 2414 exceptione
1370 2366 1550 2401 maioribus
1579 2363 1701 2416 poffint
1733 2368 1802 2401 eius

33 2410 243 2462 ‘yvneco'rnroa
266 2423 458 2463 tantamque
479 2417 708 2464 antiquitatem
725 2415 927 2451 confirmare
950 2426 981 2451 et
1004 2413 1185 2452 ostendere.

1630 2472 1687 2506 XI.
1711 2471 1798 2507 Her-

77 2518 106 2557 i)
127 2519 171 2550 T.
187 2520 226 2550 11.
249 2517 363 2560 Oedipi
386 2519 512 2560 Aegypt.
536 2526 612 2562 part.
629 2529 657 2550 2.
680 2531 709 2562 p.
720 2529 789 2559 427.
