2183 2747
85 152 182 182 νοω.
203 153 373 188 mario
555 156 753 192 scaram
787 155 1108 194 PYTHAGORAE
1140 158 1365 196 Tiussv‘ra.
1477 158 1549 196 Lib.
1561 160 1609 196 Il.
1627 172 1650 197 ι.
1665 173 1705 199 12.
1783 167 1845 206 785

192 252 234 298 9)
258 255 289 288 Π
300 259 325 291 E
335 249 388 291 1³1*
416 255 532 291 ΨΥΧ
542 253 634 291 Η”Σ.
689 252 884 290 Heraclides
906 253 994 304 apud
1007 257 1115 292 Laert.

188 330 247 369 ιο)
276 333 308 366 n
318 334 344 366 E
355 322 407 366 1³1*
433 333 459 366 E
469 325 574 367 ‘r'zfi
585 334 609 366 Β
619 335 644 367 E
655 324 708 367 1'A
719 335 757 367 Σ.
814 327 920 366 Idem.

187 404 234 447 11)
261 402 304 444 ‘H
316 400 592 443 AooAAH‘z
620 403 686 440 fiue
713 404 794 440 liber
824 405 1009 456 appellatus
1042 411 1181 445 nomine
1206 409 1411 455 Helotlmlis‚
1445 413 1501 461 qui
1525 411 1720 460 Epicharmi
1744 411 1844 448 Siculi

83 466 176 507 pater
196 454 259 492 fuit
281 456 358 493 teste
377 457 509 492 Laertio
526 459 614 493 VIII.
632 470 663 502 7.
679 468 709 494 et
725 464 776 502 78.
805 458 862 506 [if]

187 536 236 575 12)
263 527 505 571 KPO‘TszN.
565 530 685 568 Eidem
709 530 909 569 Heraclidae
933 544 1150 574 memoratus.

182 614 233 651 13)
261 605 435 656 Qaedam
455 605 511 642 sub
532 608 602 642 OR
614 607 739 642 PHEI
768 610 907 643 nomine
925 607 1019 645 edita.
1074 611 1135 646 Ion
1151 608 1237 660 apud
1253 611 1361 648 Laert.
1383 612 1470 648 Vlss.
1488 619 1519 655 8.
1547 613 1739 658 [Iamblich.
1764 612 1839 653 sees}-

80 670 136 704 145
151 656 212 709 sq.]
265 662 363 696 Forte
381 658 509 710 respicit
525 658 565 694 ad
580 656 660 711 ἱεξὲν
677 656 802 708 λέγον,
829 659 870 696 de
887 675 954 710 quo
970 676 1020 698 nr.
1038 664 1071 698 6.
1123 664 1265 713 [Orphei
1288 665 1432 701 instituta
1454 662 1612 701 sectatum
1639 665 1701 703 ess'e
1722 671 1840 713 Pytha-

79 725 221 761 goram,
250 724 280 748 ct
297 714 336 748 ab
353 711 410 747 ilio
426 726 561 763 quoque
575 723 766 748 mutuatum
785 713 1013 750 abstinentiam
1028 715 1066 750 ab
1084 717 1298 759 animalibus,
1321 714 1428 754 scribit
1451 718 1690 755 Valckenarius
1713 722 1752 756 ad
1776 724 1840 758 Eu-

80 765 193 815 ripidis
211 767 441 815 Hippolytum
461 781 491 802 v.
509 778 578 812 95²·
594 765 691 815 idque
708 765 827 807 multi,
856 770 1032 817 praecipue
1052 770 1195 805 iuniores
1213 770 1393 814 Platonici,
1420 773 1486 806 iam
1502 774 1740 822 antiquioribus
1757 785 1838 811 tem-

79 819 215 867 poribus
232 818 452 854 crediderunt.
481 818 547 854 vid.
569 819 762 854 Cudworthi
780 819 919 864 Syflem.
938 820 1040 856 intell.
1058 822 1111 857 lV.
1141 822 1172 869 §.
1190 835 1235 868 17.
1263 836 1341 873 pag.
1365 836 1431 868 444
1453 821 1499 874 sq.
1565 826 1704 862 Dubitat
1725 837 1838 865 tamen

5 894 7 898 -
79 872 273 920 Illrineifius
298 874 331 906 in
355 872 500 908 Historia
524 869 754 907 doctrinarum
779 882 839 909 etc.
864 874 887 909 I.
915 888 945 923 p.
961 877 1038 930 48t‘3.
1065 877 1144 909 item
1163 887 1232 921 572.
1306 877 1490 912 Retinuerit
1519 877 1683 927 quaedam
1707 880 1839 930 placita,

78 936 182 972 eaque
198 922 283 959 haud
303 927 447 960 omnino
465 921 600 960 obscura
620 923 762 960 instituta
782 927 832 960 Or
859 927 942 962 hica.
994 929 1038 962 At
1052 926 1207 976 equidem
1224 942 1294 964 non
1309 927 1426 972 video,
1453 943 1538 979 quae
1559 929 1666 967 cauffa
1682 946 1837 971 commo-

77 979 160 1011 verit
177 978 422 1025 Pythagoram,
451 990 557 1026 quum
577 975 664 1026 apud
686 975 760 1013 suos
781 977 821 1013 ad
839 979 924 1014 eclas
948 989 979 1014 et
999 982 1126 1015 amicos
1147 978 1277 1017 summa
1302 980 1437 1017 floreret
1452 985 1667 1027 auctoritate,
1693 997 1727 1021 vt
1741 1001 1837 1037 quae-

77 1027 155 1065 dam
180 1025 235 1064 sub
262 1031 389 1079 Orphei
412 1032 551 1065 nomine
569 1029 690 1066 ederet.
741 1032 851 1081 Atque
878 1045 999 1081 parum
1026 1032 1130 1076 abest,
1171 1037 1270 1083 quin,
1306 1048 1388 1084 quae
1416 1035 1624 1084 Pythagorae
1646 1039 1766 1087 placita
1790 1051 1835 1077 at-

76 1095 142 1132 que
158 1082 301 1118 instituta
317 1080 440 1118 fuerint
455 1084 610 1132 Orphicis
627 1082 746 1119 similia
763 1094 819 1120 aut
838 1098 916 1119 cum
932 1086 982 1120 his
1000 1089 1235 1130 conuenerint,
1263 1101 1300 1123 ea
1315 1101 1354 1123 ex
1371 1092 1546 1124 communi
1570 1087 1683 1138 fonte,
1710 1106 1742 1127 n.
1761 1107 1835 1130 mo-

75 1135 164 1171 ribus
191 1133 416 1186 dodirinisque
439 1138 660 1186 aegyptiacis,
693 1139 878 1172 maximam
900 1135 1013 1173 saltem
1039 1150 1188 1188 partem,
1216 1137 1343 1176 fluxisse
1368 1151 1495 1190 putem.
1550 1143 1744 1180 Herodotus
1764 1150 1833 1196 qui-

75 1187 153 1224 dem
171 1187 227 1224 lib.
245 1189 285 1224 11.
315 1202 386 1238 cap.
405 1197 450 1231 81.
465 1188 506 1225 de
523 1186 581 1225 vsu
596 1188 768 1225 lanearum
786 1190 925 1226 vestium
942 1190 1030 1241 apud
1050 1195 1247 1242 Aegyptios,
1271 1190 1489 1229 consentanea
1507 1192 1570 1230 esse
1585 1197 1677 1240 haec,
1703 1200 1757 1241 ait,
1785 1201 1832 1244 iis,

75 1255 160 1293 quae
181 1242 327 1288 Orphica
341 1242 549 1287 adpellantur
569 1249 599 1277 et
615 1243 850 1291 Pythagorea:
877 1258 977 1294 quem
994 1245 1159 1279 Herodoti
1180 1245 1296 1281 locum
1315 1246 1474 1282 Valcken.
1494 1246 1534 1282 ad
1557 1249 1723 1298 Euripidis
1748 1253 1833 1302 Hip-

14 1312 18 1315 *
72 1294 182 1346 polyt.
196 1308 228 1344 p.
245 1296 321 1332 266.
333 1294 362 1329 b.
391 1297 433 1330 ita
449 1291 606 1344 sagaciter
623 1295 796 1332 emendat:
819 1295 998 1346 ἑμολογέει
1014 1293 1047 1335 ‹ls‘
1064 1298 1188 1336 ταῦτα
1202 1305 1288 1337 τοῖσι
1304 1297 1494 1350 Ὀρφικοῖσι
1509 1303 1742 1351 καλεομένοισι
1756 1300 1832 1353 [Qui

73 1354 300 1396 Βακχικοῖσι,
326 1349 396 1387 ε’ἔσι
413 1343 446 1386 δὲ
463 1344 696 1395 ΑἷὙυπτιᾶιο-ι]
719 1365 779 1396 &qq
796 1347 1076 1402 Πυθαγορείοισι.
1104 1349 1188 1387 adde
1206 1352 1425 1388 Warhmton.
1448 1350 1630 1390 secundum
1644 1354 1831 1394 versionem

72 1401 231 1452 gallicam
254 1414 273 1436 a
295 1400 446 1437 Silhouet
470 1398 613 1438 factam:
638 1399 869 1439 Differtations
891 1401 944 1439 sur
958 1405 1094 1440 l’union
1116 1402 1158 1440 de
1177 1405 1209 1441 la
1224 1404 1406 1454 Religion,
1433 1404 1474 1441 de
1495 1405 1527 1442 la
1541 1407 1677 1444 Morale
1694 1409 1780 1445 etde
1797 1410 1829 1446 la

72 1454 237 1504 Politique
253 1464 337 1493 tom.
353 1455 376 1492 Ι.
403 1451 474 1490 diff.
492 1456 534 1491 V.
562 1469 595 1504 p.
612 1467 686 1498 203.
713 1455 753 1491 cl.
774 1455 949 1504 Villoison.
968 1459 1001 1492 in
1019 1468 1204 1494 comment.
1220 1457 1260 1494 de
1277 1457 1396 1509 triplici
1413 1459 1584 1508 theologia
1600 1461 1829 1513 mysteriisque

70 1519 241 1550 veterum,
270 1508 321 1542 vbi
338 1521 355 1542 a
370 1521 403 1557 p.
421 1518 494 1554 259.
511 1508 637 1544 multus
655 1507 700 1543 est
715 1506 756 1544 de
773 1508 922 1546 institutis
935 1512 1164 1560 Pythagorae,
1188 1509 1229 1547 de
1241 1514 1369 1546 arcanis
1387 1521 1418 1546 et
1436 1511 1597 1558 mysteriis
1613 1511 1744 1551 scholae
1767 1529 1828 1566 py-

72 1562 264 1610 thagoricae
282 1570 341 1596 etc.
369 1559 459 1596 idem
481 1574 559 1611 pag.
577 1564 648 1605 276.
665 1560 841 1605 adfirmat,
869 1564 1098 1612 Pythagoram
1122 1561 1403 1614 philosophorum
1422 1565 1617 1602 Homerum
1638 1566 1700 1602 dici
1722 1567 1827 1618 poffe,

72 1617 206 1664 eiusque
224 1611 371 1649 fontibus
387 1627 504 1649 omnes
521 1613 595 1663 post
611 1626 689 1650 eum
707 1612 939 1665 philosoph03‚
969 1616 1170 1660 Platonicos,
1197 1617 1448 1667 Peripateticos,
1476 1619 1617 1662 Stoicos,
1642 1619 1826 1658 Ecledtieos

71 1666 226 1703 hortulos
242 1663 316 1702 suos
331 1663 497 1716 irrigasse3
524 1665 646 1703 dehoc
661 1666 843 1717 legendum
865 1666 926 1704 esse
947 1669 1151 1705 Theodorum
1167 1671 1379 1706 Metocbitam
1398 1684 1469 1720 cap.
1488 1672 1561 1706 VH.
1585 1671 1693 1720 operis
1717 1677 1827 1723 graeci

71 1718 203 1760 inediti,
231 1715 396 1767 inscripti,
423 1721 541 1769 Capita
565 1718 798 1771 philosophica
823 1731 854 1758 et
877 1721 1030 1757 historica
1055 1733 1191 1758 centum
1215 1734 1246 1759 et
1271 1725 1407 1772 viginti,
1434 1722 1518 1767 (vid.
1534 1725 1664 1761 Fabi-ic.
1679 1726 1826 1764 biblioth.

72 1783 126 1820 gr.
153 1769 220 1808 vol.
237 1772 293 1806 lx.
319 1770 452 1819 p.218.)
478 1787 510 1822 p.
527 1785 594 1818 294
610 1771 678 1823 sqq.
706 1773 797 1810 idem
823 1777 890 1824 agit
913 1774 953 1810 de
975 1773 1134 1811 consensu
1154 1778 1322 1825 Orphicae
1345 1786 1376 1811 et
1393 1777 1683 1825 Pythagoreorum
1706 1779 1827 1817 doch-i-

74 1837 154 1858 nae:
178 1821 233 1858 illa
251 1834 435 1859 comment.
453 1824 498 1860 est
512 1823 630 1861 inserta
647 1827 733 1862 libro
751 1827 822 1863 Bar.
839 1829 876 1863 de
892 1830 940 1865 St.
959 1828 1083 1865 Croix:
1110 1830 1295 1865 Me'moires
1310 1842 1397 1878 pour
1412 1826 1511 1864 servir
1527 1828 1722 1868 al'hissoire
1739 1832 1779 1869 de
1794 1833 1826 1870 la

73 1876 231 1924 Religion
257 1872 376 1911 secrete
397 1874 453 1911 des
475 1879 606 1913 anciens
632 1880 777 1928 peuples.
813 1883 920 1923 Paris,
954 1889 1046 1926 1784.
1067 1889 1098 1923 8.
1172 1885 1215 1917 At
1236 1885 1418 1931 quoniam,
1445 1896 1528 1931 quae
1551 1881 1694 1920 exarass'e
1712 1885 1825 1922 litteris

72 1927 193 1966 dicitur
210 1929 413 1976 Pythagoras
424 1956 434 1971 ,
458 1942 494 1963 ea
513 1932 579 1964 iam
597 1929 653 1966 diu
669 1931 924 1976 interciderunt,
952 1943 984 1969 et
1000 1932 1210 1983 antiquiffimi
1228 1937 1428 1983 Pythagorei
1443 1935 1538 1983 plura
1554 1949 1593 1970 ex
1610 1933 1672 1972 suis
1685 1936 1825 1988 dogma-

72 1982 176 2023 tibus,
209 1979 249 2016 ad
272 1983 438 2016 maiorem
463 1980 566 2016 fidem
590 1992 621 2018 et
643 1986 841 2034 antiquitatis
867 1984 1002 2022 laudem
1028 1989 1067 2021 iis
1089 1986 1294 2036 parandam,
1320 1984 1533 2022 adseruerunt
1555 1990 1714 2038 Orpheo,
1741 2002 1823 2028 tam-

73 2047 175 2085 quam
194 2035 340 2083 parenti:
365 2047 448 2083 quae
468 2035 674 2083 Pythagoras
693 2039 850 2086 Orphicis
868 2037 1019 2075 docuerit
1037 2036 1273 2080 consentanca,
1303 2053 1372 2074 non
1389 2053 1451 2089 pro
1467 2050 1557 2076 certo
1573 2038 1637 2077 dici
1654 2053 1685 2078 et
1709 2042 1823 2081 defini-

0 2094 4 2123 !
71 2091 99 2124 ri
114 2086 230 2138 potest.
284 2085 320 2122 Id
339 2096 449 2121 autem
465 2100 581 2122 verum
601 2087 664 2131 cst,
689 2088 878 2126 doeh-inam
895 2090 935 2142 de
952 2091 1104 2135 mundo,
1132 2091 1197 2128 siue
1213 2090 1482 2140 Cosmogoniam
1504 2095 1687 2144 Orphicam
1713 2095 1823 2134 differ-

0 2162 2 2166 >
66 2154 107 2183 Vre
129 2156 147 2176 a
172 2142 409 2189 Pythagorica,
438 2153 476 2174 ex
497 2140 696 2187 Pherecydis
716 2140 885 2192 disciplina
908 2142 1021 2180 forsan
1047 2156 1214 2181 manante.
1251 2144 1374 2181 videl.
1399 2145 1602 2184 Tieticmonn.
1620 2151 1652 2183 in
1667 2153 1822 2202 principi-

68 2194 128 2231 bus
144 2195 299 2230 Graeciae
322 2188 550 2242 philosophis,
576 2207 608 2244 p.
623 2206 684 2240 445
699 2191 744 2245 sq.
779 2197 900 2243 Hart]

172 2274 224 2318 14)
255 2270 320 2311 01‘
347 2267 835 2316 ΚΑΤΛΣΚΟΠΙΑ’ΔΕΣ,
861 2272 928 2309 siue
949 2284 983 2310 vt
1004 2274 1058 2310 alii
1079 2274 1207 2310 codices
1224 2271 1437 2323 Σκοπιάὸες,
1460 2276 1513 2313 vel
1535 2277 1676 2329 denique
1692 2279 1820 2321 Komoi.

71 2321 134 2367 ὗες.
187 2327 354 2375 Scriptum
370 2324 507 2360 moralis
522 2328 730 2373 argumenti,
758 2336 791 2362 vt
804 2325 881 2362 licet
897 2324 1049 2376 suspicari
1067 2341 1105 2363 cx
1122 2330 1235 2367 initio,
1260 2328 1349 2377 quod
1366 2329 1485 2365 eodem
1503 2333 1537 2367 in
1558 2331 1638 2368 loco
1664 2331 1768 2383 segni.
1787 2346 1818 2378 3.

70 2377 172 2416 refert
187 2381 331 2415 Laertius
348 2379 397 2413 his
415 2377 518 2413 verbis
530 2391 540 2411 :
566 2373 614 2427 μὴ
629 2374 762 2417 α’νοιῖὃευ
780 2375 908 2428 μηθενὶ,
936 2392 1019 2429 quae
1037 2377 1158 2415 solium
1176 2381 1320 2426 Sibyllae
1343 2380 1398 2417 sibi
1421 2380 1483 2419 effe
1506 2380 1627 2421 fatetur
1655 2385 1819 2423 Casaubo.

73 2445 144 2469 ειυς.
197 2434 277 2468 Non
298 2430 386 2467 male
409 2429 537 2466 videtur
558 2428 686 2466 vertiffe
707 2431 995 2468 aldebr-andinus:
1023 2433 1077 2467 Nc
1103 2435 1304 2479 impudenter
1327 2447 1407 2482 ogas
1430 2437 1464 2471 in
1490 2449 1689 2486 quemquam.
1755 2439 1817 2477 Sed

70 2484 250 2522 Palmerius
264 2499 297 2536 p.
314 2496 388 2533 459.
405 2486 521 2522 Exere.
535 2486 577 2537 in.
590 2481 764 2536 scriptores
786 2498 941 2536 graecos,
968 2485 1049 2534 legit
1072 2481 1215 2531 αἰνοὶὃευ,
1245 2497 1275 2523 et
1298 2486 1405 2524 reddit
1427 2490 1584 2525 obnoxius
1606 2491 1668 2538 esto
1690 2496 1819 2531 nemini.

111 2544 179 2578 Vnt.
195 2545 226 2579 I.
930 2539 960 2575 G
973 2552 996 2589 g
1024 2551 1045 2588 g
1061 2552 1083 2589 g
1097 2552 1119 2589 g
1605 2544 1818 2584 Ambrosius:
