2183 2747
743 156 898 194 AVREA
932 156 1159 193 CARMINA.
1439 159 1511 195 Lib.
1525 159 1571 195 ῙῘ.
1588 173 1611 196 c.
1629 173 1669 196 ιε.
1774 170 1834 204 801

85 254 171 308 πρὸς
193 253 253 301 τὴν
275 250 378 296 θείαν
405 253 586 305 ἡγεμονίαν
610 250 806 305 συντάξεως
827 252 867 290 ad
893 252 1196 304 olympiodorum.
1241 254 1404 303 Excerpta
1430 252 1571 292 seruauit
1595 257 1738 292 Photius
1760 258 1835 295 cod.

83 311 233 348 CCXIV.
264 319 296 345 et
325 309 439 345 CCLI.
464 319 496 344 et
515 308 571 343 illa
595 309 754 343 Photiana
781 306 939 357 particula
969 303 1117 343 seorsum
1141 320 1244 342 mauu
1265 319 1393 343 exarata
1418 308 1461 344 css
1487 312 1520 344 in
1547 308 1621 346 cod.
1640 309 1833 347 vindobon.

83 362 214 398 LXXX.
231 375 253 398 1.
271 361 350 398 teste
360 362 526 397 Lambecio
543 363 578 396 in
594 362 789 396 Comment.
806 360 848 396 de
872 359 1021 396 biblioth.
1037 357 1168 397 Caesar.
1191 360 1246 396 lib.
1274 370 1306 397 et
1329 361 1398 397 vol.
1415 362 1487 396 VH.
1514 375 1592 412 pag.
1611 375 1683 407 304.
1706 364 1832 400 Kollar.

84 413 176 452 cons.
191 413 276 452 iufra
289 415 345 452 lib.
362 417 403 450 V.
430 428 504 464 cap.
521 420 570 459 38.
597 413 664 450 vol.
683 415 740 452 lx,
766 426 842 463 pag.
859 425 933 459 450.
948 422 980 449 et
994 426 1072 463 pag.
1092 424 1169 459 497.
1223 413 1383 450 Gallicam
1402 413 1586 450 versionem
1605 417 1772 451 Fabricius
1793 417 1833 452 ad

84 480 181 505 oram
204 465 251 505 sui
274 468 418 518 exempli
441 477 574 503 notarat
595 469 646 502 his
668 467 791 502 verbis:
819 466 1060 509 „instructions
1083 465 1293 502 d'Hicrocles
1316 477 1432 503 contre
1453 467 1498 503 les
1516 468 1675 504 Athcisscs
1698 468 1834 506 traduits

83 533 144 571 par
161 522 334 569 Rhegineis
350 519 390 556 de
408 523 517 567 Lyon.
542 519 714 569 Lugduni,
742 523 830 565 1560.
859 525 889 559 8.
914 532 954 555 ex
976 517 1125 554 versione
1149 517 1346 569 Aurispae.“
1407 522 1539 556 Partem
1559 520 1699 557 illorum
1726 536 1836 558 excer-

82 585 222 624 ptorum
238 573 338 610 latine
352 576 448 610 vertit
463 574 569 622 Hugo
586 573 728 608 Grotius
744 575 778 608 in
792 571 955 608 sententiis
972 569 1256 622 philosophorum
1273 571 1314 608 de
1335 570 1424 616 fato,
1450 572 1542 609 editis
1561 572 1658 610 Paris.
1686 576 1775 619 1624.
1804 589 1836 620 4.

83 638 115 663 et
130 625 295 663 Amsserd.
317 628 410 671 1643.
439 639 486 663 12.
515 636 612 676 atque
627 627 711 661 inter
727 639 828 675 opera
845 627 953 662 Grotii
970 623 1160 673 theologica
1175 635 1259 663 tom.
1276 626 1332 664 111.
1360 625 1439 663 ibid.
1455 629 1548 673 1679.
1577 624 1639 663 sol.
1702 628 1837 678 Separa-

81 681 144 717 tim
157 675 215 718 illa
228 692 346 730 graece
363 689 623 730 comparuerunt
643 681 813 728 primum:

189 749 285 784 Hier.
299 749 336 784 de
354 749 570 784 Prouidentia
591 754 621 783 et
639 746 728 784 Fato
743 748 839 796 deque
854 746 947 782 liberi
967 747 1099 782 arbitrii
1123 758 1192 782 cum
1216 745 1329 782 diuina
1348 747 1586 795 gubernatione
1607 751 1835 791 conuenientia,

84 803 329 838 commentarius
343 804 376 836 in
390 801 606 850 compendium
624 799 794 842 sedatius,
822 806 852 835 et
869 812 951 834 nunc
969 802 1111 845 primum
1128 800 1194 835 lnce
1208 805 1239 834 et
1254 799 1416 835 latinitate
1429 800 1589 841 donatus;
1613 814 1653 836 ex
1657 801 1730 848 fide
1742 815 1837 849 grae.

85 856 112 888 ci
128 854 241 889 codicis
254 856 435 894 decurtati,
462 867 477 889 e
499 854 700 890 bibliothecae
713 855 884 888 medicaeae
897 864 983 899 penu
1001 854 1096 888 eruti.
1121 851 1234 893 latine,
1263 854 1439 898 interprete
1456 852 1537 889 Fed.
1554 855 1707 890 Morello.
1728 854 1837 904 Paris,

87 907 179 953 apud
196 908 338 942 eumdem
359 908 494 944 Morell.
524 919 596 952 1593.
627 911 658 945 8.
698 919 763 943 rec.
784 904 860 940 ibid.
887 918 969 952 1597—
995 913 1027 947 8.
1049 918 1128 940 cum
1152 905 1277 941 Libanii
1302 903 1512 955 quibusdam.
1569 907 1736 943 Morellus
1757 921 1838 945 vero

86 970 216 1009 partem
241 958 480 996 tantummodo
504 973 522 994 e
544 958 659 995 codice
681 957 867 994 reddiderat
888 968 1122 1007 excerptorum
1145 958 1397 993 Photianorum.
1458 960 1586 994 Contra
1602 960 1744 1009 Peaefsbn
1769 960 1838 1012 ple-

86 1015 182 1048 niora
198 1013 304 1048 Photii
321 1024 473 1063 excerpta
488 1011 578 1048 dedit
593 1014 628 1047 in
643 1011 747 1048 altero
764 1010 866 1047 veluti
882 1010 1098 1061 reliquiarum
1114 1009 1278 1046 Hieroclis
1305 1020 1421 1053 tomo,
1447 1008 1623 1062 inscripto:

190 1081 352 1117 Hieroclis
375 1102 428 1108 —
454 1082 493 1117 de
510 1080 721 1128 prouidentia
744 1085 775 1115 et
786 1080 890 1128 fato:
915 1091 979 1115 vna
994 1092 1064 1115 cum
1076 1080 1286 1127 fragmentis
1305 1079 1464 1119 eiusdem
1490 1086 1521 1115 et
1537 1081 1616 1116 Lilii
1629 1080 1774 1130 Gyraldi
1793 1084 1839 1117 in-

87 1136 315 1181 tei-pretatione
322 1135 546 1184 symbolorum
563 1133 780 1182 Pythagorae
787 1146 801 1175 ;
831 1134 979 1179 notisque
993 1133 1110 1168 Mei-ici
1129 1131 1313 1179 Casauboni
1328 1132 1372 1167 ad
1387 1132 1660 1169 commentarium
1677 1134 1839 1171 Hieroclis

86 1189 120 1222 in
137 1200 234 1223 aurea
248 1189 399 1226 carmina,
427 1187 583 1229 Londini,
611 1189 683 1230 1655.
710 1192 741 1221 et
762 1185 839 1222 ibid.
857 1186 946 1232 apud
963 1184 1147 1228 lVeWams,
1176 1187 1252 1230 1675.
1281 1193 1312 1227 8.

192 1258 351 1293 Continet
367 1258 475 1293 Photii
490 1265 660 1305 excerpta,
687 1267 808 1304 eaque,
837 1266 920 1304 quae
933 1254 1072 1290 Morell.
1088 1252 1251 1290 ediderat:
1277 1255 1358 1289 item
1374 1252 1537 1290 nonnulla
1562 1255 1729 1291 Hieroclis
1751 1253 1838 1305 frag-

87 1320 200 1346 menta
217 1324 235 1346 e
251 1310 412 1355 Stobae03
439 1309 581 1359 denique
594 1307 667 1344 Lilii
684 1305 825 1353 Gyraldi
839 1305 880 1343 de
895 1303 1056 1352 symbolis
1073 1308 1284 1356 Pythagorae
1303 1309 1586 1343 commentarium
1610 1305 1706 1358 supra
1726 1307 1839 1345 lauda.

87 1373 179 1406 tum,
206 1377 285 1398 cum
299 1360 462 1399 Pearsonii
478 1362 716 1411 Prolegomen.
732 1358 774 1396 de
789 1358 952 1403 editione,
976 1360 1113 1397 auc‘tore
1127 1370 1159 1396 et
1180 1373 1292 1410 opere.

192 1431 392 1481 castigatior
409 1430 509 1468 editio
524 1430 568 1467 est
583 1428 850 1475 Needhmniana,
877 1427 918 1465 de
932 1442 997 1478 qua
1014 1425 1168 1479 copiosus
1190 1428 1235 1465 est
1252 1424 1429 1465 Glandorf.
1447 1429 1480 1463 in
1499 1427 1692 1478 Prolegom.
1716 1427 1756 1465 ad
1778 1430 1840 1478 Py-

89 1485 250 1534 thagorae
270 1488 306 1522 A.
322 1488 360 1521 C.
377 1499 409 1535 p.
426 1487 475 1530 56.
500 1494 549 1528 et,
575 1484 692 1534 quibus
709 1480 782 1518 vsus
803 1480 841 1518 sst
855 1481 1041 1520 Needham.
1059 1480 1222 1527 subfidiis,
1248 1481 1396 1532 pluribus
1426 1479 1606 1530 significat:

197 1554 378 1597 Hieroclis,
399 1553 584 1601 philosophi
601 1551 824 1587 Alexandrini
843 1550 1101 1588 Commentarius
1119 1553 1152 1586 in
1173 1563 1272 1586 aurea
1297 1551 1439 1585 carmina
1454 1550 1681 1599 Rssshagorae:
1706 1549 1745 1586 de
1762 1562 1842 1597 pro·

91 1607 234 1643 videntia
255 1614 285 1642 et
299 1607 399 1654 fato,
426 1605 711 1654 quaesupeesunt‚
733 1611 763 1640 et
778 1605 903 1652 reliqna
906 1604 1111 1652 fragmenta.
1133 1616 1189 1651 gr.
1209 1611 1240 1639 et
1255 1603 1366 1639 latine.
1424 1602 1551 1638 Graeca
1573 1615 1641 1637 cum
1660 1603 1760 1640 MSS.
1783 1604 1842 1639 col-

94 1659 162 1705 lata
177 1659 367 1708 castigauit,
395 1660 561 1707 veifioncm
580 1658 753 1706 recensuit,
779 1664 875 1692 notas
890 1662 920 1694 et
936 1659 1068 1693 indicem
1085 1658 1196 1692 adiecit
1211 1657 1306 1692 Petr.
1324 1654 1500 1692 Needham.
1536 1654 1730 1703 CantabrIg.
1755 1657 1842 1704 typis

94 1714 228 1747 academ.
246 1724 342 1758 1709.
371 1715 447 1748 mai.
466 1719 497 1753 8.
551 1709 737 1747 Needham.
755 1710 861 1746 multa
875 1708 916 1746 de
931 1712 1121 1746 coniecstura
1144 1711 1306 1744 mutauit:
1334 1705 1425 1758 quod
1450 1721 1529 1743 vero
1550 1710 1653 1743 varias
1673 1708 1843 1752 leetiones‚

95 1777 174 1813 quas
189 1779 208 1799 a
224 1765 334 1813 Marq.
354 1763 465 1800 Gudio
483 1778 500 1800 e
522 1763 596 1800 cod.
614 1762 791 1799 Medicaeo
814 1760 988 1812 descriptas
1011 1763 1125 1798 habuit
1147 1763 1331 1804 Fabricius,
1358 1773 1428 1796 non
1455 1771 1641 1809 acceperat,
1669 1758 1770 1796 edidit
1794 1762 1845 1799 Io.

99 1815 283 1863 christoph.
302 1816 352 1852 W
352 1816 448 1861 olfius
461 1816 707 1864 diffitrtationem
721 1815 929 1864 epssolicmn,
955 1828 1020 1862 qua
1035 1816 1198 1851 Hieroclis
1213 1816 1246 1849 in
1261 1826 1359 1848 aurea
1379 1813 1588 1860 Pythagorae
1603 1814 1744 1847 cm'mina
1765 1825 1845 1849 com.

97 1871 277 1904 mentm-ius
291 1881 395 1913 nuper
410 1870 442 1902 in
458 1868 584 1915 Anglia
602 1871 721 1909 editus,
745 1870 868 1915 partim
897 1867 1100 1914 illustratur,
1120 1869 1244 1914 partim
1268 1866 1475 1907 emendatur,
1502 1864 1646 1911 beneficio
1666 1866 1846 1902 collationis

98 1934 168 1956 cnm
184 1922 284 1955 codice
302 1921 463 1955 Mediceis
481 1920 655 1967 institutae.
680 1919 825 1970 Lipsiae,
851 1934 941 1966 1710.
974 1929 1004 1963 8.
1055 1920 1219 1956 Codicem
1244 1920 1340 1955 illum
1363 1916 1582 1967 praestantem
1607 1920 1674 1954 'ram
1696 1916 1846 1956 laudarat

99 1975 165 2009 Iac.
177 1975 370 2009 Gronouius
385 1975 419 2007 in
433 1971 535 2022 praes.
550 1972 591 2008 ad
607 1975 762 2021 Origenis
777 1970 1101 2023 philosophumena,
1127 1971 1201 2008 data
1220 1987 1247 2007 a.
1265 1971 1296 2007 d.
1314 1973 1353 2007 X.
1367 1969 1438 2006 Kal.
1458 1972 1529 2005 Iun.
1547 1973 1642 2017 1699.
1663 1969 1704 2006 ad
1720 1974 1846 2008 Anton-

98 2026 386 2076 Magliabechium
412 2036 444 2061 et
464 2022 610 2061 describit
633 2026 780 2062 Bandin.
802 2028 836 2061 in
856 2025 1012 2075 Catalog.
1039 2026 1188 2062 biblioth.
1210 2025 1308 2062 MSS.
1330 2037 1380 2073 gr.
1401 2023 1549 2059 biblioth.
1564 2024 1718 2062 Laurent.
1737 2023 1805 2061 vol.
1822 2025 1847 2062 Ι.

98 2094 134 2131 p.
153 2091 218 2125 444
235 2077 280 2129 sq.
307 2077 392 2114 adde
413 2077 571 2114 eumdem
589 2078 657 2114 vol.
674 2080 715 2114 11.
741 2092 774 2128 p.
792 2090 855 2125 ¹75-

206 2150 283 2185 Hac
309 2147 490 2184 collatione
514 2144 654 2183 feliciter
678 2144 749 2183 vsus
775 2147 818 2183 est
842 2145 882 2183 ad
906 2145 1013 2183 multa
1033 2145 1109 2183 loca
1132 2142 1273 2182 sananda
1296 2142 1528 2180 recentissimus
1551 2142 1659 2181 editor
1677 2146 1733 2184 W
1756 2146 1806 2193 (h.
1821 2160 1848 2184 e.

109 2201 331 2245 Wurzekiun)
349 2203 405 2250 qui
422 2214 478 2239 ca,
504 2214 587 2249 quae
604 2202 774 2235 Curterius
789 2214 806 2235 e
820 2201 917 2235 MSS.
938 2198 1089 2241 dederat,
1111 2195 1166 2233 sed
1189 2195 1373 2234 Needham.
1393 2206 1535 2232 mutarat
1554 2194 1616 2234 suis
1641 2200 1850 2244 coniedturis,

103 2255 262 2298 restituit,
288 2253 474 2289 versionem
491 2251 679 2289 emendauit
695 2264 726 2288 et
740 2266 878 2303 paucas,
904 2261 935 2287 at
950 2249 1111 2293 eruditas,
1138 2248 1254 2286 adiecit
1279 2259 1374 2285 notas
1394 2252 1428 2285 in
1448 2247 1593 2299 sequenti
1614 2249 1774 2288 editionet

109 2375 355 2424 codicumfidem
370 2374 501 2414 exac‘ta,
521 2374 734 2421 plurimisque
749 2375 782 2408 in
797 2373 871 2408 locis
886 2385 900 2407 c
914 2371 1069 2408 Gudiana
1087 2371 1247 2406 Medicaei
1264 2371 1376 2405 codicis
1396 2370 1563 2407 collatione
1579 2373 1762 2415 emendata,
1788 2386 1852 2409 vna

109 2441 178 2465 cum
199 2431 286 2465 notis
299 2427 501 2477 subiunHis,
527 2427 625 2462 edidit
650 2427 692 2462 R.
713 2424 768 2463 W.
783 2426 815 2460 S.
840 2424 882 2461 T.
904 2425 945 2460 Ρ.
964 2423 1046 2460 Coll.
1067 2423 1126 2472 les:
1144 2422 1239 2460 Cant.
1262 2435 1366 2471 nuper
1379 2423 1501 2472 socius.
1521 2425 1679 2468 Londini‚
1705 2438 1788 2470 1742.
1819 2434 1850 2469 8.

110 2480 202 2521 conf.
221 2484 299 2520 Atsta
315 2479 441 2518 Erudit.
455 2476 541 2529 Lips.
559 2490 649 2524 1747.
677 2475 779 2514 mens.
796 2478 888 2514 Febr.
912 2489 988 2526 pag.
1007 2478 1052 2513 66
1069 2472 1115 2526 sq.

213 2543 360 2591 Pythag.
375 2541 422 2579 A.
443 2538 481 2577 C.
499 2539 613 2583 latine,
637 2549 708 2576 cum
724 2534 888 2575 Hieroclis
905 2535 1140 2572 commentario.
1176 2534 1331 2578 Patauii,
1344 2544 1446 2580 ·1744.
1475 2546 1508 2579 4.

7 2269 10 2299 Ι

6 2303 11 2334 l
210 2324 305 2359 Hier.
333 2343 386 2350 --
411 2323 445 2356 in
460 2319 504 2358 A.
525 2320 562 2358 C.
577 2324 820 2356 commentarius
833 2332 888 2368 gr.
903 2326 932 2354 et
948 2320 1004 2354 lat.
1056 2318 1182 2353 Graeca
1198 2319 1383 2354 accuratius
1397 2330 1481 2354 nnnc
1493 2321 1659 2367 recognita
1676 2326 1706 2355 et
1723 2321 1768 2355 ad
1775 2321 1851 2357 MS.

6 2337 12 2747 ἱ
68 2635 72 2637 .
155 2602 225 2637 Vol·
239 2602 269 2637 Ῑ.
1006 2588 1047 2623 Ii
1072 2588 1133 2625 ili
1739 2586 1860 2626 Hiero.
