2183 2747
92 146 155 175 Vol·
169 145 189 174 1-
209 154 234 179 Ρ·
251 146 383 182 4ς6Γ4ς7
550 146 699 183 VITAE
737 146 1057 183 PYTHAGORAE
1094 147 1389 185 SCRIPTORES.
1466 149 1538 186 Lib.
1554 151 1606 186 II.
1622 163 1646 185 c.
1664 163 1706 187 ιε,

1784 157 1848 199 '163

89 258 167 281 runi
182 242 245 280 effe
266 243 422 280 eamdem
439 242 585 291 stellam,
612 246 799 287 Venerem,
826 246 917 280 aiunt
934 246 1032 280 etiam
1051 243 1219 292 Diogenes
1234 245 1346 280 Lam-t.
1370 245 1426 282 lib.
1443 247 1532 281 vm.
1558 243 1660 296 segm.
1680 258 1727 290 14.
1751 249 1844 291 (hae-

89 296 186 333 fitans
211 309 322 333 tamen
338 300 471 347 potius;
497 311 576 333 nam
593 294 825 340 casaubonus,
852 297 1013 347 probante
1035 299 1199 346 Menagio
1226 311 1300 347 pag.
1318 310 1384 344 357.
1409 297 1485 334 edit.
1504 300 1704 341 Meibornii,
1732 300 1844 349 legere

88 351 177 386 iubet
198 354 225 388 οἱ
250 346 284 389 δέ·
306 357 400 397 φασι
425 345 653 400 Παρμενίδην,
681 364 744 400 pro
770 349 920 398 vulgata,
951 361 983 386 at
1008 352 1116 400 inepta
1139 350 1302 394 lectione,
1329 347 1372 389 ὥς
1389 359 1472 400 φησι
1489 348 1728 404 Παρμενίδηςὼ
1747 366 1843 403 atque

88 404 244 438 stobaeus
260 406 294 438 in
309 402 452 453 physicis
465 403 590 452 eclogis
609 418 642 453 p.
659 415 702 449 55.
729 404 843 450 Bm'lly
863 406 894 437 in
918 403 1064 438 Historia
1091 402 1311 439 astronomiae
1334 407 1506 454 autiquae,
1532 418 1614 454 part.
1636 409 1658 441 1.
1683 420 1760 456 pag.
1779 419 1843 453 255.

88 468 128 492 ex
147 453 229 492 vers.
246 458 430 499 teutonica,
458 456 529 497 (vbi
550 459 584 491 in
610 454 753 492 seclioue
775 457 893 492 octaua
915 455 956 492 de
979 457 1166 505 Pythagora
1192 459 1326 506 eiusque
1347 467 1378 493 ct
1392 459 1688 507 Pythagoreorum
1709 457 1843 496 scicntia

86 508 311 545 astronomica
327 509 453 546 multus
469 507 605 560 quidem
625 509 688 552 est,
713 520 745 544 at
760 506 943 552 obsoletas,
967 522 1048 558 quas
1063 508 1162 545 hodie
1177 511 1236 544 viri
1257 508 1348 546 doeli
1371 513 1602 560 antiquarunt,
1631 512 1844 563 ampledlitur

85 562 290 611 opiniones)
307 563 555 612 Pythagoram,
581 559 700 604 scribit,
729 565 762 597 in
779 562 868 598 Italia
884 561 976 598 illam
993 559 1101 598 feciss'e
1116 559 1382 598 obseruationem
1398 563 1670 602 astronomicam.
1726 567 1842 601 Enim-

85 627 185 658 vero,
212 613 303 664 quod
322 626 354 650 et
369 615 501 652 historia
519 618 700 651 inuentoris
713 615 757 650 est
773 617 892 651 incerta
915 628 1084 664 vagaque,
1107 612 1245 650 etfama
1262 618 1460 652 inuentionis
1483 616 1581 667 ipsius
1605 621 1740 667 ingenio
1754 618 1840 655 illius

85 669 158 704 aeui
173 678 270 716 atque
285 665 443 704 infantiae
459 665 609 704 scientiae
624 667 866 704 astronomicae
882 667 971 703 haud
988 670 1132 703 omuino
1147 678 1222 717 apta
1241 665 1305 704 esse
1321 667 1469 714 videtur,
1495 670 1590 705 locus
1614 669 1756 721 denique
1778 671 1840 707 Pli-

83 722 201 756 nianus
217 719 312 756 valde
326 718 504 757 salebrosus
519 731 551 757 et
567 731 743 770 corruptus
762 719 941 763 iudicatur,
969 733 1008 756 ex
1025 721 1074 755 his
1091 718 1246 769 equidem
1260 716 1331 757 non
1345 720 1448 757 auslm
1463 721 1602 768 definire
1620 734 1760 760 aetatem
1778 727 1840 771 Py-

85 774 295 821 thagoricam
307 801 316 815 ,
342 769 458 809 saltem
470 802 481 817 ,
508 787 592 823 quae
607 772 649 809 de
664 773 719 809 illa
739 770 967 809 obseruatione
982 784 1012 808 et
1029 773 1106 809 loco
1122 773 1273 809 Pliniano
1289 772 1352 809 dici
1375 773 1520 825 possent,
1549 779 1583 811 in
1606 775 1721 813 medio
1743 777 1839 813 reliu-

85 838 234 875 querem.
291 826 417 876 Comp.
432 828 550 861 Freret
563 827 585 862 l.
604 839 650 861 tn.
663 839 740 876 pag.
760 838 811 872 135
831 846 876 853 —
892 838 960 869 142.
1002 826 1161 873 flleinrrs.
1180 827 1203 860 1.
1232 840 1263 876 p.
1281 839 1336 871 352
1355 824 1420 877 sqq.
1447 828 1632 871 ,Salv-ader.
1649 832 1683 865 in
1700 828 1780 879 disp.
1797 829 1839 866 de

85 880 294 927 Pythagora,
323 893 354 928 p.
372 883 424 915 26.
444 879 533 913 hunc
548 890 684 914 naturae
701 881 838 914 Veneris
854 881 1084 921 inuentorem,
1111 876 1279 915 diuersum
1300 877 1363 915 effe
1387 877 1495 916 censet
1518 895 1536 916 a
1555 880 1760 933 philosopho
1777 897 1839 920 no-

82 929 168 974 stro,
194 941 332 980 propter
348 934 508 981 temporis
526 935 692 967 rationem
707 942 738 967 et
753 944 881 966 annum
896 932 980 967 vrbis
1000 931 1153 968 conditae
1170 946 1187 967 a
1204 932 1311 968 Plinio
1331 930 1562 981 fignificatum.
1595 936 1695 971 Harl.

105 1033 185 1059 Vitae
198 1033 321 1069 Pythag.
397 1025 437 1059 Il.
467 1023 580 1061 Vitam
599 1027 810 1075 Pythagorae
826 1038 844 1061 e
858 1025 1019 1061 veteribus
1034 1036 1163 1075 praeter
1186 1014 1374 1075 deperclitos
1397 1027 1684 1078 quamplurimos,
1713 1028 1836 1067 Aristo.

75 1071 234 1108 scriptores,
307 1102 311 1103 γ
343 1090 469 1114 xenum
485 1081 700 1128 cumprimis,
729 1080 980 1128 Hermippum,
1006 1080 1254 1114 Nicomachum
1279 1080 1448 1129 aliosque,
1475 1080 1516 1116 de
1539 1082 1656 1130 quibus
1674 1082 1741 1116 loli.
1759 1085 1835 1117 Ion.

65 1131 140 1181 stus
153 1128 269 1181 passim
286 1133 320 1166 in
337 1143 438 1181 opere
454 1133 578 1167 eximio
595 1130 636 1167 de
650 1128 859 1181 scriptoribus
878 1131 1032 1167 historiae
1049 1129 1298 1181 philosophicae
1318 1131 1420 1168 videri
1444 1133 1551 1182 potest
1565 1133 1609 1181 ²),
1639 1131 1836 1184 scripserunt

75 1185 111 1219 hi
128 1194 289 1232 quatuor:
316 1184 351 1230 1)
370 1183 538 1232 Diogenes
555 1185 712 1220 Laertius
726 1184 812 1220 libro
825 1185 916 1219 Vlll.
945 1184 1003 1231 [if]
1030 1182 1299 1220 doctissunorum
1322 1187 1503 1221 hominum
1528 1190 1777 1223 commentariis
1797 1188 1834 1223 il-

76 1236 247 1273 lustratus:
277 1239 310 1284 a)
327 1238 479 1272 Malchus
495 1235 561 1273 srue
577 1250 699 1287 graeco
715 1239 855 1273 nomine
877 1237 1106 1284 Porphyrius,
1133 1239 1167 1271 in
1183 1251 1284 1287 quem
1306 1237 1431 1274 exstant
1452 1249 1551 1274 notae
1575 1241 1678 1275 Conr.
1700 1242 1834 1276 Ritters-

77 1288 162 1326 hufii
184 1300 216 1326 et
238 1291 345 1326 Lucae
367 1289 546 1326 Holstenii.
605 1295 639 1334 3)
656 1291 851 1325 lamblichus
869 1288 902 1323 '‘)
927 1290 966 1325 ab
992 1303 1169 1333 anonymo
1193 1292 1294 1325 veteri
1316 1289 1459 1334 inedito,
1487 1301 1559 1327 tum
1582 1292 1620 1327 ab
1638 1295 1774 1328 Arcerio
1802 1303 1834 1329 et

75 1342 180 1393 longe
196 1340 326 1378 felicius
340 1341 483 1393 denique
498 1343 538 1378 ab
556 1342 672 1379 Vlrico
691 1344 863 1380 Obrechto
879 1343 979 1379 latine
994 1339 1116 1385 versus,
1144 1354 1176 1378 et
1191 1357 1208 1377 a
1224 1342 1362 1379 Kustero
1375 1342 1568 1380 emendatus
1583 1356 1679 1395 atque
1694 1345 1832 1382 illustra-

76 1407 138 1432 tus.
193 1397 236 1432 Et
251 1394 491 1445 4)A110nymus
506 1394 555 1438 ⁰),
579 1398 672 1432 cuius
693 1406 846 1446 excerpta
863 1406 991 1432 tantum
1012 1395 1138 1431 exstant
1152 1395 1239 1445 apud
1252 1397 1409 1432 Photium
1427 1397 1574 1432 biblioth.
1592 1397 1667 1434 cod.
1686 1400 1829 1434 CCLlX.

75 1449 115 1485 ab
132 1448 311 1485 Holssenio
327 1448 428 1485 latine
448 1446 538 1485 versa
556 1458 588 1484 et
605 1461 684 1485 cum
704 1450 893 1499 Porphyrio
913 1463 951 1484 ac
968 1448 1094 1485 Kusteri
1112 1448 1316 1489 Iamblicho,
1344 1452 1396 1484 cui
1414 1452 1511 1485 etiam
1530 1451 1733 1500 Porphyrius
1751 1465 1831 1487 cum

73 1502 240 1538 Holstenii
257 1513 286 1537 et
303 1500 509 1539 Rittershufii
525 1504 612 1537 notis
628 1501 774 1545 accessit,
801 1501 898 1538 edita.
926 1501 1016 1549 [cod.
1036 1503 1123 1539 MSt.
1142 1500 1186 1536 est
1204 1503 1238 1536 in
1259 1502 1406 1537 biblioth.
1425 1501 1569 1541 Viudob.
1597 1503 1673 1539 telle
1693 1505 1832 1540 Lambe-

73 1557 126 1591 cio
143 1558 177 1590 in
193 1558 389 1591 Comment.
406 1554 447 1590 de
462 1554 614 1590 biblioth.
629 1552 722 1591 Caes.
742 1555 798 1591 lib.
816 1556 887 1590 VH.
905 1569 938 1604 p.
956 1555 1052 1600 304]
1108 1555 1159 1589 De
1173 1557 1288 1603 primis
1306 1555 1405 1590 tribus
1421 1552 1506 1591 infra
1521 1555 1592 1590 libr.
1609 1557 1666 1592 lV.
1683 1555 1830 1593 dic‘lurus

75 1605 135 1644 suo
150 1609 249 1644 loco:
276 1621 365 1643 nunc
379 1618 510 1644 tantum
528 1607 712 1658 profiteor,
739 1621 796 1644 me
811 1621 882 1644 non
898 1611 1042 1644 omuino
1057 1607 1199 1656 probare
1219 1604 1437 1656 suspicionem
1455 1606 1571 1644 eruditi
1587 1611 1668 1651 viri,
1691 1610 1740 1656 [n.
1762 1611 1830 1645 Kil-

67 1659 150 1708 steri
163 1659 203 1696 ad
216 1661 440 1697 Iamblichum
456 1674 488 1711 p.
502 1673 534 1704 7.
562 1671 634 1697 not.
651 1673 695 1704 13.
712 1664 929 1710 prouocanti»
942 1657 1075 1710 insuper
1091 1658 1132 1694 ad
1149 1660 1318 1695 lamblich.
1335 1673 1384 1694 nr.
1402 1660 1471 1706 30]
1489 1663 1553 1703 cui,
1577 1663 1755 1710 Porphyrii
1773 1676 1829 1699 an-
1858 1684 1865 1695 .

77 1715 261 1762 tiquiorum
278 1726 378 1762 vsque
393 1727 523 1763 quaque
537 1712 679 1763 vestigiis
696 1712 870 1757 insistenti,
896 1724 945 1761 et,
971 1716 1028 1763 qui
1047 1725 1125 1748 eum
1145 1715 1178 1747 in
1193 1713 1344 1762 plurimis
1365 1709 1526 1762 sequitur,
1553 1714 1726 1749 Iamblichi
1746 1714 1829 1752 liber

77 1764 206 1800 videtur
229 1764 434 1814 compositus
457 1776 488 1801 et
510 1768 605 1801 variis
626 1765 668 1803 de
690 1765 848 1802 industria
869 1769 1070 1802 commentis
1091 1762 1228 1801 refertus
1252 1768 1285 1800 iu
1306 1766 1525 1814 opprobrium
1549 1766 1678 1802 nostrae
1697 1766 1830 1817 religio.

77 1819 143 1852 uis:
170 1830 250 1852 cum
270 1827 406 1867 vterque
425 1831 499 1868 pars
520 1816 620 1855 fuerit
642 1821 779 1855 maioris
796 1822 925 1870 operis,
947 1819 1052 1868 longe
1069 1817 1170 1854 alium
1187 1818 1241 1853 fibi
1263 1818 1364 1853 finem
1381 1817 1591 1867 propositum
1615 1820 1762 1855 habentis
1780 1820 1829 1853 ¹⁸)-

1062 1872 1094 1907 D
1109 1870 1131 1906 d
1157 1869 1179 1906 d
1194 1870 1215 1907 d
1230 1869 1251 1906 d
1278 1883 1296 1906 2
1660 1874 1830 1922 Qemad-

979 1976 1030 2003 re,
1060 1965 1162 1996 docuit
1178 1963 1327 1997 Bracker.
1349 1966 1379 1995 in
1402 1963 1526 2007 adpend.
1543 1965 1606 1995 hist.
1625 1966 1699 2008 phil.
1722 1979 1751 2010 p.
1769 1973 1830 2010 267

979 2009 1056 2088 sq‘li)
1066 2009 1224 2093 Isszilmrſs
1241 2063 1268 2092 p.
1286 2057 1337 2084 288
1352 2051 1391 2092 sq.
1406 2050 1517 2087 censet,
1536 2053 1614 2083 hunc
1629 2055 1694 2096 post
1708 2056 1826 2087 Iambli-

119 1968 146 2000 t)
174 1963 244 1995 Vid.
260 1965 442 2005 Epimetron.

119 2013 153 2043 u)
174 2007 337 2040 IambiIcr'ii
361 2016 457 2049 partes
478 2005 616 2049 suscepit,
641 2009 704 2038 eius
724 2007 813 2038 fidem
829 2007 927 2038 vindi-

76 2062 211 2089 marrus,
235 2052 271 2082 de
287 2054 410 2092 eiusque
428 2058 521 2081 aetate
539 2053 618 2089 egit,
641 2059 729 2093 atque
747 2062 842 2093 neque
858 2062 928 2082 eum

76 2107 172 2138 neque
187 2097 386 2138 Porphyrium
411 2094 523 2136 aliquid
546 2094 675 2126 debuisse
692 2097 820 2134 Diogeni
838 2097 927 2125 Laer-

75 2143 120 2171 tio
145 2141 255 2171 studuit
281 2137 405 2181 operose
428 2139 626 2168 demonſtrare
651 2138 801 2170 Dodwell.
825 2141 926 2170 Exere.

76 2185 114 2216 11.
139 2184 180 2226 ξς,
197 2195 237 2214 21.
252 2193 280 2214 et
296 2194 343 2213 22.
365 2194 393 2224 p.
411 2189 578 2219 182—191.
624 2183 680 2214 Sed
696 2182 843 2213 sollertius
859 2194 925 2213 acu-

76 2230 193 2271 tiusque
210 2226 364 2270 disputasse
382 2226 591 2262 Meinerfium‚
611 2227 670 2256 iam
691 2226 925 2256 obseruauimus.

77 2272 236 2305 Gerditius
255 2283 346 2307 vcro,
369 2270 448 2302 Prof.
465 2269 655 2307 Tam-ierim,
679 2271 709 2300 in
724 2269 924 2300 Introdutffio-

76 2327 114 2347 ne
135 2317 171 2347 acl
193 2316 320 2347 studium
341 2314 512 2353 religionis,
532 2313 583 2344 lib.
601 2315 636 2344 11.
661 2324 841 2354 quamquam
865 2324 924 2343 non

77 2369 163 2400 negat
192 2360 312 2403 putidos
346 2359 501 2391 Iamblichi
530 2366 558 2388 et
589 2358 748 2398 Porphyrii
781 2358 925 2387 anachro-

76 2404 202 2439 nismo„
222 2413 319 2435 tamen
340 2415 369 2445 p.
387 2407 455 2433 266.
470 2402 507 2432 ad
526 2401 614 2432 fidem
636 2400 791 2433 Iambliehi
808 2402 925 2432 firman-

78 2447 144 2479 dam
157 2460 276 2479 omnem
294 2448 415 2478 adhibet
430 2447 629 2486 diligentiam:
653 2453 682 2476 at
699 2445 795 2486 decipi
819 2444 847 2475 se
862 2443 925 2486 pas-

79 2490 141 2523 sum
153 2492 209 2524 effe
223 2495 323 2525 virum
341 2491 462 2525 deckum
479 2498 509 2523 et
521 2488 646 2522 cauffam
661 2488 770 2521 malam
787 2487 925 2524 defende-

980 2097 1068 2127 chum
1085 2104 1114 2126 et
1138 2096 1354 2137 Porphyrium,
1379 2093 1492 2125 saeculo
1512 2098 1628 2128 circiter
1646 2108 1753 2140 quarto
1776 2109 1827 2132 aut

979 2140 1132 2181 aliquanto
1155 2139 1245 2169 serius
1266 2137 1387 2175 vixisse,
1421 2138 1571 2170 addietum
1600 2142 1719 2183 quidem
1742 2143 1827 2175 fuisse

979 2183 1187 2225 philosophiae
1217 2181 1416 2212 Aristotelicae
1444 2186 1621 2220 recentiori,
1651 2194 1680 2216 at
1699 2189 1730 2217 in
1749 2188 1825 2219 mul-

979 2230 1016 2257 tis
1039 2226 1177 2257 sefiatum
1207 2227 1405 2255 recentiorum
1436 2227 1690 2265 Pythagoreorum
1720 2230 1825 2272 placita

977 2270 1168 2310 somniaque,
1197 2269 1325 2309 ideoque
1348 2268 1441 2299 multa
1469 2271 1617 2303 tradidiss‘e
1645 2274 1681 2304 ab
1704 2275 1825 2305 historia

978 2324 1049 2344 vera
1067 2322 1095 2343 et
1110 2314 1284 2354 antiquitate
1305 2311 1408 2342 aliena.
1433 2313 1528 2344 Harl.

1023 2361 1065 2391 w)
1088 2357 1226 2387 Subrium
1247 2356 1304 2386 hoc
1327 2357 1453 2386 Fabricii
1474 2360 1566 2388 nostri
1589 2359 1732 2391 iudicium
1755 2363 1824 2392 vbe-

978 2402 1040 2432 rius
1061 2400 1202 2442 explicuit
1221 2402 1460 2441 argumentisque
1488 2403 1618 2434 firmauit
1651 2406 1824 2442 grauissimis

979 2443 1122 2487 Meinerss
1145 2447 1175 2474 in
1197 2444 1319 2473 historia
1339 2446 1461 2483 originis
1483 2453 1536 2476 etc.
1560 2446 1761 2479 doetrinaruiu
1785 2466 1827 2473 --

979 2495 1053 2531 part.
1071 2489 1094 2519 Ι.
1127 2499 1191 2531 pag.
1209 2493 1263 2524 258
1278 2491 1404 2519 —260.
1455 2490 1561 2521 Monet
1581 2493 1692 2531 igitur,
1722 2494 1826 2524 aduer-

1736 2536 1828 2569 sario·
