2183 2747
904 166 1244 188 *ΡΥ-.-
1870 170 1956 194 XIII

193 257 350 295 Caufl'as
369 270 483 299 vero,
515 269 632 307 quare
650 256 716 293 illa
735 257 940 294 eximenda
956 258 1121 296 arbitrer
1139 259 1210 296 hac
1228 272 1335 298 noua
1361 262 1548 305 editione,
1580 263 1656 300 viri
1682 262 1822 299 eruditi
1848 262 1956 300 facile

191 319 429 368 perspicient.

302 438 493 474 Exsulare
529 437 646 485 igitur
679 437 840 486 possunt
866 438 945 475 vol.
967 439 1032 475 ΙΙΙ.
1061 439 1126 476 lib.
1146 439 1198 478 V.
1236 452 1318 490 cap.
1337 441 1388 479 V.
1422 442 1539 479 index
1578 444 1952 480 commentariorum

185 499 417 537 recentfum
443 499 483 534 in
509 497 553 533 N.
581 497 631 534 T.
660 498 775 534 latine
801 499 1016 540 editorum,
1059 509 1093 536 et
1119 501 1413 544 harmoniarum
1441 505 1611 553 euangel.
1637 504 1867 553 scriptorum
1894 515 1951 539 re-

185 560 422 595 centiorum:
456 555 540 593 libr.
560 558 628 595 iv.
662 570 742 607 cap.
763 559 827 595 ix.
852 559 932 595 see'l.
948 560 1032 596 ΧΠ.
1053 562 1191 598 notitia
1209 561 1440 612 scriptorum
1459 566 1739 606 recentiorum,
1772 565 1838 612 qui
1859 576 1949 613 pro-

183 619 318 656 verbia
339 620 587 667 collegerunt.
650 619 694 654 In
724 620 803 658 vol.
823 619 874 657 V.
899 620 1010 669 plura
1034 631 1267 664 occurrunt,
1307 635 1405 671 quae
1437 636 1533 660 num
1561 626 1694 661 omnia
1727 625 1853 666 reiici,
1899 636 1949 660 an

182 680 373 728 quaedam
393 680 440 715 ad
462 679 815 727 supplementorum
836 681 1022 716 volumen
1044 681 1209 731 ablegari
1228 682 1403 729 debeant,
1426 696 1475 719 an
1491 686 1604 733 plane
1622 685 1760 721 seclusa
1775 697 1796 720 a
1813 685 1857 720 B.
1878 683 1951 721 Gr.

185 741 388 788 separatim
410 739 592 780 edantur,
626 739 753 776 adhuc
772 740 921 777 haereo.
983 742 1032 777 lii
1048 743 1125 778 vol.
1145 742 1216 781 VI.
1234 752 1382 792 praeter
1399 744 1473 780 alia
1491 744 1638 787 forsan,
1671 745 1734 782 lib.
1753 744 1804 783 V.
1824 756 1904 793 cap.
1923 756 1949 789 5.

186 813 232 836 ex
263 800 468 835 Eiztiociae
495 799 662 835 violario
690 810 889 850 excerpta,
921 809 1003 837 tum
1030 804 1168 839 notitia
1193 805 1450 840 cerimonialis
1476 804 1560 842 MS.
1582 804 1828 844 Constantini
1852 805 1951 840 Por-

181 860 348 909 phyiog.
369 869 404 896 et
424 860 595 895 Anselmi
616 860 806 896 Bandurii
826 861 1047 910 conspectus
1065 876 1230 912 operum
1249 865 1461 914 Nicephori
1486 864 1608 903 CPol.
1634 878 1703 902 cur
1725 873 1949 915 repetantur

182 921 305 970 typis,
339 932 419 955 non
439 921 568 956 video.
631 921 676 956 In
698 921 775 957 vol.
795 921 884 959 Vll.
915 922 978 958 lib.
995 923 1046 960 V.
1080 935 1160 972 cap.
1181 933 1210 964 ὃ.
1228 924 1429 974 scriptores
1456 926 1687 962 recentiores
1714 925 1764 963 de
1787 925 1948 961 veritate

180 981 377 1029 religionis
405 979 638 1016 christianae.
678 981 768 1017 ibid.
796 992 874 1031 cap.
895 982 959 1019 IX.
984 991 1019 1019 et
1042 979 1131 1020 alibi
1162 980 1338 1022 Lf'bcrm'b'
1366 986 1562 1022 orationes
1597 994 1713 1034 atque
1746 985 1948 1034 epistolae3

182 1041 245 1078 lib.
257 1041 305 1078 V.
325 1053 404 1089 cap.
425 1044 471 1076 16.
496 1040 748 1088 metaphrases
768 1041 1012 1079 psalmorum
1030 1045 1258 1080 recentiores
1271 1072 1278 1084 ‚
1310 1053 1345 1081 et
1364 1046 1473 1082 Phile
1492 1046 1648 1096 scripta:
1682 1047 1723 1081 in
1741 1046 1821 1082 vol.
1837 1045 1949 1082 Vin.

180 1101 245 1137 lib.
265 1101 316 1138 V.
334 1113 414 1149 cap.
433 1104 484 1136 26.
504 1101 635 1136 Procli
656 1100 812 1147 hymni,
845 1113 926 1151 cap.
942 1115 986 1145 31·
1008 1101 1185 1141 Choricii
1203 1105 1418 1146 orationes;
1452 1106 1492 1141 in
1514 1107 1590 1143 vol.
1614 1107 1679 1143 IX.
1704 1105 1767 1142 lib.
1785 1105 1835 1143 V.
1862 1116 1948 1153 cap.

181 1169 230 1205 38.
250 1162 477 1197 Xenocratis
497 1161 645 1196 libellus
674 1161 722 1197 de
748 1162 932 1198 alimento
960 1175 1007 1199 ex
1032 1163 1287 1212 aquatilibus:
1319 1166 1399 1201 vol.
1418 1165 1482 1202 Xr.
1509 1166 1573 1203 lib.
1593 1166 1664 1203 Vi.
1688 1177 1945 1215 cap.1.cano-

182 1233 247 1257 nes
272 1221 429 1257 concilii
451 1220 498 1258 V.
523 1222 610 1257 adu.
630 1220 849 1269 Origenem.
880 1222 971 1259 ibid.
999 1235 1079 1272 cap.
1100 1225 1145 1259 Π.
1173 1224 1342 1272 plurima
1368 1226 1415 1261 de
1439 1227 1614 1262 conciliis
1640 1226 1764 1262 eccles.
1791 1237 1947 1261 eorum-

181 1293 256 1330 que
283 1281 598 1321 collectionibus
631 1281 748 1317 index
771 1283 1050 1332 geographicus
1080 1284 1373 1333 episcopatuum
1399 1293 1467 1322 etc.
1510 1286 1551 1321 in
1576 1287 1654 1324 vol.
1671 1286 1756 1322 XII.
1790 1284 1855 1321 hb.
1873 1285 1944 1322 VI.

182 1352 262 1389 cap.
281 1341 350 1377 IV.
378 1340 557 1377 Mantissa
584 1341 629 1376 de
654 1341 870 1379 recentibus
898 1343 1075 1380 historiae
1099 1344 1224 1381 eccles.
1252 1344 1525 1394 scriptoribus3
1558 1357 1638 1395 cap.
1657 1345 1709 1384 V-
1735 1346 1837 1381 Plut.
1858 1345 1946 1380 dial.

183 1401 230 1437 de
256 1400 477 1442 nobilitate,
511 1409 546 1437 et
575 1402 647 1437 alia
672 1402 1047 1451 exciderepoffunt:
1087 1404 1133 1441 de
1165 1405 1288 1452 capite
1306 1405 1374 1443 VJ.
1410 1405 1585 1442 iudicent
1616 1407 1694 1442 leti.
1736 1406 1813 1442 vol.
1841 1405 1946 1441 XIII.

182 1460 367 1509 Stephani
388 1472 529 1497 comm.
548 1461 593 1497 de
611 1461 858 1510 Hippocratis
887 1463 1101 1512 theologia,
1134 1465 1331 1513 catalogus
1351 1466 1596 1502 medicorum
1615 1464 1816 1507 Arabum,
1839 1463 1947 1501 Sexti

180 1521 374 1557 Platonici
399 1521 495 1556 liber
521 1521 567 1556 de
597 1521 789 1558 medicina
811 1529 879 1559 etc.
909 1523 1139 1560 *Vindiciani
1157 1524 1312 1574 epistola
1336 1525 1385 1561 ad
1411 1525 1733 1563 Valentinianum
1761 1533 1797 1561 et
1818 1525 1948 1561 maxi-

180 1593 243 1618 ma
269 1582 402 1630 capitis
423 1581 467 1616 X.
486 1593 572 1629 pars
590 1581 760 1618 exsulare
777 1579 928 1619 debent.
987 1584 1079 1619 Pari
1102 1585 1185 1620 iure
1201 1585 1274 1620 alia
1290 1583 1419 1620 forsan
1437 1593 1623 1634 poterunt
1647 1584 1854 1622 commode
1880 1596 1947 1620 ex·

182 1640 314 1678 scindi.
389 1640 676 1691 Quamobrem,
717 1642 993 1680 accessionihus
1020 1641 1231 1681 necessariis
1263 1645 1414 1693 amplus
1440 1645 1678 1693 relinquetur
1712 1645 1840 1686 locus,
1873 1654 1946 1681 nec

182 1711 348 1737 numero
371 1701 627 1737 voluminum
648 1702 677 1738 is
702 1702 858 1739 accedet
881 1704 1081 1745 cumulus7
1114 1717 1232 1752 quem
1248 1705 1433 1741 nonnulli
1455 1713 1647 1742 metuunt.

300 1817 345 1853 In
371 1817 543 1865 sequenti
573 1820 775 1857 volumine
806 1822 897 1870 quia
929 1823 1103 1860 membra
1135 1824 1326 1873 quaedam
1357 1824 1594 1861 inconcinne
1618 1823 1773 1861 disiecta
1804 1824 1942 1869 iacent,

184 1877 326 1926 capita,
366 1877 406 1912 in
433 1877 574 1924 quibus
605 1879 652 1915 de
684 1881 926 1930 philosophis
959 1892 995 1920 et
1024 1884 1290 1931 quorumdam
1322 1883 1476 1921 adseclis
1511 1885 1657 1933 agitur,
1694 1883 1942 1920 commodius

180 1938 395 1985 meliusque
426 1937 675 1985 coniungam.
750 1940 805 1975 At
834 1940 860 1976 fi
894 1943 962 1989 qui
995 1943 1042 1979 de
1077 1940 1286 1991 breuitate,
1317 1952 1386 1980 aut
1424 1945 1620 1993 paucitate
1657 1943 1942 1983 addendorum,

140 2028 148 2031 t
181 2010 280 2046 quae
324 2006 453 2032 tamen
492 1997 597 2032 haud
640 1998 736 2034 adeo
772 1999 906 2036 sterilia
932 2013 1134 2051 paucaque
1167 2012 1300 2045 erunt,
1347 2013 1653 2052 conquerentur,
1690 2003 1729 2039 id
1761 2015 1808 2039 ne
1837 2014 1943 2039 meae

143 2094 148 2098 .
179 2057 350 2106 segnitiei
373 2067 409 2092 et
436 2056 625 2097 tarditati,
659 2066 727 2093 aut
752 2060 962 2102 voluntati,
998 2062 1062 2099 sed
1091 2064 1259 2100 aliorum
1284 2063 1448 2100 consilio
1473 2065 1673 2112 metuique
1705 2063 1942 2103 adtribuant,

180 2119 320 2154 iterum
345 2117 564 2164 iterumque
591 2128 735 2153 moneo
761 2131 948 2168 rogoque.
1033 2120 1218 2160 Ceterum
1253 2122 1451 2171 diligentia
1473 2120 1622 2161 Beckii
1649 2131 1765 2172 atque
1798 2118 1942 2162 Keilii,

180 2177 232 2214 V.
252 2177 303 2214 V.
333 2176 375 2212 C.
401 2176 443 2212 C.
472 2188 642 2224 quorum
667 2177 952 2221 dexteritatem,
990 2180 1273 2219 humanitatem
1303 2190 1418 2230 atque
1442 2194 1576 2219 curam
1605 2182 1834 2232 singularem
1862 2182 1940 2218 iam

180 2237 222 2273 in
238 2235 491 2286 -praefatione
523 2236 572 2272 ad
608 2238 779 2284 primum
807 2240 996 2276 volumen
1028 2242 1272 2288 praedicaui,
1309 2249 1346 2278 et
1374 2243 1414 2278 in
1446 2242 1633 2292 praesenti
1660 2255 1818 2291 quoque
1849 2253 1940 2278 cum

181 2295 460 2346 significatione
480 2297 576 2344 grati
603 2297 722 2333 animi
746 2298 917 2339 celebro,
950 2301 989 2334 in
1015 2299 1094 2336 hoc
1116 2302 1232 2337 etiam
1253 2301 1457 2338 volumine
1481 2302 1641 2339 sollicite
1670 2304 1794 2344 cauit,
1839 2313 1940 2350 quo·

167 2350 307 2393 *minus
343 2357 467 2392 multa
507 2364 630 2392 errata
663 2358 946 2406 typographica
979 2359 1186 2408 deturpent
1225 2361 1370 2397 librum
1412 2370 1480 2398 aut
1527 2361 1742 2411 impediant
1785 2362 1937 2398 lectoris

180 2415 366 2460 studium3
427 2424 541 2464 atque
572 2413 721 2454 Beckii
751 2417 801 2455 V.
835 2416 880 2456 C.
921 2420 990 2468 qui
1020 2420 1149 2457 adhuc
1180 2421 1222 2457 in
1245 2421 1507 2459 Vniuerfitate
1542 2422 1758 2460 litterarum
1786 2422 1938 2470 Lipfica

597 2495 606 2499 ⁸
1039 2479 1064 2516 b
1096 2492 1112 2523 3
1820 2481 1935 2518 fasces
