2183 2747
7 168 100 202 voti.
113 171 223 206 mn!
237 177 279 205 ¹53
526 166 799 204 PHANTASIA.
972 164 1047 200 Lib.
1065 163 1098 200 I.
1121 174 1146 202 c,
1162 162 1246 198 XX
1246 161 1287 198 V
1287 190 1295 198 .
1701 177 1770 213 κς

5 271 69 307 iria
88 271 244 306 Homeri.
296 265 428 303 Eodem
453 265 564 302 Allatii
587 266 666 301 loco
686 264 741 300 alii
764 276 782 298 a
796 262 954 313 Daphne,
983 261 1035 297 vel
1052 259 1190 307 Sibylla,
1216 259 1267 296 vel
1290 257 1422 296 Helena
1443 258 1601 296 edoctum
1627 258 1767 298 scribunt

7 323 202 360 Homerum
218 321 344 357 Fahric.
361 319 460 367 [adde
479 320 582 354 Kr'ilm.
596 317 636 354 ad
654 317 780 354 Aeliani
803 317 848 352 Η.
868 318 907 351 V.
926 315 979 353 lib.
997 317 1050 353 XI.
1066 328 1136 364 cap.
1156 316 1194 350 11.
1223 326 1298 363 pag.
1311 316 1380 356 683.
1397 311 1447 349 ed.
1464 314 1541 349 Abr.
1565 315 1715 350 Gronou.
1737 324 1769 351 et

6 375 180 422 Christian.
197 375 341 420 Adelph.
358 374 461 409 Klotz
472 375 612 409 Comm.
629 370 809 422 epistolaris
823 367 863 406 de
881 365 1078 420 quibusdam
1092 367 1133 404 ad
1150 368 1345 404 Homerum
1360 367 1608 417 pertinentibus.
1644 365 1768 418 Lipsiae

4 434 92 477 1758.
116 440 147 474 4.
203 426 327 474 Harl]

273 525 312 560 11.
339 523 424 558 Sane
442 521 618 565 Phantafia
632 534 702 557 non
718 520 825 568 magis
838 516 966 555 videtur
982 513 1078 552 fuisse
1092 513 1217 552 semina
1234 513 1344 565 aliqua
1361 514 1412 551 vel
1427 519 1684 566 poetria‚·quam
1699 515 1770 551 Eu-

49 562 151 617 :m
296 578 400 618 melia,
418 565 644 625 [Ὀικεμὲνη]
664 572 826 620 Historia,
844 571 962 616 ΡοεΙίπ,
983 570 1122 613 Fabula,
1146 570 1295 612 Natura,
1316 569 1464 619 aliaeque
1480 566 1660 612 eiusmodi,
1685 582 1770 619 quae

271 629 427 665 muliebri
457 629 569 665 habitu
597 629 755 663 Homero
786 628 872 660 inter
896 625 987 660 Deos
1020 622 1125 660 relato
1157 622 1293 659 laurum
1327 625 1522 672 imponere,
1564 625 1712 658 accinere
1737 632 1770 659 et

4 675 95 716 {incra
110 676 219 717 facere
235 682 408 732 finguntur
421 684 455 717 in
471 683 570 717 veteri
584 689 810 716 monumento
825 674 1077 726 elegantill'iino,
1091 675 1182 727 quod
1206 678 1440 725 (imperatoris
1455 673 1605 718 Claudii,
1631 685 1665 711 vt
1681 674 1769 711 vide-

4 741 73 776 tur,
90 731 184 777 iussu,
198 735 393 772 Homerum
411 737 503 770 vnice
519 732 725 776 admirantis,
752 730 826 778 (vel
841 733 873 766 in
888 733 956 766 eius
970 732 1110 779 gratiam
1126 730 1234 774 certe)
1270 731 1303 764 in
1319 741 1401 778 agro
1423 730 1599 765 Ferentino
1615 727 1699 764 olim
1713 727 1768 765 de.

4 783 168 831 dicatum,
182 799 280 839 atque
294 787 394 825 hodie
413 789 545 823 Romae
561 783 844 823 Columnenfium
860 783 970 834 palatii
985 781 1112 832 insigne
1135 783 1395 826 ornamentum)
1415 781 1489 832 post
1512 783 1710 818 Kircherum
1733 785 1768 817 in

7 839 103 875 Latio
118 841 219 891 [pag.
237 849 301 886 183-
316 842 325 887 l
361 838 584 891 exposuerunt
605 842 664 874 viri
682 838 790 874 nostra
806 847 909 873 aetate
927 834 1116 878 doc‘lissimi‚
1148 834 1220 883 [lf]
1253 832 1464 871 Addissonius
1484 838 1519 870 in
1535 835 1698 870 Remarks
1721 848 1768 871 on

5 888 130 928 several
149 896 237 930 Parts
255 892 297 930 of
306 894 390 940 ltaly
406 907 481 944 pag.
498 905 566 937 343.
603 891 756 928 Ezechiel
778 892 998 940 Spanhemius
1021 887 1241 925 differ-tatione
1261 891 1373 938 quinta
1397 887 1437 924 de
1455 885 1510 924 vsu
1526 898 1557 924 et
1573 887 1769 939 praestantia

7 943 262 988 numismatum,
278 950 349 983 loli.
369 946 570 996 Rudolphus
586 945 786 981 VVetsscnins
805 947 837 978 in
851 940 920 979 diff.
941 941 981 978 de
997 939 1066 977 sato
1082 939 1281 991 scriptorum
1299 943 1442 977 Homeri
1459 956 1489 991 p.
1506 954 1565 989 153.
1600 942 1768 977 Gisbertus

7 999 160 1048 Cuperus
177 1002 209 1035 in
239 1000 410 1036 luculento
435 1000 692 1035 Commentario
720 995 922 1037 οἱπρθέωσις
944 997 1088 1031 Homeri
1104 993 1140 1027 l⁰)
1169 992 1343 1044 inscripto,
1365 994 1515 1044 Raphael
1539 995 1705 1030 fabrettus
1725 993 1766 1030 ad

7 1051 136 1087 calcem
151 1051 362 1102 expolitionis
380 1053 559 1088 columnae
573 1053 753 1093 Traianae,
778 1064 808 1100 p.
828 1052 900 1094 346.
918 1046 980 1097 seq.
1035 1050 1227 1083 Laurentius
1250 1048 1392 1096 Begerus
1416 1050 1448 1082 in
1473 1046 1562 1083 bello
1585 1058 1617 1083 et
1637 1046 1767 1083 excidio

7 1104 165 1140 Troiano
181 1119 220 1141 ex
236 1108 478 1155 Antiquitatum
495 1104 639 1153 reliquiis
659 1102 824 1138 delineato
839 1114 870 1137 ct
891 1101 1051 1137 illuni-ato
1073 1115 1103 1136 er
1118 1101 1253 1136 Iacobus
1269 1102 1462 1136 Gronouius
1483 1102 1528 1135 T.
1547 1113 1574 1136 2.
1600 1097 1768 1136 Thesauri

3 1158 250 1206 Antiquitatum
264 1159 480 1200 Graecarum,
494 1159 641 1205 imagine
657 1157 744 1191 XXI.
773 1157 870 1191 Anna
894 1156 1031 1189 Daccria
1055 1152 1094 1189 ad
1117 1153 1274 1202 gallicam
1293 1151 1479 1189 versionem
1494 1151 1614 1196 Iliadis,
1629 1155 1676 1188 10.
1688 1156 1764 1188 Car.

4 1209 172 1248 schottus.
189 1213 242 1259 qui
259 1224 276 1245 a
292 1221 480 1246 ceterorum
497 1207 653 1246 sententia
671 1206 817 1250 discedit,
844 1211 877 1242 in
888 1206 1116 1255 Explic.itione
1131 1220 1218 1241 noua
1237 1203 1468 1256 Apotheoseaes
1485 1208 1629 1242 Homeri
1645 1205 1765 1254 gallice

6 1259 92 1298 edita
111 1263 245 1298 Amllel.
266 1273 354 1307 1714.
370 1275 400 1308 4.
437 1262 558 1310 [latine
571 1258 660 1297 versa
681 1275 697 1296 a
716 1263 812 1296 Petro
831 1260 1004 1301 faccioio,
1032 1262 1065 1294 in
1093 1258 1205 1294 Poleni
1228 1259 1400 1308 Supplem.
1416 1257 1581 1309 Vtriusque
1602 1256 1766 1294 Thesauri

4 1314 139 1364 Antiqq.
154 1315 220 1351 vol.
237 1318 276 1351 11.
293 1315 357 1352 col.
378 1327 448 1362 293.
466 1313 533 1365 sqq.
549 1317 583 1350 it.
599 1315 683 1350 Aeta
695 1312 822 1349 Erudit.
838 1309 923 1363 Lips.
944 1323 1021 1356 ¹7¹5-
1050 1324 1126 1362 pag.
1141 1314 1198 1346 60.
1215 1308 1283 1361 [φ]
1310 1325 1370 1347 nec
1391 1325 1461 1347 non
1474 1315 1524 1348 M.
1542 1311 1709 1348 Morellus
1725 1310 1767 1347 de

3 1366 169 1404 Maurour
185 1371 218 1404 in
237 1366 306 1404 diss'.
322 1367 406 1404 edita
421 1379 505 1405 tom.
528 1370 600 1403 vu.
623 1377 715 1417 parte
730 1369 769 1402 ΙΙ.
791 1379 866 1416 pag.
887 1378 963 1411 429.
981 1362 1047 1414 sqq.
1083 1363 1258 1412 Syssoges,
1281 1367 1332 1399 cui
1358 1364 1490 1400 titulus:
1523 1367 1767 1400 Continuation

0 1416 60 1458 des
73 1423 254 1457 memoires
269 1420 309 1457 de
325 1423 519 1458 Litterature
533 1432 564 1457 et
576 1419 776 1462 d'Histoire‚
790 1422 877 1455 Paris
894 1431 983 1463 1729·
1004 1429 1045 1452 12.
1099 1418 1228 1453 Fam-ic.
1245 1419 1336 1452 cuius
1352 1418 1468 1460 verba,
1495 1419 1526 1466 ᾗ.
1544 1430 1556 1453 1
1573 1427 1605 1453 et
1625 1430 1657 1453 2.
1676 1430 1767 1466 repe·

2 1474 53 1509 tiit
69 1486 148 1509 cum
165 1471 413 1524 supplementis,
430 1488 513 1524 quae
527 1487 604 1510 orae
621 1472 767 1522 exempli
783 1469 942 1523 adscripta
957 1470 1134 1520 reliquerat
1148 1470 1329 1512 Fabricim,
1360 1470 1468 1518 [Vols
1484 1468 1524 1506 ad
1549 1469 1675 1506 Olearii
1696 1466 1765 1506 diff.

2 1521 45 1561 de
59 1530 192 1576 poetriis
209 1541 258 1577 gr.
273 1542 305 1578 p.
323 1540 388 1572 173.
405 1525 451 1578 sq.
468 1541 499 1563 n.
514 1540 559 1574 57.
615 1525 716 1562 Harl.

2 1615 138 1647 Phemius,
272 1608 327 1642 111.
345 1619 510 1642 rut-›nvs
536 1617 765 1641 ITHACENSIS
783 1603 823 1639 ab
838 1600 907 1653 ipso
920 1604 1077 1638 Homero
1093 1600 1126 1634 Ε)
1141 1600 1323 1637 celebratur
1337 1601 1484 1651 pluribus
1501 1605 1534 1636 in
1551 1601 1634 1637 locis
1645 1597 1763 1647 Odyss.

296 1657 322 1698 οἱ
338 1674 366 1694 ν.
384 1671 442 1705 ¹55·
460 1670 491 1695 et
506 1671 574 1703 337.
590 1654 618 1709 ς’
631 1673 660 1693 v.
679 1661 748 1702 263.
767 1668 799 1692 et
815 1654 864 1707 χ’.
880 1670 909 1691 v.
927 1667 988 1699 331.
1022 1666 1195 1704 tamquam
1216 1649 1328 1693 oemio}
1349 1651 1553 1690 suauiffimus
1575 1663 1606 1689 et
1628 1649 1764 1696 θεήλα-

4 1722 74 1747 τος.
129 1710 320 1748 ATatiano
338 1724 449 1748 autem
465 1723 496 1748 et
512 1711 580 1747 aliis
599 1709 714 1747 diserte
729 1707 870 1746 refertur
895 1712 978 1744 inter
1005 1705 1177 1757 scriptores
1199 1709 1357 1742 Homero
1380 1706 1578 1742 vetustiores.
1634 1705 1763 1741 Platoni

3 1762 39 1796 in
57 1763 138 1797 Ione
158 1762 255 1813 [pag.
273 1767 323 1809 36.
342 1764 393 1801 ed.
415 1764 567 1807 Miilleri7
582 1767 674 1800 cuius
698 1774 814 1799 notam
836 1759 1022 1807 conferes,]
1055 1760 1173 1797 dicitur
1191 1757 1384 1802 'ffixmimcc
1405 1754 1582 1811 ῥαψῳὸές.
1638 1756 1762 1794 Plutar-

5 1814 87 1849 chus
107 1813 192 1851 libro
214 1816 255 1852 de
275 1817 403 1853 Musica
419 1819 516 1867 [pag.
532 1830 612 1859 1132·
629 1815 650 1852 {I
667 1829 742 1867 pag.
760 1819 830 1862 652.
846 1815 913 1851 vol.
931 1816 970 1849 X.
985 1813 1035 1850 ed.
1055 1814 1164 1849 Reisk.
1178 1813 1207 1859 7]
1244 1826 1282 1848 ex
1299 1811 1483 1848 Heraclidis
1507 1811 1694 1847 testimonio
1714 1824 1763 1847 re-

4 1862 69 1901 fert
84 1880 162 1902 eum
177 1873 325 1906 carmine
339 1868 519 1921 exposunl'e
535 1867 626 1911 νᾶςον
641 1871 708 1909 τῶν
724 1866 800 1908 οἱπό
815 1870 942 1920 Τροίας
954 1865 1032 1917 μετ’
1051 1865 1306 1916 Ἀγαμέμνονες
1324 1863 1642 1915 οἶνακσμισθέντων,
1667 1862 1761 1914 quod

3 1921 146 1969 petitum
161 1933 199 1956 ex
214 1921 328 1968 Odyss'.
346 1920 382 1962 οἱ.
397 1938 427 1958 v.
444 1935 509 1968 337.
528 1920 592 1973 sqq.
648 1923 698 1958 Ab
720 1922 790 1957 aliis
811 1933 845 1957 vt
860 1922 899 1957 ab
915 1923 1050 1957 auctore
1065 1923 1147 1955 vitae
1166 1921 1311 1955 Homeri
1333 1933 1416 1968 quae
1437 1915 1494 1954 sub
1509 1916 1675 1954 Herodoti
1691 1931 1762 1953 am·

3 1971 96 2008 bulat
113 1977 264 2016 nomine,
283 1974 401 2012 dicitur
415 1977 578 2022 Smyrnae
594 1978 800 2011 iuuentutem
816 1974 923 2010 literas
939 1985 970 2010 et
986 1971 1137 2009 Musicen
1159 1969 1322 2014 domine,
1351 1981 1548 2021 acceptaque
1571 1973 1605 2006 in
1622 1983 1760 2006 vxorem

3 2024 173 2061 Critheide
187 2028 330 2064 Homeri
344 2041 462 2073 matre,
478 2028 585 2064 filium
603 2027 696 2064 illum
713 2025 880 2077 adoptasse
893 2038 924 2063 et
937 2023 1111 2062 instituiffe.
1165 2023 1256 2061 Idem
1273 2021 1341 2060 fere
1355 2023 1451 2060 tradit
1468 2026 1621 2074 Ephorus
1635 2025 1760 2058 Cuma-

0 2090 67 2113 ·nus
83 2077 170 2128 apud
192 2079 404 2118 Plutarchum
421 2086 454 2118 in
470 2082 587 2118 limine
602 2080 673 2117 libri
690 2079 730 2116 de
747 2083 914 2116 Homero.
968 2079 1137 2115 Eustathio
1160 2076 1199 2113 ad
1225 2075 1340 2123 odyss.
1361 2073 1388 2116 οἱ
1405 2092 1435 2127 p.
1453 2084 1502 2121 38.
1538 2073 1759 2126 Philosophus

4 2129 107 2175 audit,
118 2132 256 2182 perinde
271 2145 304 2170 vt
319 2135 454 2186 quilibet
468 2149 539 2172 non
555 2137 683 2185 ineptus
700 2129 812 2173 οἷοιδῖς
832 2124 1062 2169 fiue'Muficus
1079 2144 1115 2166 ac
1132 2133 1239 2166 Poeta.
1295 2127 1425 2166 Confer
1438 2129 1581 2167 eundem
1607 2143 1638 2180 p.
1656 2131 1710 2165 60.
1727 2139 1759 2164 et

1716 2180 1758 2217 ad

58 2268 96 2306 b)
118 2271 222 2303 Editus
259 2274 299 2303 est
338 2275 427 2304 Amst.
465 2279 542 2313 1683.
573 2287 602 2314 4.
635 2282 664 2305 et
699 2282 856 2316 praeterea
953 2277 986 2307 c)
1011 2272 1134 2302 Confer.
1151 2271 1315 2315 Aristidem
1337 2271 1379 2300 T.
1400 2282 1421 2306 3·
1441 2281 1470 2311 p.
1487 2281 1536 2307 40.
1554 2269 1601 2311 seq
1636 2269 1756 2302 Fabric.

6 2322 37 2354 p·
52 2323 86 2350 30
98 2324 126 2346 et
143 2326 182 2352 35.
198 2319 266 2347 Nic.
286 2319 419 2354 Heinffi,
444 2330 472 2360 p.
491 2330 548 2357 ¹93.
564 2317 619 2360 sq.'
637 2317 769 2349 IllustrIs.
787 2320 856 2348 Eze-
911 2316 1039 2348 Lucian.
1057 2317 1094 2347 de
1110 2319 1208 2347 Domo
1222 2328 1247 2346 e.
1265 2323 1302 2350 18.
1316 2327 1344 2356 p.
1371 2325 1428 2344 200
1452 2314 1498 2343 ed.
1517 2317 1598 2344 Reiz.
1616 2324 1688 2344 toni.
1705 2318 1756 2346 ΠΙ.

8 2357 112 2388 chiens
129 2361 314 2400 Spanhemii,
335 2373 362 2403 p.
388 2373 445 2397 ¹93·
461 2361 523 2404 sqq.
548 2362 707 2404 Raphaelis
723 2363 857 2392 Fabi-etti
910 2359 1082 2392 Endocimn
1113 2372 1177 2402 pag.
1194 2372 1260 2398 4¹4·
1281 2369 1297 2388 a
1321 2368 1380 2400 qna
1401 2358 1514 2388 dicitur
1535 2357 1614 2388 filins
1630 2361 1754 2399 Tei-pii,

6 2400 233 2434 obseruationes
258 2417 325 2435 cnm
344 2405 528 2447 Ampliffimo
544 2410 665 2449 Cupero
688 2408 856 2436 communi·
912 2413 941 2434 et
970 2402 1134 2438 secundnm
1156 2407 1310 2445 antiquam
1338 2405 1543 2432 narrationem
1566 2403 1672 2432 donor
1694 2405 1755 2432 Ho-

6 2453 83 2474 tatas
114 2448 244 2479 exhibet.
272 2449 367 2482 Fabr.
386 2461 446 2481 rec.
470 2454 501 2482 in
518 2450 624 2482 Poleni
640 2449 783 2493 Supplem
801 2458 856 2480 etc.
911 2451 988 2478 meri
1003 2459 1034 2478 ac
1052 2451 1100 2478 vir
1114 2448 1192 2484 σαφὲς
1207 2448 1254 2485 ιςᾳ)
1275 2447 1384 2478 Minu
1400 2445 1516 2481 κάτοχος
1544 2454 1598 2476 etc.
1622 2446 1755 2488 Ionsimn

6 2487 68 2519 vol.
84 2492 121 2520 11.
153 2491 247 2522 Harl.
910 2492 948 2522 de
963 2491 1099 2535 scriptor.
1115 2493 1181 2523 hist.
1199 2491 1306 2534 philos.
1322 2493 1344 2522 1.
1360 2500 1423 2532 cap.
1440 2501 1463 2527 3.
1493 2489 1588 2521 Harl.

47 2558 114 2591 Vol.
130 2559 160 2591 I.
1057 2552 1122 2590 Dd
