2183 2747
440 128 616 167 LITTER
625 130 681 166 ΛΕ
734 129 959 167 GRAECAE.
1114 127 1189 165 Lib.
1205 128 1236 165 I.
1262 140 1286 164 c.
1301 126 1461 166 XXJJIL

8 127 98 158 vom.
113 130 272 165 βξηγᾮυδ
1695 142 1764 168 20!

10 226 242 270 Phoenicium,
257 230 354 271 Lini‚'
371 230 427 275 (vt
444 226 540 264 tradit
561 228 726 264 Zenobius
741 230 797 264 IV.
818 239 867 273 45.
889 227 1066 278 prouerb.)
1101 225 1274 276 aequalem
1298 236 1396 276 atque
1420 222 1664 261 interfee‘lorem
1686 222 1768 262 refe-

10 288 100 325 runt,
115 293 175 315 ceu
190 292 279 330 patet
292 297 309 317 e
323 284 451 318 'I'zctza
467 282 554 318 Chil.
573 293 596 325 5.
614 281 681 316 hist.
699 287 749 323 28.
765 280 852 318 Chil.
870 293 914 316 12.
933 280 1003 316 hist.
1022 287 1095 326 398.
1112 291 1144 315 et
1163 277 1364 316 Theodosio
1383 277 1607 314 Alexandrino
1625 279 1768 315 inSclio-

9 330 61 367 iiis
76 331 204 368 ineditis
218 333 257 369 ad
275 334 478 380 Dionysium
493 336 677 370 Thracem.
734 333 847 370 Suidas
863 335 1011 369 inuentas
1027 347 1045 367 a
1061 331 1236 368 Palamede
1252 330 1286 363 ‘)
1311 331 1407 368 tradit
1423 331 1543 366 litteras
1559 329 1590 379 ζ,
1607 346 1649 376 π,
1666 338 1706 378 φ,
1725 346 1767 380 χ.

0 381 151 428 Confer,
174 399 258 436 quae
281 386 322 423 de
338 387 509 424 literarum
533 389 735 423 Graecarum
755 386 980 422 inuentoribus
1005 396 1162 421 notarunt
1187 384 1377 435 Apostolius
1393 385 1495 420 XVII.
1512 396 1556 430 25.
1578 394 1610 419 et
1626 385 1695 417 XX.
1715 396 1768 429 29.

7 438 164 488 prouerb.
187 437 345 490 Iosephus
365 440 512 490 Scaliger
534 439 575 475 ad
601 437 778 476 Eusebium
801 453 833 475 n.
857 440 1069 475 MDvan.
1096 437 1260 474 Meurfius
1294 437 1334 474 ad
1367 434 1575 483 Hesychium
1607 435 1771 474 illustrem

6 502 41 540 p.
56 502 125 536 179.
143 488 230 543 sequ.
257 492 381 544 Lipfius
400 495 454 541 [et
469 492 615 540 Ernesti]
640 492 680 528 ad
699 494 860 528 Tacitum
877 494 932 527 XI.
950 503 995 535 14.
1015 490 1135 527 Annal.
1151 488 1328 526 Salmasius
1343 489 1383 526 ad
1399 487 1644 539 inscriptionem
1660 490 1769 524 Hero-

7 541 57 580 dis
75 546 171 579 Attici
187 559 219 596 p.
237 558 311 589 230.
330 543 373 596 sq.
404 547 483 593 [rec.
507 549 540 581 in
550 546 662 581 Poleni
684 545 856 595 Supplem.
872 541 1037 594 vtriusque
1052 541 1310 593 thesauriAntiq.
1329 543 1445 580 vol.11.
1462 542 1526 578 col.
1541 545 1619 588 609.
1635 539 1655 576 s
1672 555 1703 591 q.
1722 544 1769 577 in-

7 598 122 646 primis
138 597 202 634 col.
222 610 252 642 4.
272 596 338 650 sqq.
355 598 475 647 Harr]
504 600 591 633 Sam.
610 601 728 634 Petitus
745 599 810 634 Lib.
827 601 865 634 11.
882 594 1064 634 Obseruatt.
1081 610 1108 632 c.
1127 596 1312 632 1.Ezechiel
1326 598 1546 646 Spanhemius
1568 593 1610 631 de
1633 609 1651 630 v
1670 608 1689 629 u
1705 607 1769 629 nu-

6 645 203 686 mismatum
218 649 287 687 diss'.
304 664 332 687 2.
351 651 414 698 [lf]
433 652 538 698 [tom.
556 653 580 686 1.
597 666 627 700 p.
645 658 693 697 85.
713 648 778 700 sqq.
796 649 846 686 ed.
863 648 1027 696 Londin.]
1071 648 1176 685 Olaus
1202 648 1413 685 Rudbeekius
1441 659 1523 698 part.
1539 650 1563 684 1.
1586 647 1769 683 Atlanticae

6 713 35 737 c.
52 709 100 746 38.
128 705 176 738 Io.
193 703 381 754 Chrissoph.
400 707 590 754 Artopoeus
605 702 645 739 de
661 706 790 752 origine
807 702 1008 747 litterarum3
1036 700 1121 738 Frid.
1138 701 1284 751 Sylburg
1307 704 1339 737 in
1360 702 1502 751 Alphab.
1527 714 1647 749 graeco
1671 701 1768 736 Fran-

7 750 74 790 cof.
93 767 173 802 159¹.
189 762 218 798 8.
273 755 430 793 Eusebius
455 754 641 793 Renaudot.
659 767 741 792 tom.
759 758 812 792 111.
868 757 1016 791 Memor.
1048 753 1137 790 acad.
1166 751 1312 805 Inscript.
1344 768 1420 804 pag.
1439 765 1506 801 305.
1525 751 1568 803 sq.
1611 750 1768 789 Erasmus

5 806 96 843 Paul.
113 807 271 859 Vinding.
297 812 330 844 in
352 807 422 845 diff.
447 808 486 845 de
511 809 736 844 inuentoribus
753 808 957 850 litterarum,
989 804 1136 843 Hafuiae
1154 810 1252 844 1660.
1271 821 1301 852 4.
1354 808 1534 842 Bochartus
1557 806 1625 842 Lib.
1643 808 1665 840 Ι.
1680 807 1768 841 Cha-

3 872 92 895 ”2211
114 875 142 895 C.
165 875 218 898 20.

280 863 414 898 Tliom.
438 862 624 899 Miinkerus
655 860 694 896 ad
722 863 901 909 Hyginum
935 858 999 895 sab.
1035 872 1111 904 277.
1135 869 1166 895 et
1190 861 1356 897 lohannes
1376 861 1591 896 Marshamus
1615 861 1763 895 Canonis

5 913 134 951 Chron.
156 928 189 964 p.
211 926 264 957 ¹23
282 912 326 965 sq.
350 915 402 950 vbi
425 912 595 966 speciatim
619 912 660 950 de
683 913 816 950 Cadmo
836 915 1016 964 [Agenoris
1036 912 1086 958 R]
1109 914 1305 955 Phoenicio,
1332 926 1350 948 a
1372 926 1440 963 quo
1460 911 1570 950 literas
1595 906 1768 972 φοινιζιικαῖ

3 1060 57 1088 4ς3
72 1052 103 1080 in
118 1061 180 1093 quo
196 1052 300 1083 eadem
325 1053 417 1083 verba
439 1059 623 1089 occurrunt,
647 1050 855 1094 rescribit-'xx-

1 1094 38 1134 ρι’
52 1095 118 1123 κῖη
134 1094 314 1128 γοῖςἽίλλησι
337 1107 406 1134 xx?-

47 1139 91 1168 De
113 1138 290 1175 Hecataeo,
322 1137 508 1177 Hegesandri
531 1137 617 1176 filio,
639 1138 779 1176 Milesio,
811 1140 856 1169 hi-

1 1179 231 1222 storiographo,
255 1185 332 1223 (qui
349 1181 486 1212 diuersus
502 1183 542 1212 est
559 1183 596 1212 ab
613 1184 783 1219 Hecataeo,
798 1184 856 1213 Ab·

2 1223 112 1260 derita,
129 1224 322 1267 philosopho,
338 1228 445 1256 critico
461 1234 490 1256 et
505 1228 702 1265 grammatico
712 1231 734 1263 ,)
749 1238 778 1257 v.
786 1226 856 1258 Sui-

0 1266 62 1300 das
77 1268 106 1298 h.
123 1280 151 1298 v.
175 1276 205 1300 et
229 1269 372 1301 Eudocia
392 1279 458 1311 pag.
482 1273 541 1307 163.
565 1278 656 1311 atque
681 1269 799 1312 Voffius
819 1270 857 1300 de

0 1308 104 1342 histor.
129 1315 242 1351 graecis
266 1312 319 1345 lib.
349 1316 371 1344 1.
394 1323 458 1355 cap.
484 1324 527 1344 ιο.
559 1315 645 1344 Vixit
668 1308 857 1355 temporibus

0 1355 99 1392 Darii,
123 1367 178 1397 qm
192 1357 255 1398 post
270 1357 437 1393 Cambysen
455 1359 604 1396 regnauit.
651 1358 756 1388 Suidas
773 1367 857 1400 prae-

0 1404 83 1429 terea
103 1409 218 1431 annum
240 1399 323 1431 illius
346 1403 451 1432 aetatis
470 1401 602 1440 adsignat
617 1400 740 1444 Olymp.
764 1404 855 1433 LXV.

3 1440 199 1485 Wfflingio
225 1453 325 1475 tamen
348 1445 385 1475 ad
414 1444 541 1476 Simson.
577 1446 692 1476 Chi-on.
714 1446 792 1476 cath.
817 1445 854 1476 ad

0 1493 27 1515 ι.
44 1497 83 1516 m.
106 1495 177 1525 3485
198 1497 266 1519 ante
284 1491 316 1520 C.
333 1490 374 1520 N.
396 1496 453 1525 5¹8-
475 1491 512 1519 V.
528 1491 561 1519 C.
579 1498 642 1527 234.
660 1489 783 1520 videtur
799 1491 855 1520 cir-

0 1538 34 1560 ea
51 1529 173 1573 olymp.
192 1534 296 1563 Lxlx.
318 1541 348 1562 et
371 1531 546 1574 sequentem
566 1536 698 1563 maxime
720 1532 854 1564 floruisse

0 1573 40 1604 ob
61 1584 112 1611 ea,
149 1586 226 1616 quae
248 1576 425 1607 Herodotus
450 1575 503 1606 lib.
529 1579 566 1607 V.
589 1586 653 1618 cap.
677 1582 721 1614 36.
747 1576 852 1607 refert.

0 1616 177 1649 Herodotus
196 1619 326 1651 multum
350 1619 397 1650 illi
421 1620 532 1651 debere
557 1620 664 1651 fertur.
710 1623 745 1651 In
762 1621 854 1652 Suida

0 1667 99 1692 tamen
117 1671 207 1704 atque
223 1664 355 1694 Eudocia
379 1663 457 1693 male
480 1663 605 1704 legitur:
629 1663 667 1693 τοὶ
681 1664 734 1704 γάρ
748 1663 853 1700 Ἀγησι-

0 1704 57 1733 λοίε
71 1706 212 1736 vossun«.
259 1710 296 1738 At
315 1707 431 1750 [fo-[Ilus
453 1707 489 1738 dc
514 1709 578 1738 hist.
596 1718 641 1748 gr.
657 1707 710 1738 lib.
733 1711 756 1739 I.
779 1719 803 1737 t.
826 1718 852 1738 2.

0 1749 60 1778 iam
83 1753 217 1781 correxit
241 1750 409 1788 ’Λιιεσιλ-ιεε,
445 1762 536 1792 quem
565 1751 708 1793 sequutus
729 1751 854 1782 videtur

0 1793 99 1822 noster
115 1795 279 1825 fauricius.
325 1797 369 1825 De
397 1795 557 1826 Hecataeo
580 1808 608 1827 v.
625 1796 720 1827 Sevin
741 1798 773 1826 in
791 1797 854 1826 Me-

0 1838 88 1866 moir.
115 1837 152 1868 de
186 1837 203 1867 l'
218 1838 308 1869 Aead.
338 1841 402 1869 Par.
425 1839 476 1869 des
499 1841 522 1870 L
543 1848 573 1870 et
593 1842 624 1870 B.
647 1841 680 1870 L.
709 1839 771 1870 vol.
801 1841 854 1871 VI.

0 1889 64 1921 pag.
85 1890 153 1920 472.
173 1880 235 1923 sqq.
255 1885 395 1923 Denique
415 1882 608 1923 Epicharmo
625 1882 726 1914 Siculo
749 1887 855 1914 inuen-

0 1925 113 1954 tionem
135 1923 306 1956 litterarum
328 1937 348 1954 κ
369 1925 431 1958 eth
456 1925 605 1967 Hyginus
625 1926 686 1958 fab.
712 1937 778 1966 277.
801 1927 851 1957 ad-

0 1965 84 1998 serit:
109 1968 264 2000 Cedrmus
280 1980 355 2000 vero
372 1971 404 2000 in
420 1968 484 2000 diff.
502 1970 620 2012 Goenfii
642 1970 678 2001 de
694 1970 850 2001 Simonide

0 2020 27 2052 p.
53 2016 99 2046 86.
121 2013 152 2041 Z.
174 2014 209 2043 Ξ.
234 2015 274 2044 Ψ.
293 2014 377 2044 Idem
401 2021 502 2044 narrat
523 2013 692 2045 Diomedes
722 2017 754 2045 in
781 2014 850 2045 cod.

0 2055 34 2085 D.
54 2057 149 2086 Marci
165 2059 242 2087 Ven.
261 2057 342 2099 apud
363 2055 508 2098 Vmor-‘son
533 2059 564 2087 in
579 2058 692 2088 Aneed.
708 2069 751 2098 gr.
774 2066 794 2088 t.
811 2060 850 2089 11.

0 2107 28 2140 p.
52 2101 187 2138 ¹87.·‘vbi
211 2110 227 2129 a
252 2112 281 2143 p.
302 2105 362 2136 186.
381 2100 418 2131 de
441 2102 656 2132 inuentoribus
679 2100 851 2134 litterarum

0 2144 83 2173 vni-ia
99 2143 293 2175 recensentur
309 2144 434 2175 iudicia.
480 2144 576 2176 Harl.

40 2191 75 2221 e)
98 2189 207 2226 Nugae
243 2187 344 2218 forsan
375 2191 643 2227 grammaticorum
676 2188 735 2220 esse
767 2188 852 2220 vide-

0 2227 123 2267 buntur,
141 2241 219 2272 quae
239 2232 276 2262 de
290 2232 503 2262 inuentoribus
529 2234 620 2262 huius
642 2231 785 2274 illiusque
803 2231 851 2263 lit-

0 2280 79 2304 terae
93 2276 126 2304 in
144 2283 303 2317 Vtramque
320 2283 434 2317 partem
452 2275 652 2317 disputantur.
685 2278 851 2306 Enimuero

0 2314 50 2346 illa
64 2320 210 2358 quaestio,
220 2322 365 2360 quoniam
374 2319 411 2348 ad
425 2319 579 2350 historiam
596 2322 713 2359 ingenii
725 2321 850 2350 humani

0 2366 27 2390 et
41 2360 249 2393 doeh-inarum
266 2365 408 2405 pertinet,
425 2364 576 2405 inprimis
590 2365 663 2404 quia
677 2365 787 2394 veritas
798 2371 850 2393 aut

0 2401 104 2434 fnlfitas
113 2414 163 2436 aut
172 2415 250 2437 aetas
260 2408 450 2437 monumenti
459 2405 613 2436 cuiusdam
623 2409 711 2437 vnice
720 2415 772 2437 aut
781 2417 850 2448 pro-

0 2444 142 2478 babiliter
159 2449 297 2491 cognosci
312 2450 408 2494 potest
422 2458 513 2493 atque
529 2450 728 2484 demonstrari
747 2461 783 2483 ex
796 2449 850 2483 illa

52 2498 123 2531 1²01.
134 2500 164 2533 Ι.

1655 979 1767 1012 σημα-

911 1050 1107 1092 inquifitione
1142 1051 1348 1091 iuuentaeque
1377 1047 1496 1080 litterae
1524 1057 1639 1085 aetate,
1683 1049 1767 1081 haud

910 1097 1037 1125 omnino
1052 1093 1171 1125 inutilis
1187 1095 1244 1130 est,
1277 1103 1376 1134 neque
1399 1103 1414 1121 a
1438 1095 1512 1123 viris
1534 1093 1630 1123 doffis
1648 1100 1763 1124 temere

910 1140 1038 1177 agitata,
1075 1148 1258 1179 quamquam
1282 1139 1313 1168 in
1337 1139 1391 1167 hac
1421 1137 1625 1167 controuersia
1648 1136 1767 1179 semper

911 1192 971 1212 non
987 1181 1232 1212 animaduersum
1247 1182 1299 1218 est,
1315 1181 1382 1211 ficri
1398 1181 1552 1211 interdum
1568 1181 1711 1222 potuisse,
1731 1188 1764 1211 vt

910 1227 941 1256 in
965 1228 1170 1255 monumentis
1195 1224 1324 1266 publicis
1353 1227 1476 1265 antiqua
1497 1225 1714 1266 orthographia
1734 1232 1764 1254 et

911 1268 1005 1311 prisea
1023 1268 1173 1299 scribendi
1198 1271 1276 1299 ratio
1300 1269 1415 1298 diutius
1435 1269 1467 1298 fit
1489 1267 1619 1304 seruata,
1649 1269 1764 1299 etiamsi

910 1322 926 1342 a
944 1311 1101 1343 Palamede
1124 1321 1175 1342 aut
1197 1312 1353 1342 Simonide
1376 1321 1473 1341 nouae
1497 1311 1615 1341 litterae
1637 1311 1763 1343 fuissene

909 1358 1065 1392 inuentae,
1081 1365 1110 1386 et
1126 1357 1163 1386 ab
1180 1356 1356 1386 hominibus
1385 1355 1480 1385 doetis
1503 1354 1658 1396 vulgoque
1681 1365 1762 1385 rece-

910 1409 978 1443 ptae
994 1408 1023 1430 et
1041 1400 1205 1430 adhibitae.
1252 1401 1335 1430 Num
1355 1401 1448 1437 igitur
1468 1407 1548 1429 certa
1561 1407 1639 1429 aetas
1655 1409 1762 1429 monu-

908 1447 1004 1474 menti
1019 1443 1173 1474 cuiusdam
1190 1444 1299 1474 vetusti
1315 1441 1507 1472 solummodo
1523 1453 1558 1472 ex
1575 1441 1626 1473 vsu
1645 1451 1696 1473 aut
1711 1443 1761 1473 ab·

908 1487 1002 1518 sentia
1016 1487 1135 1518 litterae
1156 1488 1247 1517 huius
1270 1485 1318 1516 vel
1342 1485 1424 1516 illius
1441 1486 1582 1516 adcurate
1602 1487 1687 1527 possit
1712 1486 1762 1516 de-

909 1534 1004 1568 finiri,
1023 1530 1138 1561 nescio:
1169 1529 1311 1560 lubenter
1331 1538 1431 1560 tamen
1452 1532 1621 1571 peritorum
1645 1530 1763 1560 iudicio

908 1575 1065 1606 subiiciam
1089 1576 1164 1605 hanc
1194 1572 1480 1604 dubitammculam.
1527 1573 1687 1613 Quidquid
1709 1575 1762 1609 est,

908 1618 1055 1649 eruditiss.
1084 1617 1169 1658 Rykt.
1188 1617 1283 1648 Miclz.
1308 1627 1371 1647 van
1395 1617 1514 1650 Goens,
1545 1627 1640 1657 quum
1662 1617 1760 1647 adhuc

909 1666 940 1694 in
955 1663 1149 1693 vniuersitate
1173 1661 1364 1699 Lugduncnfi
1386 1662 1446 1690 Eat.
1469 1658 1583 1690 litteras
1600 1661 1761 1701 profitere-

907 1715 969 1743 tur,
990 1709 1021 1736 in
1040 1706 1126 1736 doc'ta
1142 1704 1253 1735 dissert.
1272 1705 1308 1735 de
1329 1703 1486 1734 Simonide
1506 1703 1580 1739 Ceo,
1615 1708 1709 1743 poeta
1731 1707 1762 1735 et

906 1750 1094 1792 philosopho,
1130 1759 1199 1780 uam
1217 1747 1298 1778 socio
1313 1747 1408 1777 sumto
1425 1746 1519 1778 Petro
1535 1747 1679 1778 Gerardo
1696 1747 1762 1778 Du-

907 1795 971 1830 ker,
985 1794 1114 1824 Traiec't
1195 1793 1333 1822 Rhenum
1350 1795 1428 1830 1768.
1448 1789 1603 1827 defendit,
1633 1793 1666 1821 in
1682 1793 1761 1833 capi-

909 1840 946 1869 tis
961 1840 1061 1879 quarti
1079 1836 1209 1867 set-'tione
1225 1838 1321 1877 prima
1338 1835 1374 1864 de
1394 1833 1505 1865 litteris
1520 1833 1690 1876 Alphabeto
1708 1834 1760 1866 ad-

911 1883 981 1912 ditis
998 1883 1059 1921 agit
1074 1879 1246 1920 diligenter.
1292 1881 1424 1909 Primum
1442 1877 1574 1909 dissentit
1588 1879 1624 1908 ab
1640 1881 1688 1915 iis,
1703 1879 1759 1921 qni

904 1925 1056 1957 Palamedi
1082 1927 1133 1961 XI,
1153 1926 1223 1955 XVI
1241 1921 1289 1953 vel
1307 1925 1393 1953 xvlt
1415 1920 1527 1952 litteras
1545 1922 1701 1958 tribuunt,
1725 1930 1759 1953 vt

904 1969 1027 2011 Hygin.
1044 1968 1103 1998 fab.
1120 1977 1186 2006 277.
1207 1967 1305 1999 Tacit.
1318 1965 1423 1996 Annal.
1434 1968 1469 1996 11.
1488 1974 1604 2007 cap-¹4.
1622 1966 1666 1997 Io.
1684 1966 1759 1997 Tze·

904 2017 972 2044 tzes
993 2011 1132 2043 Chiliade
1156 2014 1182 2041 S.
1204 2011 1269 2040 hist.
1293 2021 1317 2040 c.
1334 2017 1376 2043 28.
1397 2008 1495 2040 Schol.
1524 2009 1636 2050 Eurip.
1659 2010 1756 2040 Orest.

905 2069 934 2087 v.
950 2067 1014 2095 432.
1043 2057 1129 2086 Tum
1145 2053 1336 2097 persequitur
1353 2052 1478 2084 discidia
1496 2061 1634 2083 veterum
1653 2055 1685 2083 in
1703 2053 1756 2083 de-

907 2102 1047 2131 finitione
1063 2098 1252 2135 litterarum,
1276 2107 1353 2139 quae
1371 2096 1521 2127 Palamedi
1538 2105 1589 2127 aut
1605 2097 1756 2129 Simonidi

907 2144 1066 2184 debentur.
1096 2142 1218 2174 Plinius
1238 2152 1265 2171 e.
1279 2152 1306 2180 g.
1336 2143 1375 2172 H.
1397 2143 1437 2172 N.
1460 2140 1513 2172 lib.
1535 2143 1600 2171 VII.
1630 2151 1692 2182 cap.
1709 2144 1754 2178 56.

905 2188 1045 2218 Cadmeis
1059 2186 1187 2216 sedecim
1203 2195 1332 2216 numero
1347 2184 1454 2215 litteris
1469 2183 1658 2214 Palamedem
1673 2185 1754 2214 Tro-

905 2234 976 2262 iano
1004 2229 1087 2260 bello
1105 2228 1264 2265 adiecisse,
1285 2229 1407 2271 prodit,
1431 2236 1562 2269 quatuor
1585 2229 1638 2258 hac
1658 2229 1755 2266 figura

905 2277 943 2304 Θ.
960 2275 997 2305 Ξ.
1010 2275 1042 2302 Φ.
1059 2275 1101 2309 Χ,
1131 2272 1258 2303 totidem
1284 2273 1347 2314 post
1361 2283 1431 2302 eum
1453 2271 1639 2302 Simonidem
1664 2270 1754 2302 Meli-

905 2319 1058 2349 cumzfl.
1068 2318 1150 2347 Ψ.Ω.
1164 2318 1241 2346 Cum
1255 2315 1323 2346 aliis
1339 2314 1438 2346 Schol.
1449 2318 1539 2354 Greg.
1549 2316 1694 2345 Nazianz.
1715 2314 1754 2346 ad

905 2360 975 2393 Stel.
987 2363 1009 2391 1.
1023 2372 1052 2402 p.
1063 2365 1110 2392 66.
1119 2360 1262 2391 Etribuit
1272 2358 1439 2394 Palamedi3
1463 2357 1514 2389 alii
1524 2357 1612 2388 aliter
1620 2366 1752 2389 narrant.

906 2406 1007 2438 Goens
1028 2403 1048 2435 s.
1062 2403 1189 2436 Ducker
1208 2405 1258 2432 τῶ
1280 2405 1303 2432 Ζ
1321 2412 1349 2433 et
1371 2405 1397 2434 Ξ
1419 2405 1488 2440 Her
1509 2403 1532 2430 Ω
1557 2405 1753 2432 inuentarum

902 2448 1034 2491 gloriam
1058 2445 1192 2480 vindicat
1211 2457 1241 2489 p.
1258 2457 1306 2487 79.
1329 2446 1371 2489 sq.
1394 2446 1560 2481 Simonidi5
1599 2445 1751 2478 Palamedi

1173 2493 1203 2528 C
1210 2505 1230 2528 c
1677 2498 1753 2521 vcro
