2183 2747
2 2154 7 2175 i

4 2184 7 2194 i

777 129 897 168 wius
942 130 1113 168 AT‘rici
1366 133 1440 173 Lar.
1455 137 1501 173 η.
1522 151 1545 174 c.
1557 137 1671 176 XIV.
1778 153 1825 189 ⁴9

162 223 337 262 Postremo
353 225 433 262 loeo
448 228 479 261 in
495 228 556 262 hae
573 224 666 263 claffe
683 240 760 263 cuin
779 229 900 263 eximia
923 226 1022 265 laude
1044 225 1224 266 censendus
1253 228 1296 265 est
1322 230 1528 269 doffliffimus
1556 234 1672 276 Italus,
1709 238 1818 276 Clem.

57 274 196 320 matius,
224 281 331 328 quiin
357 279 519 315 Τναέἶηίιι
538 281 577 315 de
592 281 741 315 Decretis
758 280 1011 331 Atliem'eifium,
1041 285 1273 333 quinquennio
1292 285 1410 320 abhinc
1432 289 1466 322 in
1488 287 1596 323 lucem
1621 287 1752 333 emisso,
1780 291 1821 328 de

58 341 129 380 quo
144 343 228 367 mox
244 332 393 368 dicemus
408 329 609 378 adt-uranus,
638 346 767 383 praeter
789 332 952 384 insignem
980 337 1065 371 lianc
1090 335 1361 385 iurisprudentiae
1388 341 1512 376 Atticae
1534 353 1679 388 partein,
1703 344 1823 381 multas

56 384 312 421 Atheniensium
330 384 432 435 legeS,
459 399 599 436 quarum
611 388 644 422 iii
661 385 852 423 sententiam
869 385 1057 438 caussasque
1073 390 1313 427 Petitusminiis
1327 402 1565 440 penetrauerat,
1591 408 1697 445 neque
1713 401 1825 434 omni-

56 437 130 482 bus,
157 439 274 490 quibus
296 437 405 475 adhuc
420 450 630 492 premuntur,
654 439 898 477 difficultatibus
914 440 1048 478 easdem
1064 440 1268 485 liberauerat,
1297 444 1464 496 eleganter
1480 443 1543 482 fuit
1557 451 1795 499 interpretatus.

649 535 1016 577 CAPVT
1102 539 1239 593 111⁴

126 610 193 641 De
234 611 327 642 HIS
365 611 462 649 Qv1
513 611 871 641 SINGVLARIA
919 611 1074 642 IVRIS
1121 612 1761 650 ATT101ARGVMENTA

504 672 561 702 Ex
602 670 897 702 [NsTiTVTO
934 672 1382 707 PERTRACTARVNT

57 720 254 788 Postquam
269 736 310 775 de
325 737 400 780 illis,
430 741 483 788 qui
501 737 552 774 vel
570 740 718 788 integros
735 739 812 773 iuris
829 739 924 772 Attici
943 740 1205 774 commentarios
1220 738 1500 789 conscripserunt,
1527 743 1580 779 vel
1596 743 1822 794 plurimarum

58 793 174 842 legum
193 792 450 841 explicationem
473 789 652 834 dederunt,
675 787 855 827 vniuerlim
870 789 976 825 locuti
1002 787 1133 827 sumus:
1168 805 1281 829 rerum
1305 792 1391 830 ordo
1413 795 1577 844 postulat,
1610 808 1644 833 vt
1669 811 1726 834 eos
1756 801 1821 836 iam

60 858 384 887 commemoremus,
413 847 465 894 qui
484 847 515 879 in
536 842 671 894 singulis
688 846 766 880 iuris
783 844 879 879 Attici
898 845 1103 892 argumentis
1118 857 1159 879 ex
1181 844 1329 883 instituto
1354 846 1587 897 persequendis
1608 849 1823 888 illustrandis·

58 911 126 948 qne
143 895 275 934 fuerunt
291 895 413 933 vei·sa=i.
471 900 548 946 Qo
565 897 697 947 quidem
715 900 748 932 in
764 910 886 946 genere
902 895 1155 946 inrisprudentia
1170 901 1275 935 Attica
1293 913 1365 936 non
1390 914 1426 937 ea
1451 899 1652 951 scriptorum
1675 904 1821 942 vbertate

58 950 214 995 abundat,
245 963 308 1000 qua
325 954 356 986 in
375 951 533 987 Romano
551 953 619 987 iure
634 950 686 987 vel
701 948 884 986 feliciffiina
902 953 1069 986 memoria
1082 947 1247 999 fatigatur.
1303 954 1415 1001 Qare
1438 955 1471 990 in
1495 965 1581 992 tanta
1605 969 1740 1004 eorum,
1766 960 1822 1007 qui

58 1004 196 1055 singulis
216 1006 294 1041 iuris
314 1004 434 1054 publici
450 1007 635 1054 priuatique
650 1001 906 1041 Atheniensium
925 1004 1082 1052 capitibus
1099 1016 1235 1052 operam
1253 1005 1510 1055 impenderunt,
1538 1012 1696 1056 paucitate
1726 1010 1823 1047 nobit

58 1056 245 1095 admodum
265 1058 400 1093 breuem
418 1057 610 1107 catalogum
626 1067 806 1094 contexere
819 1056 948 1093 licebit:
982 1069 1086 1106 quein
1108 1054 1163 1092 sub
1189 1061 1284 1094 certis
1310 1059 1433 1100 titulis,
1466 1061 1621 1098 ordinem
1645 1062 1824 1100 pandecta.

58 1125 136 1150 rum
153 1114 234 1149 Iuris
248 1113 362 1156 Attici,
385 1125 404 1146 a
420 1112 527 1147 Petito
541 1109 718 1154 editarum,
743 1107 856 1154 secuti,
885 1109 1156 1160 iurispi·udentiae
1173 1114 1300 1148 Atticae
1318 1112 1500 1150 cultoribus
1514 1128 1603 1151 nunc
1618 1116 1821 1154 exhibemus.

766 1202 850 1225 LIB.
876 1202 902 1225 1.
959 1202 1055 1226 TIT.
1085 1204 1110 1227 Ι.

204 1243 269 1279 De
306 1242 494 1279 Deorum
533 1241 665 1288 cultu,
697 1240 844 1289 sacris
880 1242 1069 1283 aedibus,
1109 1242 1259 1278 diebus
1285 1243 1426 1293 festis,
1467 1252 1505 1282 et
1545 1246 1670 1285 ludis,

161 1313 375 1360 Praecipuani
393 1313 487 1348 liuius
505 1311 589 1348 tituli
604 1321 728 1360 partem
745 1310 892 1347 efficiunt
907 1310 996 1361 leges
1013 1310 1053 1349 de
1069 1311 1251 1357 Mysteriis.
1313 1313 1416 1362 Qod
1439 1327 1675 1364 argumentum
1701 1314 1821 1352 abstru-

57 1363 146 1408 sum,
174 1376 204 1400 et
221 1378 262 1400 ex
279 1365 403 1401 vltimis
421 1366 623 1414 antiquitatis
639 1363 780 1400 tenebris
798 1363 997 1405 eruendum,
1026 1365 1101 1415 post
1121 1364 1196 1402 Gul.
1214 1366 1483 1403 Warburtonum
1504 1378 1535 1404 et
1556 1371 1602 1408 10.
1623 1367 1821 1412 Lelandum‚

58 1431 149 1455 noua
165 1420 304 1459 ratione,
333 1429 363 1454 et
385 1432 464 1454 cum
488 1415 607 1467 insigni
634 1418 740 1453 variae
762 1431 799 1453 ac
821 1417 1010 1453 reconditae
1030 1417 1228 1455 eruditionis
1257 1417 1412 1469 adparatu
1433 1419 1580 1457 excoluit
1606 1422 1822 1462 Sancruceus,

57 1469 114 1518 (de
131 1470 393 1520 Sainte-Croix)
416 1473 508 1507 cuius
533 1473 668 1519 ingenio
691 1467 795 1519 sagaci
817 1470 1001 1519 respublica
1025 1471 1180 1507 litteraria
1201 1469 1296 1507 debet
1319 1486 1402 1522 opus
1425 1471 1504 1509 illud
1531 1472 1822 1524 elegantitsimum‚

57 1537 254 1574 magnoque
272 1522 492 1559 litteratiffiini
506 1525 665 1572 cuiusque
678 1520 792 1572 plausu
809 1534 1000 1573 exceptum,
1033 1526 1102 1560 hoc
1127 1524 1247 1560 titulo:
1284 1527 1515 1563 Commentarii
1535 1528 1571 1562 dc
1596 1526 1729 1573 historia
1749 1529 1822 1562 reli-

54 1579 166 1626 gionis
180 1589 314 1613 arcanae
328 1578 418 1624 apud
432 1578 583 1623 antiquos
595 1576 747 1622 populos,
763 1576 836 1626 stite
853 1576 1060 1625 Quaestiones
1075 1577 1237 1626 historicae
1252 1585 1283 1613 et
1308 1581 1432 1615 criticae
1455 1580 1492 1614 de
1515 1580 1686 1628 Mysteriis
1709 1580 1823 1615 Genti.

59 1632 138 1666 lium
153 1627 343 1675 (Ma'moires
353 1642 444 1677 pour
451 1630 563 1678 servir
575 1626 595 1664 ἀ
612 1628 632 1662 l·
648 1628 777 1675 histoire
793 1631 831 1665 de
846 1629 879 1664 la
895 1631 1037 1679 religion
1045 1631 1170 1679 secrete
1184 1632 1238 1665 des
1254 1634 1381 1668 ancien:
1391 1633 1536 1679 μιαρίαν,
1563 1645 1605 1667 ou
1630 1631 1822 1668 Recherclm

58 1683 248 1731 historiques
264 1688 294 1718 ct
308 1682 535 1731 critiquessur
549 1681 594 1717 les
611 1678 774 1730 Mgfieires
788 1683 832 1718 du
854 1683 1072 1731 Paganisme)
1099 1683 1212 1731 Paris
1235 1692 1320 1728 1784.
1340 1693 1370 1724 8.
1423 1686 1477 1721 De
1499 1697 1566 1735 quo
1588 1683 1724 1735 quidem
1749 1682 1823 1722 scri-

59 1747 156 1787 ptore
171 1735 267 1772 liceat
282 1735 375 1772 nobis
392 1733 547 1785 vsurpare
567 1733 743 1783 elogium,
770 1734 809 1771 ab
830 1735 1020 1785 Augustino
1043 1737 1117 1772 Lib.
1146 1736 1217 1773 VI.
1247 1739 1284 1773 de
1306 1737 1409 1775 Ciuit.
1432 1737 1502 1775 Dei
1524 1751 1549 1775 c.
1565 1751 1592 1773 2.
1628 1736 1821 1775 doc‘iiss'imo

59 1790 314 1832 Romanorum,
341 1790 393 1826 M.
407 1790 574 1825 Terentio
593 1790 749 1829 Varroni.
773 1796 912 1838 propter
931 1791 1180 1838 Antiquitatum
1196 1788 1300 1825 libros
1320 1791 1491 1834 tributum,
1517 1792 1566 1826 his
1582 1790 1704 1826 verbis:
1742 1791 1824 1838 Quis

60 1842 218 1890 curiostus
233 1842 292 1889 ista
313 1841 495 1892 quagfiuit?
530 1843 601 1890 quis
617 1843 741 1877 inuenit
757 1841 911 1878 dontius?
943 1845 1018 1891 quis
1040 1842 1251 1892 considerauit
1274 1842 1456 1880 attentius?
1489 1845 1561 1890 quis
1585 1843 1734 1891 distinxit
1754 1856 1826 1879 acu-

60 1895 154 1931 tius?
181 1898 254 1943 quis
270 1896 456 1942 diligentius
466 1895 658 1941 pleniusque
673 1893 881 1943 confiripsit?
915 1895 968 1931 De
985 1895 1076 1931 cultu
1095 1895 1265 1945 religionis
1281 1896 1445 1945 publicae,
1470 1893 1639 1932 sacrorum
1656 1896 1825 1943 ministris,

61 1958 93 1985 et
107 1946 300 1984 criminibus
316 1958 432 1984 eontra
448 1948 648 1996 religionem
666 1946 849 1983 comniissis
865 1944 1014 1990 suauiter,
1042 1958 1075 1984 vt
1092 1946 1186 1993 solet,
1212 1946 1643 1986 differuitBartholomaeus
1655 1949 1824 1999 Descript.

61 2002 144 2039 ltin.
159 2000 342 2051 Anachars.
356 2003 430 2038 Iun.
447 2012 514 2048 cap.
533 2000 644 2036 XXI.
669 2000 763 2037 Tom.
779 2001 832 2039 II.
841 2013 879 2047 p.
890 2001 1059 2050 331.scqq.

756 2090 842 2115 Lux.
869 2092 896 2116 1.
951 2092 1048 2116 T1'r.
1078 2093 1126 2115 Χῖ.

647 2130 711 2166 Dc
748 2132 966 2168 Sacrorum
1002 2131 1226 2179 Ministrir.

166 2200 306 2252 Insignis
323 2198 361 2236 ad
379 2201 581 2236 memoriam
601 2198 645 2235 est
665 2199 716 2235 lex
733 2199 772 2236 de
789 2199 920 2237 duobus
936 2201 1120 2247 Cerycibus
1137 2199 1302 2246 Mysticis,
1329 2213 1369 2235 ex
1387 2201 1557 2237 Athenaeo
1581 2202 1615 2237 iii
1638 2202 1727 2237 hunc
1752 2203 1826 2239 titu-

23 2254 28 2302 ὶ
66 2254 138 2292 lum
154 2269 172 2291 a
187 2257 291 2292 Petito
310 2253 418 2290 relata.
476 2251 577 2300 Qiod
596 2264 828 2303 argumentum
848 2254 974 2296 nobile,
999 2265 1031 2290 et
1044 2267 1167 2303 magna
1191 2252 1291 2289 simul
1315 2251 1510 2288 difficultate
1534 2255 1747 2302 implicatum
1770 2254 1825 2290 ad·

67 2307 176 2345 curate
193 2318 224 2344 et
241 2306 340 2343 <lodie
357 2304 490 2342 excussit
507 2307 613 2341 chr.
637 2309 722 2355 Aug.
747 2308 932 2342 Zeibichius
953 2306 1042 2355 Diffi
1067 2308 1105 2342 de
1130 2306 1302 2354 Cerycibus
1328 2306 1479 2353 Mysticis
1510 2307 1650 2343 Witteb.
1675 2319 1751 2352 1752.
1785 2305 1825 2343 ad

69 2373 169 2410 quam
185 2372 296 2397 tamen
312 2356 484 2404 symbolas
503 2357 628 2395 videtur
646 2357 819 2395 contulisse
836 2363 886 2397 10.
905 2361 992 2397 Dan.
1009 2360 1160 2402 Ritterus‚
1188 2372 1257 2407 quo
1274 2357 1419 2408 praeside
1435 2372 1507 2408 pars
1527 2363 1619 2409 prior
1633 2360 1767 2410 publice
1785 2359 1824 2396 ad

67 2412 303 2462 disputandum
322 2410 384 2448 fuit
402 2409 580 2460 proposita.
635 2413 707 2447 Pars
724 2413 904 2462 posterior,
931 2426 995 2462 qua
1023 2414 1108 2448 lianc
1130 2413 1242 2460 legem
1269 2414 1408 2448 Atticam
1434 2415 1591 2461 exponit,
1618 2427 1681 2464 pro
1704 2412 1825 2449 tuenda

69 2464 251 2503 casauboni
270 2462 440 2508 sententia.
468 2467 568 2501 etiam
585 2462 806 2515 &Vess'elingio
823 2466 972 2517 probata,
999 2468 1105 2502 Petito
1122 2475 1219 2517 atque
1234 2467 1369 2502 Pottero
1387 2462 1436 2502 est'
1449 2464 1612 2516 opposita.

0 2524 6 2539 l

0 2548 7 2556 υ

113 2527 182 2561 Vei.
193 2527 239 2560 II.
1028 2519 1059 2556 G
1668 2533 1688 2554 i,
1700 2533 1710 2554 1
1723 2533 1751 2555 B.
1782 2532 1828 2554 11.
