2071 2747
718 98 893 135 LAVDES
1238 97 1314 135 Lib.
1327 98 1378 135 11.
1391 97 1533 137 e.XXl.
1636 107 1696 145 359

0 209 23 234 n
36 193 240 247 philosopho
259 195 482 246 hisluricoque
497 207 567 230 non
583 197 706 238 minus,
722 208 823 244 quam
837 196 1066 245 humanitatis,
1093 196 1294 244 antiquitatis
1310 193 1620 246 elegantiarumque
1635 193 1699 230 ssu-

4 247 37 286 so
55 247 117 285 esse
133 249 321 299 perutilem.
379 251 422 284 Vt
439 261 517 284 vero
534 247 590 283 ille
606 248 774 283 virtutibus
787 280 796 295 ‚
823 251 867 284 ita
883 250 965 284 vitiis
987 249 1091 284 animi
1114 251 1339 298 orationisque
1361 246 1526 284 excelluit.
1580 245 1698 296 Splen-

1 316 58 339 um
86 316 121 337 ac
144 300 438 339 t'oscundissimum
460 304 493 336 in
516 313 557 336 eo
574 304 678 336 inerat
694 303 867 349 ingenium
879 330 889 345 ,
915 299 955 336 ad
973 297 1117 346 satyram
1133 298 1224 350 quast
1240 314 1310 337 non
1323 299 1460 344 fidium,
1487 298 1542 338 sed
1556 310 1698 346 natum5

0 368 70 391 ama
86 366 117 391 et
129 354 309 404 gratillima
325 357 483 390 orationis
503 356 619 403 copia,
641 354 803 389 vrbanitas
830 367 868 390 ac
895 351 1068 398 sestiuitas3
1094 350 1173 390 sales
1186 353 1359 403 aculeique
1376 356 1548 400 acerrimi,
1575 356 1636 396 ita,
1660 362 1697 390 vt

0 407 116 457 {ellum
132 410 258 443 ciuium
275 405 425 449 suorum,
442 409 618 457 praecipue
635 409 879 456 potentiorum,
897 404 991 442 suiffe
1010 406 1182 443 videretur.
1229 409 1352 457 Aperte
1367 404 1539 444 insediatus
1556 405 1602 443 est
1617 407 1694 442 vitia

0 471 141 510 tntaque
161 470 192 496 et
215 463 347 496 iniurias
371 460 606 510 improborum
629 472 815 509 eorumque
837 456 1006 509 ipsorum,
1041 462 1095 510 qui
1116 462 1150 495 in
1171 458 1365 510 magistratu
1386 459 1475 496 male
1497 472 1570 496 rem
1595 455 1697 508 geffu-

0 523 25 552 ιτ.
77 514 206 550 Omnes
221 526 292 549 non
308 510 417 548 solum
436 509 510 548 suae
525 515 648 562 patriae
671 516 839 555 comicos,
869 515 898 548 vi
919 515 1066 554 comica,
1093 515 1210 562 gratia,
1231 513 1452 564 popularitate
1474 527 1511 549 ac
1525 511 1695 562 leporibus

0 579 15 602 [ι
34 568 167 607 minus,
189 579 291 616 quam
312 566 485 602 acerbitate
499 561 660 602 sermonis
676 561 837 614 superasse
851 564 998 610 videtur3
1034 562 1150 600 saltem
1174 567 1314 602 nomina
1334 564 1473 602 illorum
1489 562 1696 606 obscurauit3

13 620 112 654 etiam
130 616 252 659 nescio,
273 632 315 653 an
333 631 452 662 omnes
466 620 665 654 recentiores
680 620 803 654 vicerit.
859 618 1001 653 Brunck.
1021 619 1121 667 igitur
1137 621 1170 653 in
1182 621 1268 654 notis
1285 617 1326 654 ad
1340 618 1510 668 Aristoph.
1521 617 1609 654 Nub.
1625 619 1694 652 init.

0 684 20 721 g.
36 674 76 717 65
94 669 139 721 sq.
164 671 422 721 Aristophanem
445 671 486 706 ab
508 672 625 706 iniuria
648 667 837 720 inscitiaque
855 670 1005 706 Voltarii
1021 673 1054 705 in
1070 672 1190 706 Lexico
1205 668 1459 721 philosophico,
1487 684 1562 707 voc.
1579 666 1696 710 Athe'c,

0 724 110 759 lueisme
125 723 255 760 abunde
268 723 450 766 declarata,
477 722 528 759 vbi
548 723 714 759 Voltarius
731 726 876 759 Comico
892 723 1006 759 nostro
1022 725 1163 774 principi
1178 737 1307 760 nomen
1325 735 1357 759 et
1378 726 1546 760 honorem
1562 724 1696 763 comici,

0 789 54 814 mo
73 790 153 813 vero
176 788 295 828 poetae
314 779 424 826 inepte
451 775 634 826 stolidoque
655 775 818 824 abnegare
840 775 937 811 audet
983 775 1168 819 vindicans,
1191 778 1298 813 rec'ie:
1331 777 1449 827 „Ng'stss
1477 778 1539 820 ait,
1567 773 1697 822 Arasto-

0 841 64 864 mes
73 836 171 876 poeta
184 828 246 877 est,
277 830 371 865 nobis
391 828 520 872 dicant,
549 842 648 879 quem
667 827 922 864 comoediarum
940 807 1133 878 lcriptorcm
1152 839 1269 878 poetae
1286 831 1426 865 nomine
1446 828 1577 879 dignari
1595 840 1697 878 opor-

0 891 28 918 t:
54 882 113 932 ⁷¹}st
123 885 256 918 comicus
270 883 351 917 ia'em
368 882 422 929 est,
447 882 541 917 nobis
558 879 665 917 rursus
681 880 804 924 dicant,
833 882 965 917 vbinam
982 885 1133 929 gentium
1149 883 1280 918 vberior
1296 879 1426 929 salium,
1453 884 1622 923 iocorum,
1645 876 1695 916 fa-

0 937 170 984 farumque
193 933 270 970 sons
286 937 420 984 reperiri
438 945 545 984 queat.
602 936 713 984 Qam
740 932 838 970 facile
861 934 917 970 isia
942 938 975 969 in
992 935 1182 970 Voltarium
1207 937 1390 984 retorqueri
1412 932 1551 985 poffint,
1577 931 1697 975 sciunt,

0 990 148 1037 iantiqua
166 998 197 1023 et
220 1000 309 1023 noua
333 986 470 1038 perinde
490 985 683 1036 intelligunt
709 1000 816 1037 eoque
834 987 966 1036 pollent
988 983 1100 1034 sensu,
1125 990 1180 1037 qui
1201 986 1241 1023 ad
1264 1001 1383 1024 eorum
1406 989 1696 1038 comparationem

0 1050 28 1075 te
43 1039 273 1076 instituendam
293 1043 475 1090 requiritur.
487 1046 503 1058 ¹⁶
555 1042 682 1076 Auctor
699 1052 835 1088 graecus
859 1041 935 1091 περὶ
958 1040 1019 1082 τῆς
1041 1036 1216 1089 ἕὶοιφερὸἷς
1239 1037 1500 1092 χαρακτήρων,
1526 1042 1560 1075 in
1583 1037 1697 1074 Prole·

0 1095 102 1128 menis
122 1091 162 1128 ad
180 1093 305 1129 Kiisleri
321 1093 502 1128 editionem
516 1107 549 1142 p.
568 1095 623 1128 M.
641 1091 682 1128 de
700 1095 856 1139 Cratino,
882 1092 1049 1142 Eupolide
1074 1104 1171 1142 atque
1187 1094 1406 1142 Aristophane
1434 1091 1599 1132 iudicans,
1623 1089 1639 1129 ὅ
1663 1085 1698 1128 δὲ

0 1142 192 1194 μςοφοὶνης,
216 1149 278 1189 ait,
304 1144 362 1184 τὸν
384 1147 485 1194 μέσον
511 1141 666 1186 §Ariadne
687 1146 754 1183 τῶν
779 1142 902 1195 οἰνδζοῶν
925 1145 1170 1197 χαρακτῆξοι’
1197 1143 1262 1185 §re
1284 1144 1359 1196 *γάρ
1380 1142 1498 1197 nanee}
1518 1147 1600 1184 λίαν
1617 1143 1696 1184 ἔςῖν»

0 1213 62 1249 περ
79 1197 94 1236 ὅ
112 1202 297 1248 Κρατῖνος,
323 1196 388 1238 ἔτε
402 1200 560 1248 >caele-⁴5,
584 1195 699 1248 ὥσπερ
716 1197 731 1236 o‘
747 1195 914 1237 Εὕπελις·
942 1195 1030 1237 ἁλλ’
1052 1202 1131 1248 ἔχει
1155 1214 1212 1245 χρη
1234 1197 1322 1249 πρὸς
1336 1194 1399 1238 ‘teir
1415 1195 1697 1248 ἁμαρτάνοντας

3 1246 150 1302 evade&
165 1252 212 1290 τέ
229 1254 398 1302 Kena-rive,
424 1248 483 1299 aas*
500 1248 542 1289 τὸ
563 1252 624 1295 τῆς
647 1247 884 1301 ἐπιτρεχέσης
904 1249 1057 1302 χάριτος
1077 1246 1273 1290 Εόπᾶλιδος.
1335 1253 1405 1288 Nec
1429 1254 1561 1286 minora
1583 1260 1697 1286 tamen

0 1307 82 1340 bunt
95 1306 171 1339 vitia
185 1306 286 1339 animi
303 1315 333 1340 et
350 1302 552 1340 fabularum.
606 1304 663 1340 Nil
678 1302 788 1339 dicam
806 1302 847 1339 de
863 1306 946 1339 vitiis
962 1302 1217 1340 comoediarum
1237 1317 1432 1353 graecarum
1458 1305 1592 1339 internis
1614 1314 1699 1351 quae

0 1360 29 1405 jn
41 1356 174 1407 reliquis
189 1359 314 1404 graecis
331 1359 468 1393 comicis
483 1357 596 1392 habuit
611 1359 807 1392 communia
819 1385 829 1399 ,
857 1355 898 1392 de
913 1356 1068 1406 negleclo
1086 1359 1222 1392 aelionis
1245 1356 1379 1398 ordine,
1407 1370 1466 1391 nec
1496 1353 1566 1391 satis
1587 1364 1700 1389 curate

0 1403 101 1460 quue
115 1408 275 1458 explicitis
294 1409 552 1451 characteribus,
578 1408 619 1445 de
635 1408 858 1446 immoderata
884 1408 1095 1459 {iugulorum
1119 1411 1299 1444 hominum
1325 1408 1568 1458 carpendorum
1592 1404 1699 1443 libidi-

0 1482 14 1507 4
45 1474 128 1512 quae
146 1461 342 1498 comoediae
364 1465 439 1498 vitia
462 1465 627 1498 recentior
649 1472 734 1497 aetas
756 1462 956 1498 emendauit.
1006 1461 1238 1511 Aristophani,
1265 1463 1308 1496 vti
1335 1462 1466 1510 reliquis
1492 1462 1644 1510 antiquae
1666 1467 1699 1494 et

0 1511 78 1561 &iae
95 1513 292 1550 comoediae
309 1517 427 1564 poetis,
444 1512 633 1557 sufficiebat,
660 1512 722 1550 risu
740 1513 896 1550 diducere
910 1517 1032 1551 ridlum
1050 1514 1219 1550 auditoris.
1275 1516 1373 1563 Atqui
1395 1514 1565 1562 Bar-nesius
1581 1515 1616 1548 in
1633 1513 1699 1547 vita

0 1565 112 1617 nipidis
132 1564 165 1615 §.
181 1567 220 1600 V.
237 1565 366 1603 excusat
382 1569 565 1603 Comicum
578 1593 588 1607 ,
617 1565 708 1616 quod
731 1567 847 1603 crebro
867 1565 1033 1616 sugillauit
1056 1567 1152 1602 illum
1171 1569 1344 1615 tragicum.
1400 1564 1463 1601 Sed
1485 1565 1525 1601 de
1547 1562 1635 1601 hisce
1653 1565 1700 1599 vi·

0 1616 211 1655 §consulendi
225 1616 298 1655 sunt
313 1620 470 1655 salzerus
485 1619 507 1657 l.
523 1634 569 1655 m.
584 1633 658 1656 voc.
676 1619 861 1662 comoeda,
888 1620 1008 1669 aliique
1025 1622 1100 1655 artis
1114 1623 1263 1669 poeticae
1285 1616 1468 1668 scriptores.
1521 1619 1559 1653 ln
1578 1615 1701 1653 Aristo-

0 1672 86 1710 aneis
106 1670 261 1722 equidem
283 1669 400 1708 fabulis
421 1672 510 1708 haud
532 1670 696 1708 frenatam
720 1672 891 1722 linguam,
917 1676 1058 1708 nimiam
1082 1670 1250 1708 lasciuiam
1264 1699 1273 1713 ,
1300 1673 1550 1720 proteruitatem
1572 1680 1604 1706 et
1626 1683 1699 1719 per-

105 1723 247 1760 studium
262 1722 354 1768 risus,
379 1738 457 1760 cum
475 1723 602 1761 damno
620 1738 754 1775 quoque
775 1726 994 1762 honestorum
1018 1727 1252 1774 bonorumque
1271 1726 1414 1767 ciuium,
1442 1720 1699 1764 commonendi,

11 1776 13 1779 ⁴
69 1791 87 1813 e
103 1788 244 1826 nequeo.
297 1779 414 1827 Neque
431 1777 490 1814 diis
513 1791 619 1827 neque
641 1778 854 1820 hominibus,
880 1781 979 1814 etiam
1002 1775 1161 1821 summis,
1188 1788 1220 1812 et
1236 1779 1449 1819 afficior-itate,
1474 1777 1579 1826 gratia
1591 1773 1700 1824 digni-

3 1848 33 1869 03
51 1842 83 1865 e
96 1832 131 1865 in
147 1828 314 1878 republica
330 1830 524 1877 valentibus,
537 1833 700 1880 pepercit:
728 1841 758 1866 et
775 1841 888 1866 tamen
904 1832 1028 1867 ciuibus
1043 1830 1239 1881 placuerunt
1254 1832 1320 1864 eius
1336 1827 1479 1871 fabulae,
1505 1843 1556 1872 ae,
1584 1841 1702 1878 quam-

33 1902 48 1911 ι.
69 1879 135 1932 ipse
147 1882 331 1918 calumnias
346 1893 444 1932 atque
458 1881 746 1932 reprehensionem
764 1881 911 1932 effugere
926 1897 997 1920 non
1013 1892 1162 1933 poterat,
1186 1889 1220 1917 vt
1235 1881 1422 1931 plurimum
1444 1881 1591 1918 tulerunt
1611 1880 1704 1931 plau·

27 1976 33 1984 .
92 1936 217 1970 Verum
234 1937 322 1970 enim
339 1947 418 1971 vero
437 1935 546 1983 Plures
562 1933 699 1970 fuerunt
714 1933 862 1983 caussae,
887 1950 947 1972 cur
962 1935 1214 1985 Arissophanes,
1240 1934 1317 1970 licet
1332 1933 1411 1970 deos
1428 1931 1518 1984 quasi
1533 1936 1703 1970 homines-

16 1983 198 2032 --ssfleess‘enffi
219 1997 345 2023 tantam
360 1986 617 2038 consequeretur
630 1989 861 2024 audieritatem
878 1992 1076 2037 veniamque
1092 1990 1206 2024 onmia
1223 1990 1360 2036 impune
1373 1985 1515 2023 dicendi.
1556 1987 1609 2023 De
1625 1996 1704 2022 ortu

15 2058 42 2067 ==
71 2049 104 2076 et
124 2050 239 2075 natura
264 2038 407 2076 deorum
430 2040 570 2077 meliora
595 2039 703 2077 edocli
725 2041 825 2076 multi
848 2039 1060 2078 Athenienses
1083 2041 1214 2076 liberius
1237 2037 1387 2076 differere
1404 2037 1568 2076 solebant:
1595 2052 1703 2089 neque

74 2110 91 2122 ιι
123 2091 291 2135 conditio,
318 2093 524 2130 infirmitates
546 2091 761 2143 facinoraque
782 2094 846 2129 illis
871 2106 963 2130 erant
990 2097 1168 2142 incognita.
1222 2095 1351 2128 Praeter
1368 2106 1406 2128 ea
1425 2096 1460 2128 in
1474 2093 1598 2138 mythis
1613 2095 1702 2128 varia

6 2188 8 2192 ,
79 2156 136 2187 en,
162 2157 244 2194 quae
259 2144 339 2182 deos
355 2145 489 2188 decent,
516 2144 557 2182 de
573 2147 623 2181 his
637 2156 731 2181 erant
745 2158 874 2196 recepta
891 2159 922 2183 et
935 2148 975 2183 ab
989 2146 1226 2196 antiquioribus
1241 2148 1346 2194 poetis
1362 2146 1575 2195 promulgata
1593 2147 1703 2181 variis-

36 2193 201 2233 fflloribus
219 2207 250 2233 et
266 2199 507 2234 narrationibus
523 2208 650 2240 ornata,
674 2198 725 2234 vel
741 2197 913 2248 deturpata
929 2203 1050 2249 petiuS.
1092 2200 1138 2235 Ea
1154 2198 1205 2233 vel
1223 2198 1353 2246 plebem
1372 2212 1412 2234 eo
1427 2200 1538 2234 minus
1552 2196 1701 2234 offende-

7 2246 28 2276 Ἰ·
45 2269 58 2290 4
79 2251 237 2299 quoniam
253 2261 346 2286 antea
363 2251 415 2286 vel
430 2254 463 2287 in
478 2249 608 2287 scenam
628 2249 769 2287 deorum
785 2255 895 2298 mythi
917 2263 948 2289 et
963 2250 1098 2287 ridicula
1111 2250 1152 2286 ad
1169 2248 1269 2286 risum
1292 2250 1446 2287 ciendum
1464 2249 1600 2287 suerunt
1624 2264 1701 2300 pro-

21 2301 46 2330 ¹·
64 2325 73 2334 ·
121 2301 217 2338 Tum
234 2303 365 2352 publica
381 2304 499 2352 religio
522 2305 629 2352 magis
643 2305 836 2340 cernebatur
857 2316 888 2341 et
911 2305 1132 2341 celebrabatur
1154 2306 1363 2340 caerimoniis
1386 2303 1583 2354 quibusdam
1605 2314 1703 2353 atque

27 2348 141 2396 ἱῆἰίε,
163 2366 266 2442 quam
282 2358 401 2405 pietate
416 2370 559 2405 veraque
573 2355 716 2392 deorum
741 2354 956 2393 obseruantia.
1010 2359 1120 2406 Qare
1145 2368 1280 2392 cautum
1301 2367 1429 2393 tantum
1454 2354 1536 2400 fuit,
1563 2370 1604 2392 ne
1629 2359 1701 2406 quis

50 2420 64 2434 ·¹
78 2405 103 2434 ’-
186 2419 241 2443 eos
255 2421 450 2460 nouamque
465 2409 664 2460 religionem
678 2407 815 2450 inferret
828 2414 863 2447 in
880 2413 1045 2447 ciuimtem
1057 2438 1067 2453 ,
1093 2409 1330 2461 pristinamque
1344 2412 1388 2447 ita
1403 2413 1544 2448 omnino
1569 2409 1702 2445 tolleret

1487 2462 1698 2511 religionem.
