2183 2747
545 127 612 165 ET
642 129 938 167 EDITIONIBVS
973 131 1223 168 SOPHOCLIS
1301 133 1376 171 Lib.
1391 135 1443 170 11.
1458 147 1482 172 c.
1497 134 1582 173 XV
1581 138 1634 173 II.
1713 152 1769 185 2¹7

19 237 88 275 quo
111 223 244 267 codice,
279 226 383 275 Soph.
409 224 599 274 tragoediae
622 224 674 262 sex
697 239 774 262 cum
807 225 1030 277 expositione,
1062 238 1144 278 trag.
1168 239 1249 276 tres,
1285 232 1384 274 Aiax,
1419 232 1566 274 Ele-dira,
1600 234 1764 285 Oedipus:

14 291 46 328 p.
61 291 91 324 7.
110 281 209 320 Aiax,
238 280 316 314 item
335 282 416 315 Aiax
433 291 462 314 et
479 279 610 315 Electra
627 293 705 316 cum
729 277 874 315 scholiis:
903 294 935 330 p.
952 293 1001 325 34.
1021 294 1069 315 nr.
1088 285 1164 327 962.
1181 283 1366 332 Sophocles
1381 284 1517 321 mutilus
1534 301 1611 322 cum
1635 290 1764 337 quibus-

12 329 90 367 dam
107 333 366 368 inter-linearibus
383 332 666 381 explicationibus.
695 354 745 362 --
777 334 814 368 ln
832 332 979 371 biblioth.
1000 332 1162 382 Chiggia‚
1190 336 1328 376 Romae,
1357 351 1388 385 p.
1407 351 1468 384 ¹75·
1487 342 1522 373 Α.
1545 341 1712 386 Sophocles
1732 353 1763 379 et

11 383 178 421 Nicander
193 399 270 421 cum
293 383 424 420 scholiis
442 387 472 420 in
490 384 565 421 cod.
583 388 714 422 receuti.
741 406 791 412 —
820 387 855 421 In
873 386 947 421 bibl.
967 386 1122 424 Ottobon.
1141 390 1278 431 Romae,
1303 403 1333 438 p,
1354 401 1420 434 187.
1438 392 1597 441 Sophocl.
1613 407 1681 429 non
1708 409 1763 430 an.

12 440 119 488 tiquus
134 437 210 474 cod.
239 458 291 464 —
317 441 355 473 ln
373 438 449 473 bibl.
467 438 686 485 Neapolitana
702 440 731 474 S.
751 439 881 474 Ioannis
899 437 939 474 dc
955 439 1145 476 Carbonara
1164 442 1333 490 Augustin.
1353 456 1426 492 pag.
1443 455 1506 483 231.
1526 447 1564 480 A.
1584 447 1760 493 Sophoclis

7 500 93 539 trag.
110 489 184 526 cod.
199 491 390 536 bombycin.
416 488 493 527 saec.
510 493 596 527 XIV.
635 512 685 518 —
720 492 925 533 Florentiae,
956 495 989 527 in
1015 492 1090 529 bibl.
1110 495 1304 530 Monasserii
1329 495 1616 534 Benediclinorum
1634 500 1668 535 B.
1685 501 1758 536 Ma-

8 545 92 587 riae,
120 558 151 593 p.
168 550 239 589 411³.
259 547 295 579 E.
322 544 431 594 plures
463 543 560 580 codd.
589 546 644 594 qui
667 547 839 580 continent
859 545 1089 593 Tragicorum
1114 549 1215 582 trium
1238 547 1439 597 tragoedias:
1469 553 1502 585 in
1527 552 1576 586 his
1600 565 1683 587 vnus
1711 567 1758 589 re-

8 594 164 646 scriptus,
191 599 224 633 in
241 611 309 647 quo
324 594 523 647 descriptum
539 596 621 633 olim
639 607 707 632 erat
722 608 812 632 vetus
834 597 1066 633 testamentum
1089 601 1278 637 charactere
1299 602 1417 637 vnciali
1441 616 1457 637 a
1484 600 1615 640 saeculis
1633 608 1759 642 circiter

7 649 205 687 duodecim:
233 664 370 693 verum,
399 650 511 686 deletis
526 664 629 700 paene
645 651 829 699 prim-ihm,
857 647 1041 686 substitutus
1055 649 1134 688 saec.
1152 654 1223 690 XII.
1242 668 1360 690 eorum
1381 655 1458 690 loco
1480 657 1665 706 Sophocles
1686 656 1758 695 suit.

7 722 58 731 —-
80 704 132 738 De
157 701 254 739 codd.
275 703 352 739 bibl.
376 705 612 738 Laurenti-anae
636 702 754 740 medie.
778 702 891 752 possea
923 717 1078 753 agemus:
1111 708 1154 741 vti
1178 720 1312 756 quoque
1333 706 1374 744 de
1398 707 1496 744 codd.
1519 710 1594 745 bibl.
1613 713 1758 749 Venetae

2 756 45 792 D.
61 756 180 791 Marci.
210 776 259 784 —-
288 757 437 792 Veneliis
453 759 484 791 in
499 755 576 792 bibl.
597 756 778 798 Grimana,
805 758 906 791 trium
922 760 1126 805 tragicorum
1142 759 1241 796 codd.
1259 775 1290 810 p.
1308 767 1384 804 478.
1404 762 1446 796 D.
1481 782 1530 789 -
1556 763 1708 800 Veronae
1724 768 1756 802 in

2 806 123 845 Museo
138 810 328 853 Saibantae‚
360 823 390 859 p.
407 822 485 855 490.
503 811 540 845 E.
559 822 597 844 ex
614 808 783 858 Sophocle
797 820 828 844 et
844 807 983 845 Pindaro
1001 810 1175 859 quaedam.
1201 833 1251 839 —
1274 814 1458 848 Mediolani
1475 817 1507 849 in
1519 815 1595 851 bibl.
1615 818 1756 854 Ambro—

5 861 110 902 (iana,
134 876 165 912 p.
183 875 254 908 504.
272 865 310 899 C.
327 862 504 912 Sophoclis
520 861 726 911 tragoediae,
753 862 927 897 volumina
946 864 1017 898 vll.
1035 874 1066 898 et
1081 879 1112 914 p.
1129 877 1199 912 529.
1216 867 1255 901 E.
1283 867 1387 916 Soph.
1403 865 1503 904 codd.
1521 869 1561 904 11.
1584 869 1755 918 bombyci-

4 917 57 959 ni,
83 913 164 952 saec.
181 917 267 951 XIV.
285 926 317 951 et
337 930 368 965 p.
385 927 451 962 530.
477 914 587 964 plures
606 918 707 950 trium
723 916 953 964 Tragicorum
972 914 1068 952 codd.
1185 915 1189 920 ’

102 1003 142 1037 ln
159 1000 355 1037 bibliotheca
375 1001 502 1037 Veneta
516 1002 558 1036 D.
575 1002 681 1036 Marci
698 997 791 1043 sunt,
818 1000 895 1036 teste
910 1001 1077 1051 Catalogo
1093 1001 1183 1037 illius
1200 1001 1275 1037 bibl.
1292 1016 1430 1052 graecae
1447 1006 1663 1049 MSStorum,
1680 1020 1755 1058 pag.

2 1065 63 1100 247
79 1051 121 1104 sq.
140 1053 215 1090 cod.
235 1055 490 1090 CCCCLYVH.
507 1056 539 1088 in
556 1063 584 1095 8.
602 1057 656 1104 qui
674 1056 821 1089 continet
836 1057 908 1090 VH.
925 1065 1006 1102 trag.
1023 1064 1055 1090 et
1078 1054 1152 1090 cod.
1170 1058 1444 1093 CCCCLXVHL
1470 1060 1503 1093 in
1527 1055 1587 1094 sol.
1610 1060 1754 1109 easdem,

0 1106 67 1143 alio
100 1118 210 1143 tamen
246 1106 381 1150 ordine,
412 1121 489 1142 cum
513 1104 702 1153 Aeschyleis
727 1117 759 1142 et
783 1106 966 1158 Euripideis
987 1108 1103 1151 habet3
1130 1111 1251 1158 pariter
1273 1123 1347 1159 pag.
1368 1124 1442 1157 249.
1468 1109 1541 1146 cod.
1567 1114 1751 1149 membran.

2 1161 226 1196 CCCCLXN.
245 1157 304 1196 fol.
325 1164 357 1196 in
374 1174 443 1209 quo
463 1163 495 1195 in
514 1163 669 1202 Aiacem,
694 1159 862 1195 Electram
885 1171 916 1195 et
937 1159 1106 1209 Oedipum
1135 1171 1195 1206 tyr.
1223 1161 1347 1198 exstant
1373 1160 1497 1199 scholia
1520 1164 1659 1200 Thomna
1677 1167 1752 1201 Ma-

0 1211 95 1260 gistri
118 1223 148 1247 et
172 1213 507 1260 Alan.2712l'cl11011l.1.-
533 1215 645 1248 ceteris
671 1212 897 1259 adiunguntur
922 1223 1074 1262 excerpta
1103 1227 1142 1248 ex
1168 1211 1299 1250 scholiis
1324 1219 1480 1265 antiquis:
1510 1216 1683 1266 praemilsa
1706 1219 1751 1255 est

1 1266 104 1314 Soph.
124 1266 206 1306 vita,
234 1278 316 1313 quae
339 1269 450 1315 incipit
471 1267 654 1312 Σοφοκλῆς
679 1263 721 1303 τὸ
743 1266 802 1314 μὲν
823 1267 919 1313 ’γένος
940 1263 975 1310 ἦν
999 1264 1195 1310 Ἀθηναῖος,
1222 1264 1288 1305 uio‘,c
1303 1263 1336 1306 δὲ
1353 1270 1490 1317 Σοφίλε
1505 1280 1564 1304 etc.
1594 1291 1642 1298 —
1671 1285 1749 1321 pag.

1 1329 73 1362 277.
89 1316 163 1352 cod.
182 1319 281 1352 chart.
299 1319 423 1354 wa.
441 1326 470 1358 8.
487 1330 612 1367 praeter
627 1318 689 1353 alia
706 1319 837 1368 praebet
856 1322 989 1354 Aiacem
1012 1333 1090 1354 cum
1117 1317 1248 1356 scholiis
1271 1320 1432 1371 aliquibus
1448 1322 1622 1371 marginal.
1649 1335 1680 1360 et
1704 1328 1751 1360 in-

0 1370 230 1406 terlinearibus.
257 1391 306 1396 ——
335 1384 408 1420 pag.
427 1383 491 1414 314.
515 1374 546 1406 in
563 1370 635 1406 cod.
653 1373 788 1406 DCXV.
804 1373 837 1406 in
853 1384 883 1415 4.
909 1372 1009 1407 chart.
1028 1375 1236 1422 reperiuntur
1254 1376 1333 1408 Aiax
1357 1384 1387 1410 et
1404 1374 1530 1410 Electra
1549 1389 1625 1410 cum
1646 1373 1750 1414 schol.

0 1426 140 1472 margin.
158 1434 188 1458 ct
204 1423 344 1458 interlin.
359 1437 436 1459 cum
453 1427 516 1458 vita
532 1425 634 1472 Soph.
653 1434 724 1459 tum
741 1426 774 1458 in
793 1423 866 1459 cod.
879 1425 1030 1460 DCXVI.
1048 1426 1233 1465 membran.
1253 1429 1283 1460 in
1301 1424 1360 1462 fol.
1379 1430 1471 1469 Aiax,
1488 1428 1630 1471 Elec'lra,
1650 1429 1749 1466 Oedi·

0 1489 58 1526 pus
76 1488 139 1522 tyr.
157 1478 326 1525 Antigone
344 1487 375 1511 ct
393 1476 586 1512 Philothtts
599 1503 607 1516 ‚
635 1487 666 1511 et
682 1477 754 1526 post
768 1479 914 1526 quinque
928 1475 1082 1524 Aeschyli
1110 1489 1192 1528 trag.
1216 1480 1393 1528 Sophoclis
1409 1481 1631 1522 Trachiniae,
1658 1481 1749 1518 deni.

0 1523 60 1580 que
82 1541 156 1578 pag.
174 1531 294 1572 316.7in
319 1527 393 1565 cod.
417 1531 556 1567 chartac,
581 1531 615 1564 in
642 1541 671 1573 4.
699 1527 824 1579 septem
847 1531 950 1581 Soph.
968 1540 1050 1580 trag.
1073 1545 1152 1567 cum
1174 1529 1305 1568 scholiis
1322 1533 1559 1582 marginalibus
1580 1545 1611 1570 ct
1628 1535 1748 1572 interli-

0 1583 151 1619 meatibus.

91 1668 279 1704 Florentiae
301 1669 334 1702 in
356 1665 432 1702 bibl.
448 1667 601 1702 Laurent.
618 1665 791 1710 Medicea,
816 1665 895 1704 teste
912 1667 1076 1703 Bandinio
1097 1669 1132 1704 in
1156 1667 1250 1704 catal.
1267 1667 1422 1705 codicum
1443 1682 1552 1719 graec.
1571 1670 1648 1708 bibl.
1664 1673 1748 1709 Lau-

52 1722 177 1761 tianae,
200 1719 268 1757 vol.
285 1721 324 1758 11.
344 1718 409 1757 col.
426 1731 468 1763 44
485 1716 554 1769 sqq.
577 1719 659 1770 plut.
675 1728 726 1762 28.
749 1719 824 1757 cod.
841 1721 943 1756 XXV.
966 1720 1040 1770 post
1063 1731 1126 1757 tres
1149 1719 1346 1768 Aeschyleas
1371 1719 1443 1758 sunt
1466 1723 1642 1772 Sophoclis
1662 1727 1743 1761 Aiax

86 1771 215 1810 scholiis
229 1774 373 1821 margin.
392 1773 600 1822 paucioribus
619 1786 657 1808 ac
676 1774 900 1817 breuioribus,
927 1787 1030 1823 quam
1046 1777 1079 1809 in
1097 1773 1172 1811 edit.
1189 1776 1342 1824 Stephan.
1376 1796 1427 1801 -
1460 1775 1588 1812 Eadem
1607 1788 1690 1826 trag.
1710 1782 1743 1814 in

19 1825 74 1863 lut.
93 1839 141 1871 32.
158 1825 233 1862 cod.
252 1826 385 1862 XXXII.
402 1827 542 1861 chartac.
558 1829 591 1861 in
607 1838 638 1869 4.
656 1840 734 1861 cum
752 1824 882 1863 scholiis
897 1829 1038 1876 margin.
1053 1841 1137 1877 quae
1153 1838 1186 1862 vt
1209 1827 1390 1876 plurimum
1413 1827 1569 1864 recedunt
1591 1845 1608 1865 a
1628 1830 1742 1880 vulga·

8 1879 44 1917 ia.
68 1899 117 1908 -—
143 1879 271 1917 Electra
292 1892 370 1914 cuni
385 1876 517 1914 scholiis
535 1890 566 1915 et
585 1878 752 1927 Oedipus,
775 1890 808 1914 at
822 1882 854 1914 in
881 1879 946 1915 fine
973 1880 1090 1916 mutila
1107 1880 1151 1916 est
1174 1879 1353 1929 tragoedia.
1391 1901 1442 1907 ——-
1475 1880 1640 1925 Eaedem,
1666 1883 1740 1923 cod.

14 1931 48 1969 X.
61 1931 143 1982 plut.
160 1944 205 1975 31.
224 1938 362 1981 pag-85.
390 1952 443 1958 —
470 1944 547 1980 pag.
571 1943 638 1977 195.
654 1932 736 1981 plut.
753 1943 800 1976 3²·
818 1930 894 1968 cod.
915 1934 1065 1971 XXXIV.
1080 1934 1181 1970 chart.
1196 1932 1331 1969 eaedem
1347 1942 1410 1968 tres
1426 1933 1633 1981 tragoediae,
1660 1950 1739 1973 cum

51 1984 122 2021 oliis
143 1986 270 2036 aliquot
292 1983 530 2033 marginalibus
551 1995 584 2020 et
606 1982 717 2033 glossis
739 1985 1008 2021 interlinearibus.
1044 2005 1095 2011 ——
1129 1999 1204 2035 pag.
1222 1998 1287 2024 201.
1306 1988 1339 2022 in
1361 1984 1435 2021 cod.
1451 1988 1515 2026 XL.
1534 2001 1691 2037 papyrac.
1708 2001 1740 2026 et

59 2039 84 2074 ‘s
99 2037 194 2075 valde
209 2033 365 2078 corroso,
393 2039 492 2079 Aiax,
517 2036 646 2073 Elec‘ha
662 2047 694 2073 et
710 2036 856 2087 Oedipus
873 2051 952 2073 cum
971 2035 1100 2074 scholiis
1124 2041 1262 2088 antiquis
1285 2050 1317 2074 et
1337 2037 1448 2087 glossis
1468 2041 1738 2079 interlinearibus.

64 2099 143 2140 pag.
161 2104 207 2138 73.
226 2104 278 2136 74.
295 2090 376 2140 plut.
395 2102 439 2133 31.
457 2088 531 2125 cod.
547 2091 572 2126 Ι.
588 2091 691 2126 chart.
717 2093 750 2125 in
774 2087 834 2126 sol.
858 2091 957 2138 Aiax,
985 2091 1133 2135 Electra,
1162 2090 1309 2141 Oedipus
1326 2102 1502 2137 tyrannus,
1527 2093 1737 2144 Philoctetes,

59 2145 176 2193 'gone,
199 2145 402 2180 Trachiniae
416 2156 494 2179 cum
512 2145 736 2192 argumentis,
764 2141 932 2179 interdum
953 2141 1087 2179 diuersis
1111 2144 1150 2179 ab
1171 2143 1282 2187 editis,
1309 2158 1373 2179 vna
1395 2157 1472 2181 cum
1495 2143 1684 2194 Aeschyleis
1705 2162 1738 2186 et

15 2195 182 2246 'uripideis.
209 2218 261 2224 ——
289 2209 364 2245 pag.
383 2207 445 2240 123.
462 2195 543 2246 plut.
563 2208 611 2240 32.
627 2194 701 2232 cod.
721 2197 761 2231 11.
780 2209 936 2246 papyrac.
961 2199 993 2232 in
1010 2194 1070 2232 sol.
1090 2195 1225 2232 eaedem
1249 2194 1300 2232 sex
1326 2197 1515 2246 tragoediae
1536 2213 1614 2235 cum
1641 2215 1738 2250 argu.

85 2251 93 2258 ⁹
130 2260 161 2285 et
184 2247 314 2285 scholiis
332 2248 526 2299 quibusdam
544 2249 800 2297 marginalibus:
823 2247 931 2284 insunt
953 2263 1086 2298 quoque
1114 2248 1250 2284 Hesxodi
1268 2252 1312 2286 O.
1327 2261 1358 2285 et
1375 2252 1415 2285 D.
1433 2250 1597 2302 Euripidis
1613 2248 1732 2292 XVIII.

43 2312 76 2350 g.
89 2313 121 2338 et
134 2303 189 2338 111.
206 2300 371 2348 Aeschyli.
398 2321 447 2329 —-
476 2314 552 2352 pag.
572 2311 610 2344 83
629 2299 671 2351 sq.
688 2301 771 2337 Plut.
790 2313 832 2343 31.
849 2300 921 2336 cod.
941 2303 1027 2337 VIII.
1042 2315 1195 2352 papyrae.
1215 2305 1247 2337 in
1266 2315 1296 2346 4.
1317 2304 1398 2338 Aiax
1422 2315 1453 2340 et
1475 2305 1624 2350 Electra,
1651 2321 1735 2357 quae

0 2361 3 2374 ¹
62 2367 102 2390 en
116 2353 231 2390 mutila
248 2355 311 2397 est,
334 2367 412 2390 cum
429 2351 560 2390 scholiis
576 2357 716 2403 margin.
733 2364 764 2389 et
782 2351 892 2403 glossis
908 2355 1050 2391 interlin.
1075 2375 1126 2382 —
1154 2354 1228 2393 ibid,
1252 2369 1286 2405 p.
1302 2362 1351 2401 85.
1367 2356 1441 2393 cod.
1460 2358 1499 2393 X.
1517 2373 1634 2408 papyr.
1657 2363 1690 2396 in
1706 2374 1736 2404 4.

0 2430 2 2435 >
28 2402 64 2442 IL
82 2416 163 2454 trag.
188 2407 347 2457 Sophocl.
371 2420 448 2442 cum
466 2409 555 2442 Vlll.
579 2406 772 2456 Euripideis.
806 2427 857 2433 ·—-·
888 2420 965 2456 pag.
984 2419 1036 2447 ης).
1055 2403 1122 2456 sqq.
1149 2408 1229 2443 Plut.
1246 2420 1294 2451 32.
1321 2408 1396 2445 cod.
1415 2411 1468 2446 lx.
1493 2413 1678 2448 membran.
1701 2417 1735 2450 in

40 2461 113 2495 mai.
129 2457 207 2496 saec.
226 2462 266 2497 X.
282 2471 365 2509 trag.
380 2460 453 2496 VII.
473 2473 551 2496 cum
567 2457 698 2496 scholiis
723 2460 896 2508 marginal.
914 2458 1129 2496 vctussissimis
1141 2488 1150 2503 ,
1179 2470 1210 2496 et
1231 2466 1434 2510 argumentis
1459 2477 1498 2500 ex
1516 2465 1735 2515 Aristophane

3 2525 6 2527 ·
38 2514 101 2551 Vd-
116 2519 165 2551 ῙῙ.
714 2517 718 2521 ’
846 2513 900 2548 Ee
1499 2522 1732 2566 grammatico.
