2183 2747
33 125 124 153 vom.
139 134 165 160 p.
173 133 215 159 τις
231 124 254 159 P
262 127 303 158 ru

501 123 676 161 ORPHEI
727 123 895 161 HYMNI.
1067 125 1142 162 Lib.
1161 126 1190 160 I.
1219 138 1242 161 c.
1259 127 1415 163 XVIII.

1721 139 1790 176 ¹5⁵

33 223 199 274 quoque,)
227 224 260 258 in
283 219 338 258 sua
356 222 483 273 Orphei
507 220 650 258 editione
672 217 811 257 seruauit
830 219 1098 267 Efi‘limbaclzius,
1125 218 1192 270 ipsc
1214 220 1347 271 quidem
1374 221 1457 257 nihil
1479 224 1513 256 in
1536 222 1684 267 hymnos
1697 237 1790 260 com.

31 285 214 317 mentatus,
242 276 337 322 [item
355 275 540 323 Gestiunt,
572 277 626 323 qui
644 287 723 309 vero
739 284 833 309 notas
847 272 991 318 adiecit]
1046 272 1113 308 Illis
1137 286 1243 308 berall:
1260 276 1398 309 Satanae
1415 274 1607 319 Litm'giam
1629 279 1791 312 contineri

30 325 155 377 scripsit
174 328 295 363 Daniel
311 326 465 363 Heinsius
487 330 520 362 in
542 327 750 370 Arium-clim
777 323 952 361 sublimem
977 325 1183 362 reconditam
1203 327 1435 376 Theologiam
1462 328 1495 362 in
1519 326 1582 362 illis
1606 326 1716 364 videre
1736 328 1792 365 sibi

31 378 90 416 visi
104 376 178 416 sunt
198 381 357 415 Iohannes
371 382 477 416 Picus
493 380 709 414 Mirandnlae
732 379 843 414 Comes
858 381 891 413 in
911 376 1208 422 Concfflfionibus,
1236 388 1266 414 et
1281 380 1457 414 Kircherm
1470 380 1515 414 T.
1529 392 1557 415 2.
1587 378 1707 430 Oedipi
1721 395 1795 430 par-

29 442 62 468 te
77 434 101 468 1.
116 446 148 483 p.
168 443 214 477 151
231 430 319 482 sequ.
343 435 398 482 qui
413 432 488 483 post
506 445 611 467 vnum
628 434 774 488 itemque
789 430 932 469 alterum
947 432 1118 477 hymnum
1137 429 1195 468 suo
1220 445 1316 468 more
1331 431 1529 468 illustratum
1553 442 1650 482 atque
1667 432 1794 483 exposi-

30 494 104 521 tum
126 499 158 535 p.
177 487 243 530 156.
267 483 440 535 promisit,
467 482 499 521 se
517 485 593 519 alibi
620 484 827 520 oslenlurum
850 481 931 526 esse,
959 483 1050 533 quod
1066 485 1289 534 Sephiroticae
1315 483 1382 521 sine
1405 484 1618 522 Cabalisticae
1643 495 1794 523 veterum

30 538 266 574 Hebraeorum
289 548 320 574 et
341 537 617 587 hieroglyphicae
631 539 880 586 Aegyptiorum
903 535 1073 573 dodlriiiae
1094 540 1240 572 maxime
1261 548 1292 573 et
1315 536 1489 573 clai-iffime
1503 551 1562 586 per
1577 541 1692 574 omnia
1715 552 1796 574 con-

57 602 161 626 ruant.
216 593 258 626 Et
278 590 409 641 pridem
433 602 507 626 ante
523 592 721 626 Kircherum
747 590 912 625 Cornelius
926 589 1083 638 Agrippa
1102 590 1170 625 Lib.
1195 593 1234 626 11.
1261 589 1411 626 occultae
1431 588 1665 640 Philosophiae
1690 605 1718 626 c.
1739 594 1793 627 60.

0 653 1 662 ¹
30 603 173 692 scripsit,
210 645 378 693 Orphicos
407 644 556 690 hymnos
581 646 634 692 qui
659 642 838 690 intelligat,
875 655 952 678 eum
976 655 1088 678 reuera
1110 656 1271 692 magnam
1290 642 1447 679 naturalis
1465 646 1597 692 magiae
1611 642 1795 693 intelligen-

31 698 113 731 tiam
129 693 355 732 consecutum.
387 695 497 743 [Adde
520 698 544 730 Ι.
560 697 690 731 Bonam
706 694 747 730 de
771 693 882 730 diuina
908 692 1095 731 Psalmodia
1115 708 1186 746 cap.
1203 697 1291 731 XVI.
1315 697 1345 744 §.
1362 709 1394 742 9.
1418 710 1450 746 p.
1473 697 1552 743 511.]
1606 696 1795 743 Pausaniae

30 747 154 784 iudicio
175 749 241 785 Lib.
261 750 317 784 IX.
344 763 376 798 p.
392 761 468 794 770.
496 749 561 796 [vbi
587 762 615 783 v.
639 749 761 783 Kuhnii
785 747 871 793 non]
927 748 1055 798 Orphei
1076 749 1212 794 hymnis
1233 748 1452 798 elegantiores
1473 748 1699 785 existimantur
1720 751 1794 785 Ho-

31 804 168 844 merici,
201 803 328 851 Orphei
352 801 416 847 [if]
442 797 738 851 θεωλογικῶτεξοι
755 798 784 831 θ
811 810 843 835 et
863 797 968 843 sorte,
1003 814 1087 850 quae
1110 800 1222 836 Allatii
1246 803 1314 837 Lib.
1338 800 1379 838 de
1392 804 1495 852 patria
1515 803 1660 837 Homeri
1677 816 1708 852 p.
1726 809 1792 844 281.

31 851 171 903 suspicio
188 853 249 895 est,
272 854 449 903 compoliti
469 855 521 900 (ab
538 855 576 888 ab
592 854 830 896 Onomacrito)
859 851 1063 899 athomeri
1079 853 1350 890 aemulationem.
1403 857 1564 891 Meminit
1580 856 1793 900 hymnorum

32 909 160 956 Orphei
179 906 291 948 Plato,
320 909 443 942 oc'iauo
473 906 513 942 de
537 906 662 955 legibus
685 907 736 955 [p.
759 906 853 952 906.]
868 916 909 954 ¹ct
932 903 1102 941 Pausanias
1127 909 1160 942 in
1185 907 1348 942 Boeoticis
1370 909 1499 956 p.'770.
1535 910 1589 957 qui
1611 920 1735 958 paucos
1761 918 1793 943 et

31 960 146 994 breues
163 956 257 994 fuisse
275 957 392 1000 refert.
420 957 506 994 vnde
528 972 596 994 non
611 958 693 993 alios
717 955 862 993 habuiffe
881 957 1027 1000 videtur,
1056 972 1157 1008 quam
1180 972 1241 995 nos
1259 958 1360 995 hodie
1380 960 1524 1010 legimus
1539 958 1579 994 ⁷).
1635 960 1795 996 Testatur

33 1015 154 1053 etiam,
181 1025 198 1046 a
215 1010 413 1056 Lycomedis
429 1011 618 1046 decantatos
642 1014 675 1045 in
693 1008 786 1045 sacris
809 1012 954 1052 Cereris,
984 1013 1038 1061 qui
1061 1013 1170 1047 honos
1194 1025 1265 1047 non
1287 1012 1414 1048 habitus
1438 1015 1574 1058 hymnis
1600 1014 1792 1049 Homericis

34 1066 186 1115 quamuis
206 1063 468 1114 elegantioribus.
524 1062 736 1099 Philostratus
757 1066 793 1098 in
812 1064 966 1099 Heroicis
988 1077 1027 1099 ex
1050 1063 1216 1100 Protesilai
1245 1063 1367 1101 iudicio
1392 1069 1436 1102 ait
1459 1067 1655 1102 Homerum
1678 1081 1794 1115 μεγα-

1038 1118 1069 1151 V
1096 1130 1115 1153 2
1674 1124 1792 1170 Ᾰερῥη-

941 1210 1137 1234 externorum
1163 1205 1311 1235 vitiorum
1340 1203 1457 1246 aliquid
1479 1203 1668 1236 adsumfiss‘et.
1715 1207 1791 1236 Cen-

940 1246 989 1277 sor
1017 1259 1142 1289 quoque
1177 1249 1320 1278 editionis
1351 1248 1475 1278 Hesiodi
1513 1251 1590 1291 Opp.
1615 1258 1644 1281 et
1672 1250 1790 1291 Orphei

940 1292 1136 1328 hymnorum,
1155 1301 1279 1322 curante
1293 1295 1361 1323 Ant.
1379 1291 1538 1329 Zanolino,
1565 1292 1653 1334 supra
1677 1304 1790 1324 memo-

940 1343 1022 1365 ratae
1046 1338 1076 1365 in
1092 1337 1171 1366 Aehs
1197 1336 1389 1366 eruditorum
1414 1346 1440 1366 a.
1458 1345 1537 1374 1750.
1561 1336 1661 1367 mense
1678 1339 1791 1368 Martio

31 1204 221 1245 temporibus
244 1204 280 1233 ab
301 1204 426 1234 homine
449 1213 510 1233 non
529 1204 618 1232 nimis
645 1204 740 1233 astuto
763 1200 886 1232 excusos

33 1256 62 1277 et
78 1249 222 1278 eonfifios
238 1247 306 1283 esse,
321 1257 374 1277 nec
392 1258 486 1277 vnum
503 1246 629 1288 quidem
647 1247 764 1288 Orphei
783 1245 884 1276 locum

31 1291 69 1322 nb
82 1290 150 1321 'vllo
171 1291 316 1333 scriptore
331 1292 490 1321 vetustiori
513 1290 667 1321 laudatum
688 1290 764 1326 ess'e,
794 1300 884 1331 quem

33 1337 66 1366 in
81 1336 127 1365 his
149 1336 269 1371 hymnis
286 1337 430 1376 reperias.
476 1336 628 1365 Posterior
642 1337 675 1365 in
695 1334 886 1365 Bibliotheca

32 1378 181 1421 philolog.
213 1381 348 1418 Gotting.
377 1377 438 1409 vol.
454 1381 507 1410 111.
537 1388 602 1420 pag.
624 1389 680 1409 uz.
723 1381 885 1408 maximam

32 1422 97 1453 fere
114 1426 305 1458 Hymnorum
323 1424 530 1464 Orphicorum
546 1430 661 1464 partem
677 1433 693 1452 a
708 1424 801 1453 variis
820 1423 885 1464 phi-

31 1465 187 1509 losophiae
202 1468 341 1502 mysticae
359 1467 535 1497 auctoribus
552 1466 677 1497 diuersis
694 1466 884 1508 temporibus

33 1511 155 1542 demum
173 1512 237 1552 post
252 1512 404 1541 Christum
426 1518 529 1541 natum
547 1509 604 1540 ess'e
621 1511 780 1540 confie‘kam
795 1510 885 1540 adfir-

31 1563 101 1585 mat.
149 1556 233 1585 Idem
261 1557 293 1585 in
323 1555 456 1585 Historia
484 1554 642 1584 doetrinae
666 1554 704 1584 de
729 1565 805 1584 vero
827 1553 885 1584 deo

31 1609 97 1640 pag.
113 1608 248 1637 197-202
272 1601 383 1628 iterum
407 1598 459 1628 sub
481 1608 605 1628 examen
629 1606 715 1629 vocat
735 1601 884 1634 Hymnos,

30 1641 136 1673 multis
151 1644 336 1681 argumentis
352 1642 622 1678 demonstraturus,
640 1653 690 1672 cos
713 1640 804 1681 longe
821 1642 885 1683 post

33 1686 187 1728 Euripidis
202 1696 292 1728 atque
313 1685 444 1717 Platonis
459 1689 650 1722 memoriam,
674 1687 737 1727 post
754 1688 886 1716 Zenonis

35 1731 157 1760 demum
177 1739 306 1761 aetatem
331 1729 388 1760 esse
422 1731 504 1760 fifios
529 1730 726 1771 scriptosque.
778 1732 885 1765 Docet,

33 1772 128 1804 multa
144 1776 175 1803 in
194 1772 255 1804 illis
271 1783 396 1803 numina
411 1773 572 1810 celebrari,
596 1783 674 1814 quae
691 1776 818 1805 Graecia
836 1771 886 1804 vel

36 1827 220 1857 numquam,
243 1816 293 1847 vel
317 1816 420 1848 multis
436 1818 558 1848 demum
578 1819 641 1858 post
654 1820 825 1848 nominatos
841 1819 886 1847 vi-

34 1872 83 1891 ros
100 1863 184 1891 annis
204 1861 236 1891 sit
251 1870 411 1894 venerata;
443 1863 487 1892 vti
503 1862 658 1892 auetorem
681 1860 807 1891 illorum
824 1871 886 1891 car·

34 1908 151 1935 minum
168 1903 307 1946 pluribus
323 1905 462 1941 vocibus,
475 1914 548 1946 quas
564 1904 614 1935 vel
631 1904 778 1935 aPlatone
795 1913 885 1946 atque

34 1948 206 1985 Aristotele,
222 1947 270 1979 vel
287 1949 324 1979 ab
342 1958 450 1978 eorum
472 1959 596 1989 quoque
610 1947 824 1979 succefforibus
841 1951 885 1979 in-

35 2003 138 2023 ventas
159 1992 216 2022 esse
235 1993 364 2026 constet;
397 1991 484 2022 illum
507 1994 710 2032 incogitanter
725 1991 885 2033 sequutum

36 2037 93 2067 esse
110 2039 281 2068 Stoicorum
298 2038 438 2075 vestigiiu
470 2045 534 2066 tum
556 2036 703 2066 adhibere
724 2036 885 2066 horridum

33 2089 125 2122 atque
146 2081 182 2110 ab
204 2082 414 2120 antiquiorum
433 2087 592 2121 poetarum
614 2079 760 2110 suauitate
777 2080 886 2110 abhor-

34 2134 152 2156 rentem
183 2124 348 2154 verborum
373 2122 499 2160 sonum,
532 2126 606 2164 (qui
628 2123 754 2164 quidem
784 2126 886 2165 potius

35 2170 125 2204 mihi,
145 2168 197 2198 nifi
215 2166 303 2209 plura
325 2167 384 2198 alia
397 2167 497 2196 νοθείας
512 2167 604 2198 effent
620 2167 754 2203 indicia,
778 2167 885 2197 rudem

36 2214 181 2254 orphicae
207 2210 330 2253 poeseos
359 2213 570 2252 antiquitatem
603 2212 703 2242 testari
726 2219 756 2241 et
778 2212 887 2242 confir-

37 2267 120 2287 mare
135 2257 330 2293 videretur,)
355 2263 384 2285 et
405 2253 465 2284 alia
487 2255 599 2285 habere
620 2255 787 2286 verborum
804 2266 889 2285 mon-

37 2301 94 2331 stra
122 2309 151 2331 et
178 2299 311 2329 summae
334 2301 519 2328 Graecorum
549 2309 670 2328 morum
698 2300 889 2337 ignorantiae

38 2344 235 2375 documenta:
260 2343 371 2383 quibus
387 2342 528 2372 omnibus
545 2342 573 2372 se
587 2342 711 2378 adduci,
725 2341 847 2379 fatetur,
857 2350 890 2373 vt

38 2388 161 2423 credat,
186 2388 313 2422 hymnos
337 2396 353 2415 a
378 2386 508 2416 barbaro
531 2386 663 2427 quodam
683 2386 808 2416 homine
826 2394 890 2416 tum

40 2434 186 2473 temporis
209 2431 293 2460 ἦθος
311 2429 380 2466 esse,
399 2441 494 2471 quum
509 2432 694 2460 Graecorum
715 2429 818 2469 lingua
838 2440 892 2471 pet

40 2485 163 2507 omnem
186 2473 251 2506 fere
277 2481 428 2506 terrarum
448 2473 555 2505 orbem
570 2482 750 2517 propagata,
778 2474 893 2517 vbique

940 1389 1006 1421 pag.
1024 1387 1082 1417 184.
1100 1381 1264 1416 existimat,
1296 1382 1347 1410 vix
1361 1379 1441 1421 posse
1464 1382 1597 1421 ineptius
1613 1380 1697 1411 aliud
1713 1392 1790 1422 opus

940 1425 1070 1458 Hymnis
1099 1425 1242 1465 Orphicis
1267 1426 1409 1465 reperiri.
1461 1425 1627 1455 Enimuero
1649 1423 1792 1456 Ruhnke-

939 1469 1024 1498 nium
1041 1475 1069 1497 et
1091 1469 1329 1499 Tiedcmannum
1347 1468 1384 1498 de
1399 1469 1518 1503 hymnis
1535 1468 1673 1499 iudicare
1691 1470 1791 1499 minu·

939 1511 1059 1547 acerbe,
1081 1510 1168 1552 supra
1185 1514 1402 1550 cognouimus;
1432 1510 1532 1541 lenius
1556 1522 1681 1554 quoque
1703 1511 1792 1544 sentit

942 1555 1073 1591 Clodius,
1094 1554 1244 1585 Professor
1264 1555 1417 1596 quondam
1441 1556 1612 1597 Lipsiensis,
1631 1559 1664 1586 in
1682 1555 1791 1587 Versu-

940 1600 1016 1629 chen
1033 1608 1084 1628 aus
1102 1599 1156 1629 der
1173 1601 1338 1629 Litteratur
1359 1599 1419 1630 und
1438 1599 1548 1636 Moral,
1573 1608 1649 1642 part.
1666 1602 1688 1631 1.
1703 1611 1749 1630 nr.
1767 1611 1788 1631 ι.

939 1644 1054 1684 Lipsiae
1072 1647 1153 1681 1767.
1171 1650 1195 1677 8.
1249 1643 1475 1673 Attributorum
1505 1654 1580 1673 vero
1609 1643 1789 1674 diuinorum

938 1695 969 1717 et
986 1689 1203 1725 cognominum
1219 1689 1409 1717 coaceruatio
1424 1687 1526 1723 habet,
1543 1687 1626 1727 quod
1642 1685 1787 1723 offendat,

940 1741 1011 1772 qua,
1041 1738 1074 1760 vt
1087 1731 1244 1762 Lucianiis
1264 1733 1294 1760 in
1317 1732 1454 1760 Timone
1475 1731 1512 1760 ab
1539 1732 1632 1761 initio
1652 1733 1711 1761 iam
1736 1742 1789 1761 no-

938 1777 1026 1811 tauit,
1043 1783 1150 1816 poetae
1169 1773 1344 1813 ι’,ιιβξὸπκτοι
1360 1775 1443 1804 abuti
1461 1773 1568 1810 solent,
1584 1772 1650 1804 ’ὅταν
1666 1774 1790 1814 ἐπορᾶἷσι,

939 1818 1001 1858 arpis
1017 1819 1052 1846 ni
1068 1820 1165 1856 μέτρα·
1203 1817 1265 1846 τότε
1287 1817 1339 1855 γεὶρ
1360 1818 1450 1846 adfers
1470 1818 1639 1854 πολυώνυμος
1658 1816 1790 1854 γινόμενος

938 1858 1074 1901 ὑπερείδεις
1090 1861 1121 1890 'to'
1140 1863 1231 1890 πίπτω
1252 1861 1286 1890 τῖ
1300 1863 1395 1900 μέτρα,
1413 1861 1461 1889 καὶ
1473 1861 1634 1900 οἶνοιπληρσῖς
1655 1860 1689 1891 τδ
1703 1873 1790 1898 κεχρι-

939 1905 977 1934 νός
993 1906 1028 1935 vi?
1044 1905 1156 1945 ρυθμῗι,
1190 1915 1282 1947 qut-:in
1299 1904 1428 1935 haerent
1450 1905 1482 1936 in
1497 1904 1603 1946 versu.-
1637 1915 1709 1937 nam
1725 1909 1791 1936 tum

940 1950 1000 1980 illis
1021 1947 1111 1980 multi
1125 1949 1256 1979 nominis
1269 1947 1397 1989 sudus,
1421 1953 1470 1984 (n.
1483 1951 1620 1991 Iupiter)
1642 1949 1791 1980 carminis

938 1994 1065 2024 ruinam
1071 1991 1168 2033 sidcis
1182 1994 1332 2033 meh-ique
1354 1991 1473 2023 hiatum
1489 1993 1601 2033 imples.
1647 1992 1789 2024 Eudocia

940 2039 972 2067 in
982 2036 1064 2070 'Im—nii
1077 2047 1142 2077 pag.
1153 2046 1198 2073 ης
1214 2038 1360 2071 hymnum
1373 2038 1404 2066 in
1413 2037 1586 2072 Dionysium
1604 2035 1668 2066 fere
1679 2037 1790 2077 orphi-

940 2091 1022 2117 cum,
1037 2081 1095 2109 sme
1111 2079 1174 2110 vllo
1189 2081 1320 2110 aucloris
1338 2079 1465 2117 indicio,
1479 2080 1605 2122 profert.
1651 2079 1747 2111 Harl.

984 2129 1023 2165 q)
1061 2126 1203 2162 Origenis
1233 2132 1332 2153 tamen
1354 2123 1471 2154 iudicio
1502 2125 1568 2154 Lib.
1586 2126 1653 2155 vu.
1686 2132 1792 2154 contr·

941 2167 1059 2198 Celsum
1078 2179 1105 2208 p.
1125 2172 1186 2204 368.
1219 2167 1308 2206 longe
1331 2169 1437 2209 peiora
1455 2169 1549 2203 πολλῷ
1565 2169 1671 2206 χείρονα
1686 2167 1722 2197 de
1739 2178 1791 2208 pu-

941 2214 1046 2242 tatitiis
1069 2213 1205 2250 gentium
1228 2213 1293 2241 Diis
1317 2213 1429 2241 cecinit
1457 2213 1598 2253 Orpheus
1618 2221 1709 2252 quarn
1730 2213 1791 2241 Ho-

941 2266 1052 2286 merus.

985 2304 1023 2335 r)
1048 2297 1137 2328 Conf.
1158 2297 1365 2328 Tiedemann.
1389 2309 1416 2338 p.
1434 2309 1479 2335 43.
1503 2300 1556 2338 qui
1572 2307 1709 2336 magnam
1728 2308 1794 2339 par<

941 2351 1002 2374 tem
1027 2343 1225 2373 Onomacrito
1245 2342 1437 2372 tribuendam
1454 2341 1568 2377 censet,
1590 2346 1639 2376 (v.
1656 2340 1792 2383 Pausian.

944 2389 1048 2418 Boeot.
1068 2397 1096 2427 p.
1113 2389 1200 2423 309).
1245 2386 1289 2416 Ab
1310 2386 1359 2415 his
1381 2384 1516 2415 diuersos
1537 2384 1624 2415 fuiffe
1646 2384 1720 2415 alios
1738 2387 1794 2415 Or-

944 2431 1050 2472 phicos
1066 2430 1180 2467 dietos,
1205 2429 1243 2460 de
1264 2430 1375 2471 quibus
1396 2426 1532 2470 Paigfan.
1555 2428 1574 2459 l.
1590 2440 1629 2460 m.
1646 2439 1712 2471 pag.
1729 2437 1792 2465 305·

944 2473 1041 2508 Harl.
