2183 2747
99 164 189 194 Vol-Y·
199 168 282 200 ΜἪ
814 161 1093 201 DEPERDITA.
1476 165 1546 201 Lib.
1561 167 1607 201 ll.
1626 180 1648 202 r.
1658 180 1683 205 ε.
1789 175 1843 214 385

255 275 301 298 2¹-
327 266 482 301 ΣῘΚΕΛ
496 256 547 300 1'A
560 266 586 300 Σ
604 256 651 300 ”A
663 267 690 299 Λ
702 265 741 299 Ω
754 266 859 301 ΣΙΣ,
885 259 1008 303 Suidas,
1037 257 1124 310 apud
1142 273 1245 309 quem
1264 257 1462 311 Ὀιχαλῖοις
1479 275 1538 310 pro
1555 263 1715 300 Σικελίας
1737 262 1844 312 legere

95 312 165 350 fine
179 314 246 351 vlla
259 314 463 351 dubitatione
479 315 567 350 iubet
589 315 708 348 Rickm·
722 324 767 347 tus
786 315 953 348 Bentlcius
970 317 1003 349 in
1020 314 1165 362 Epistola
1179 312 1217 348 ad
1240 316 1310 349 Iob.
1328 314 1490 355 Multum,
1520 328 1549 363 p.
1568 320 1618 352 62.

255 396 302 420 22.
322 380 548 423 ‘'TMNOI..
576 381 684 431 plures
698 381 818 431 aliique
837 379 891 417 sub
904 383 1052 418 Homeri
1070 384 1208 418 nomine
1226 381 1307 418 olim
1323 382 1400 418 lecti
1420 381 1509 425 sunt,
1543 396 1642 431 quam
1670 382 1769 419 hodie
1791 397 1842 418 ex·

97 433 190 477 flant,
218 439 261 472 vti
280 435 382 486 supra,
410 449 487 472 cum
513 434 555 470 de
578 434 671 471 editis
700 436 850 479 Hymnis
876 448 1028 484 agerem,
1054 434 1222 470 adnotaui.
1284 433 1403 471 Versus
1427 436 1590 485 quosdam
1614 434 1654 471 ad
1680 438 1844 473 Venerem

96 489 260 537 Sophocli
274 490 312 525 ab
328 488 408 530 aliis,
435 489 474 524 ab
490 488 558 524 aliis
572 489 709 523 tributos
727 489 882 523 Homero
899 486 996 524 refert
1015 489 1201 524 Athenaeus
1220 489 1305 523 XIII.
1321 502 1351 537 p.
1375 502 1442 535 592·

253 568 299 602 23.
341 554 566 597 ΦΩΚΑῙ“Σ
598 558 759 591 Herodot.
787 570 856 606 cap.
880 559 925 591 16.
955 555 1020 591 siue
1040 555 1220 605 legendum
1249 555 1476 596 ΦΛΙΑΚΓΣ
1504 571 1543 593 ex
1571 555 1696 593 Ouidio
1724 557 1780 591 IV.
1804 570 1843 593 ex

94 611 204 646 Ponto
225 622 266 646 η.
284 622 335 653 ¹27.
353 622 384 646 et
400 614 444 646 16.
462 622 512 656 27,
533 610 585 645 vbi
606 610 740 645 latinam
772 610 922 644 Tuticani
949 608 1173 658 Metaphrasm
1198 608 1315 645 laudat.
1343 611 1470 647 Fam-ic.
1523 609 1587 646 vid.
1613 610 1651 645 ad
1675 608 1843 645 Herodoti

94 661 210 698 locum
229 662 416 711 IVeffi·ling.
436 677 465 712 p.
483 675 549 707 752.
585 665 657 711 qui,
689 662 894 702 Fabricium,
929 672 1040 702 notat,
1071 661 1289 697 conieci-audo
1311 660 1475 698 aben-affe.
1531 667 1636 712 Atque
1663 666 1726 697 iam
1750 673 1844 698 antea

95 714 272 761 Quirinus,
294 729 383 764 pater
398 725 612 764 purpuratus,
639 717 671 750 in
691 714 881 750 Primordiis
899 716 1081 759 Corcyrae,
1106 716 1231 750 Brixiae
1257 723 1343 759 1738.
1363 728 1394 759 4.
1421 729 1489 763 cap.
1513 716 1566 749 111.
1595 728 1667 764 pag.
1689 727 1734 762 19.
1759 712 1843 750 refu-

94 769 174 803 tauit
194 781 271 803 eum
287 782 326 803 ex
345 771 558 803 connexione
571 770 669 803 totius
687 769 855 802 orationis.
908 766 1022 802 Multo
1040 769 1185 815 proniuS,
1210 769 1253 802 ait
1270 781 1299 816 p.
1317 780 1370 804 20.
1387 766 1495 804 fuiss'et
1510 768 1658 803 Fabricio
1679 765 1844 816 suspicari,

92 832 156 869 pro
173 821 353 856 Phaeacida
370 820 546 870 legendum
564 818 650 869 apud
667 819 828 855 Ouidium
854 819 1052 862 Phocaeada,
1069 833 1168 869 quam
1186 819 1271 868 apud
1289 820 1504 856 Herodotum
1521 822 1670 869 φοαωκίς
1693 833 1753 869 pro
1771 828 1843 868 φω-

97 872 194 911 κοᾶςς
210 874 318 908 immo
338 876 504 922 opinatur,
533 886 593 908 nec
610 884 718 908 tamen
735 871 805 907 vult
821 881 910 907 certo
937 871 1090 914 definire,
1124 871 1323 908 Phaeacidos
1344 886 1467 922 poema
1490 871 1583 909 fuisse
1604 885 1728 922 partem
1753 873 1845 909 illam

97 923 271 970 Odyffeae,
297 926 360 966 vbi,
377 940 460 975 quae
476 924 582 971 Vlyffi
607 929 638 960 in
664 927 817 960 Phaeacia
841 928 1074 974 contigerunt,
1111 936 1304 966 narrantur,
1339 937 1370 961 et
1396 928 1552 962 Phaeacin
1576 928 1802 970 homericam,
1827 940 1846 962 a

95 978 268 1013 Tuticano
286 977 384 1013 latine
402 977 538 1024 versam,
562 975 655 1012 fuisse
671 991 770 1012 vnam
786 976 906 1012 exiliis
930 978 1091 1025 partibus,
1120 981 1153 1013 in
1176 991 1254 1026 quas
1279 980 1503 1014 Homericum
1525 991 1646 1026 poema
1672 975 1843 1014 dissedium

93 1029 151 1066 sub
164 1028 299 1066 diuerfis
315 1031 505 1065 nominibus
522 1029 654 1065 diuifim
669 1029 872 1068 recitabatur,
926 1032 997 1065 Iam
1018 1028 1143 1065 diuersa
1168 1028 1230 1065 effe
1254 1040 1434 1079 potuerunt
1452 1033 1634 1078 poematia,
1660 1029 1684 1065 si
1708 1044 1781 1066 vera
1801 1030 1845 1066 est

94 1080 407 1119 Pseudo-Herodoti
424 1085 579 1118 narratio.
633 1085 740 1130 Atque
767 1082 842 1118 Nic.
865 1082 1018 1128 Heinsius·
1041 1082 1079 1117 ad
1097 1081 1197 1118 Ouid.
1222 1082 1278 1119 lib.
1298 1085 1352 1117 lV.
1371 1081 1472 1133 Epist.
1494 1097 1512 1118 e
1536 1085 1643 1119 Ponto
1660 1096 1709 1131 ep.
1727 1087 1775 1120 16.
1795 1095 1843 1127 27.

91 1146 184 1186 putat
201 1149 260 1185 per
279 1136 462 1170 Macemiam
478 1136 659 1170 Phaeacida
678 1132 805 1176 Ouidii,
832 1132 994 1183 designari
1017 1133 1180 1181 Odysseae
1196 1134 1316 1171 librum
1338 1138 1382 1171 H.
1409 1150 1510 1185 quem
1541 1132 1729 1175 Ὀδυσσέως
1756 1132 1846 1175 0271&-

94 1198 192 1229 πλες
210 1186 284 1227 οἱπό
301 1184 463 1236 φοιωῖκων
485 1187 648 1238 adpellant
672 1186 826 1222 Aelianus
854 1186 1100 1223 etEussathius:
1127 1187 1184 1223 cel.
1206 1199 1314 1223 autem
1344 1188 1559 1235 lVernsdorf
1579 1188 1620 1224 de
1645 1188 1844 1224 Homeristis

94 1241 202 1277 latinis
219 1255 401 1285 eorumque
416 1239 610 1290 fragmentis
624 1253 657 1288 p.
677 1247 744 1285 484
761 1236 825 1288 sqq.
845 1249 928 1274 tom.
948 1241 1017 1275 ¹111.
1038 1242 1166 1275 Poetar.
1183 1239 1313 1276 latinor.
1332 1244 1523 1282 minorum,
1559 1240 1651 1276 malit
1675 1254 1803 1276 nomen
1827 1255 1845 1276 a

93 1306 195 1346 poeta
211 1286 402 1342 vsurpatum
420 1304 451 1330 et
468 1308 485 1329 a
501 1295 654 1342 primaria
673 1289 836 1336 Odysseae
859 1303 948 1340 parte
971 1291 1109 1327 dudlum
1133 1291 1173 1328 de
1200 1302 1267 1327 tota
1292 1292 1492 1343 intelligere,
1526 1306 1629 1342 quum
1654 1291 1845 1342 praesertim

96 1347 189 1395 versa
204 1362 222 1383 a
238 1358 337 1396 poeta
356 1359 398 1382 ex
411 1348 570 1382 Homero
585 1345 721 1388 dicatur,
750 1358 835 1394 quae
852 1357 953 1395 opera
976 1347 1030 1380 vix
1050 1344 1151 1381 videri
1174 1343 1274 1395 poffit
1295 1348 1330 1381 in
1349 1345 1456 1396 aliqua
1478 1356 1604 1382 tantum
1623 1357 1715 1396 parte
1737 1348 1846 1397 operis

90 1397 208 1436 sumta.
237 1400 339 1435 Harl.

247 1481 302 1514 24.
329 1471 665 1507 ΨΑΡΟΜΑΧῙΑ.
693 1464 819 1501 Suidas.

201 1537 334 1572 Omitto
351 1549 472 1585 poema
490 1537 759 1571 commentitium
776 1532 816 1570 de
832 1547 942 1583 pugna
956 1535 1115 1569 Heroum
1133 1532 1216 1582 apud
1233 1531 1369 1580 inferos,
1394 1534 1485 1584 quod
1513 1535 1551 1571 ab
1571 1538 1730 1572 Homero
1752 1532 1847 1583 scrip-

97 1602 169 1627 tum
183 1587 307 1638 sibique
322 1588 483 1624 donatum
501 1588 596 1637 fingit
621 1589 783 1623 Lucianus
803 1601 832 1623 2.
850 1589 955 1622 Verae
977 1585 1142 1622 Historiae
1164 1598 1247 1621 tom.
1266 1587 1288 1621 1.
1318 1600 1346 1635 p.
1362 1590 1439 1633 679.
1476 1589 1570 1636 [cap.
1590 1601 1643 1632 ²4·
1659 1597 1739 1622 tom.
1761 1588 1797 1622 ΙΙ.
1814 1600 1846 1635 p.

96 1654 163 1678 122.
179 1640 255 1677 edit.
273 1641 417 1687 Reitzii.]
471 1643 547 1676 Eius
567 1643 634 1676 hoc
650 1640 775 1675 ibidem
789 1642 900 1676 recitat
916 1641 1065 1674 initium:
1092 1640 1158 1678 Νῦν
1175 1634 1207 1677 δέ
1229 1657 1284 1688 μοι
1301 1638 1415 1678 ἔννεπε
1439 1642 1553 1679 Mam
1576 1637 1699 1690 μάχην
1729 1635 1845 1678 νεκύων

94 1691 241 1745 Ἡρώων.
267 1693 313 1742 [la
329 1696 438 1730 Croze
454 1696 488 1729 in
509 1703 578 1729 not.
605 1692 645 1729 ad
658 1694 794 1729 Lucian.
820 1702 926 1741 putat,
953 1693 1042 1727 hunc
1063 1693 1226 1727 imitatum
1247 1690 1309 1728 effe
1329 1694 1362 1728 h.
1386 1692 1408 1728 l.
1434 1695 1564 1728 initium
1587 1695 1748 1743 poematis
1769 1694 1846 1742 Epi-

94 1747 240 1797 gonon.]

195 1817 247 1851 De
256 1816 452 1863 aenigmate,
478 1812 572 1863 quod
588 1815 812 1850 Homericum
825 1823 922 1849 vocat
939 1812 1083 1849 Diodori
1098 1816 1268 1862 interpres,
1294 1826 1374 1861 quae
1391 1816 1534 1860 repimus,
1569 1813 1739 1863 amisimus,
1767 1824 1847 1860 quae

94 1880 160 1904 που
176 1870 324 1916 cepimus,
339 1867 498 1909 habemus,
525 1869 679 1904 meminit
692 1865 866 1903 Diodorus
881 1868 947 1903 Sic.
966 1865 1023 1903 lib.
1045 1868 1084 1902 V.
1101 1879 1133 1916 p.
1149 1879 1216 1910 217.

155 2552 269 2585 rom.
919 2541 1019 2578 ccc
1551 2533 1757 2574 CAPVT
1788 2535 1853 2573 111
