2183 2747
0 117 41 148 ὀί.
49 117 72 147 1.
83 124 108 151 v·
118 118 166 148 ⁶·⁴
559 110 562 113 ⁴
748 117 812 152 ET
845 115 959 152 VITA
974 167 977 169 q
1212 114 1289 153 Lib.
1301 116 1352 152 ΙΙ.
1369 127 1392 151 e.
1407 114 1565 152 XVIII.
1670 127 1727 159 237

0 214 65 251 [ΠΙ.
88 226 189 264 pagg.
206 219 278 260 598.
293 225 356 260 599
377 209 422 264 sq.
445 214 519 257 603.
536 214 616 256 604.
647 212 782 260 Hatria]
822 215 898 249 Oris
917 215 984 248 eius
999 210 1199 249 rotunditate
1213 214 1258 248 vti
1273 208 1305 249 sc
1319 211 1476 248 adfirmat
1489 210 1723 261 Aristophanes

0 265 62 333 pud
85 267 300 302 Pluearclmm
320 265 361 302 de
385 263 555 302 audiendis
579 267 684 300 Poetis
710 280 740 315 p.
757 279 804 309 30.
833 266 975 317 χρῶμα]
998 261 1072 317 ’γάρ
1093 262 1188 305 αὐτ-ἔ
1208 266 1256 305 'ris'
1275 261 1435 315 ςόμοιτος
1457 265 1508 303 τῶ
1530 262 1724 317 ςςογγύλω.

0 321 108 355 wabrie.
163 319 303 366 [Pam-a,
331 329 494 369 quantum
514 331 573 368 per
587 318 722 353 instituti
740 321 903 355 rationem
920 318 1098 361 fierilicet,
1123 316 1244 354 addere
1265 321 1368 355 iuuat.
1422 319 1467 354 Vt
1489 308 1596 354 'vultus
1621 308 1723 352 animi

0 370 97 414 zdex,
122 374 166 407 ita
188 371 260 407 libri
284 373 445 421 imagines
467 368 606 407 suorum
630 382 805 421 parentum
830 370 892 408 esse
912 369 1035 408 solent:
1061 370 1113 419 id,
1139 370 1230 422 quod
1253 374 1287 407 in
1313 369 1470 421 Euripide
1491 367 1660 421 perspicue
1680 369 1723 405 est

0 421 200 461 minifestum.
254 424 313 460 llle
329 427 419 460 euim
437 434 472 460 vt
485 426 517 459 in
536 426 620 466 vita,
647 426 690 458 ita
712 437 846 473 quoque
868 427 903 460 in
925 423 1100 474 tragoediis
1122 434 1189 460 erat
1209 422 1356 467 seuerus,
1391 423 1554 469 constans,
1589 426 1722 472 patriae,

0 479 101 514 irtutis
117 488 216 526 atque
230 475 464 526 philosophiae
491 479 524 512 ¹⁴11
549 479 665 526 primis
688 474 857 515 studiosus.
908 479 959 514 Ex
984 475 1098 514 schola
1117 480 1253 527 Anaxav
1262 491 1335 513 §rae
1355 486 1386 512 et
1405 474 1628 512 familiaritate
1646 489 1724 511 cum

0 541 110 567 ocrate
126 533 251 580 accepit
265 542 296 566 et
311 533 449 566 nutriuit
465 542 620 565 amorem
635 526 885 579 philosophiae,
913 541 1010 580 atque
1027 544 1066 566 ex
1083 528 1252 580 disciplina
1276 532 1441 567 Socratica
1465 533 1532 565 cius
1550 531 1725 578 praecipue

0 585 96 626 artis,
123 595 208 634 quae
223 581 263 618 ad
280 596 392 619 mores
405 585 547 633 pertinet
566 580 804 618 emendandOS.
860 584 914 619 De
936 582 1101 633 Euripidis
1128 586 1286 634 opinione
1304 582 1345 619 de
1369 581 1453 625 deo,
1482 581 1573 632 quod
1588 580 1643 622 sit,
1659 582 1724 617 ‘vel

0 649 46 673 on
66 634 123 678 fit,
152 633 299 671 laudauit
314 636 436 683 Richey
454 638 487 670 in
505 637 592 671 notis
616 637 707 670 mstis
729 633 769 670 ad
793 635 916 671 Fabric.
944 636 1039 673 Plut.
1055 636 1136 672 Phil.
1156 642 1244 674 1622.
1267 650 1297 686 p.
1315 639 1393 682 640.
1408 635 1466 671 lin.
1483 644 1512 675 8.
1541 648 1558 669 a
1580 635 1618 680 Q.
1640 633 1725 669 Cice-

0 687 121 726 mlib.
141 689 230 723 XVI.
254 685 335 724 sam.
355 696 385 730 8.
409 686 572 725 laudatur.
631 690 798 724 Praeterea
822 691 901 724 vixit
923 702 957 723 ea
981 698 1103 732 aetate,
1136 702 1199 739 qua
1224 702 1335 725 mores
1351 687 1566 739 popularium
1584 687 1725 726 luxurie,

0 743 245 791 nempe-tantia,
283 741 469 791 artibusque
500 738 740 791 sophistarum,
772 739 1062 790 demagogorum,
1098 744 1273 777 rhetorum
1306 755 1337 777 et
1368 743 1599 791 potentiorum
1628 749 1725 788 atque

0 791 73 831 husu
89 793 298 844 eloquentiae
315 797 399 830 mire
415 804 507 829 erant
524 797 692 844 corrupti,
720 808 758 829 ac
782 790 871 829 sexus
897 794 1057 843 posterior
1080 810 1097 830 a
1114 794 1246 844 pristina
1265 793 1462 830 verecundia
1490 804 1586 842 atque
1602 791 1726 841 pudici-

0 860 18 883 α
33 849 175 882 nimium
197 858 360 896 quantum
378 844 554 882 desciscens
573 849 674 882 vitam
692 847 808 896 agebat
825 844 1045 883 libidinosam.
1100 850 1189 883 Hinc
1205 857 1403 896 perpetuum
1420 844 1502 882 illud
1522 859 1581 895 per
1601 842 1725 880 sentcn-

0 911 33 935 ις
46 898 189 935 docendi
207 910 238 935 et
253 898 542 936 emend-undosum
559 902 684 935 ciuium
705 912 743 934 ac
764 897 964 935 iudiciorum
988 898 1129 936 studium
1144 929 1154 945 ‚
1183 897 1272 935 conf.
1285 898 1438 936 Valcken.
1454 899 1559 934 Diatr.
1577 895 1724 947 Euripid.

0 966 47 1003 up.
63 953 181 988 xxm.
198 965 229 1001 p.
247 965 308 997 250
328 949 396 1002 sqq.
412 963 442 988 et
458 953 570 988 crebra
591 952 648 988 illa
672 949 877 988 feminarum
895 950 1076 988 insectatio.
1131 955 1173 988 At
1194 950 1344 988 seueritas
1365 953 1448 987 vitae
1470 953 1659 1000 ingeniique
1680 947 1728 984 fe·

0 1007 35 1048 it,
61 1014 96 1041 vt
112 1003 256 1042 modum
275 1004 456 1041 excederet.
484 1002 575 1041 conf.
594 1005 700 1052 Bayle
716 1006 804 1041 Didi.
823 1006 862 1041 ΙΙ.
877 1004 1052 1055 Euripide,
1078 1018 1109 1053 p.
1127 1016 1193 1047 431.
1209 1006 1283 1051 (T.)
1307 1015 1338 1040 et
1352 1001 1421 1054 sqq.
1443 1015 1550 1039 netas.
1603 1003 1727 1050 Tragi-

0 1069 30 1095 us
53 1069 152 1108 poeta
173 1055 237 1094 esse
260 1057 395 1108 quidem
420 1056 516 1094 debet
543 1055 783 1108 philosophus,
814 1055 869 1094 sed
891 1057 982 1101 talis,
1005 1057 1109 1108 qualis
1136 1055 1198 1092 suit
1220 1056 1413 1107 Sophocle&
1471 1057 1550 1092 Non
1572 1055 1727 1090 vmbram

0 1111 108 1148 'tholae
126 1109 277 1147 redolere
294 1109 390 1147 debet
405 1113 472 1147 eius
493 1107 727 1161 philosophia,
752 1124 813 1147 nec
829 1124 968 1147 omnem
987 1113 1131 1160 arripere
1149 1112 1174 1145 is
1191 1109 1286 1146 debet
1302 1107 1510 1146 occasionem
1534 1103 1728 1143 sententiose

0 1162 122 1211 kendi,
147 1162 206 1199 nisi
229 1163 375 1199 taedium
398 1162 570 1214 quoddam
595 1166 736 1200 excitare
750 1163 838 1200 velit.
895 1165 1050 1214 Namque
1069 1162 1289 1200 dramaticum
1313 1173 1467 1212 poetam,
1489 1174 1560 1196 non
1582 1156 1727 1210 philoso-

0 1216 98 1259 hum,
128 1215 206 1252 lieet
225 1216 432 1266 elegantem,
459 1226 595 1252 acutum
617 1227 713 1266 atque
737 1215 970 1267 eloquentem,
1008 1215 1112 1266 qualis
1137 1218 1279 1252 omnino
1307 1213 1371 1250 suit
1393 1212 1579 1263 EuripideS,
1612 1222 1643 1248 et
1671 1213 1728 1262 qui

0 1266 206 1319 hilosophiae
221 1279 277 1305 aut
291 1269 500 1318 eloquentiae
517 1280 709 1313 amantem,
735 1279 770 1305 vt
789 1270 950 1319 Agathou
969 1267 1171 1311 Wielandii‚
1198 1270 1305 1317 magis
1329 1267 1520 1308 delectabit,
1555 1279 1655 1315 quam
1678 1277 1727 1300 ar-

0 1332 16 1359 Ι
29 1320 228 1358 dramaticae
244 1331 277 1358 et
290 1323 428 1358 ac‘lionis
449 1321 629 1372 cupidum,
656 1325 690 1358 in
704 1320 906 1371 Tragoediis
923 1321 1036 1358 audire
1052 1331 1107 1358 aut
1121 1320 1233 1370 legere
1253 1323 1355 1356 iuuat.
1409 1318 1535 1355 Odium
1558 1321 1658 1367 igitur
1682 1314 1727 1352 se-

0 1376 142 1412 finarum
167 1378 200 1410 in
224 1387 265 1410 eo
289 1387 424 1425 quoque
449 1377 672 1423 vituperatum
694 1376 792 1411 habet
824 1375 972 1424 aliquam
995 1371 1253 1410 excusationem.
1326 1374 1416 1408 Nam
1439 1371 1669 1421 HippolytuS,
1694 1372 1729 1404 in

21 1428 29 1437 ‘
53 1440 68 1463 s
95 1430 129 1463 in
153 1429 268 1477 primis
294 1425 405 1463 fabula
425 1426 469 1463 est
488 1428 545 1464 illa
560 1425 690 1464 famosa
713 1438 745 1464 et
761 1426 962 1463 acerbissima
979 1424 1072 1463 sexus
1088 1425 1279 1477 posterioris
1295 1422 1474 1464 accusatio,
1499 1435 1565 1460 erat
1582 1425 1727 1458 venatio-

0 1438 131 1527 rimice
147 1476 307 1516 studiosus
325 1491 355 1516 et
371 1477 577 1516 feminarum
594 1477 681 1517 osor.
733 1480 834 1530 Qod
851 1491 962 1516 tamen
977 1483 1111 1516 nutricis
1134 1490 1205 1515 arte
1224 1479 1349 1529 laqueis
1371 1479 1472 1527 turpis
1496 1479 1619 1513 amoris
1641 1473 1670 1511 se
1686 1477 1725 1509 ir-

0 1531 159 1581 ffiendum
172 1562 182 1579 ,
209 1543 272 1569 eta
288 1546 452 1576 nouerca,
479 1532 645 1576 Phaedra,
673 1532 788 1570 illicito
804 1547 901 1569 more
918 1535 1022 1568 amari
1037 1531 1207 1575 audiebat,
1233 1534 1360 1567 iuuenis
1376 1545 1393 1566 a
1407 1540 1522 1565 natura
1546 1525 1671 1565 sobrius
1695 1537 1726 1562 et

0 1583 178 1636 inperans,
204 1582 407 1622 sanetiffimis
424 1586 596 1629 moribus,
623 1596 655 1622 et
678 1583 808 1622 seuerae
823 1583 1057 1636 philosophiae
1073 1584 1221 1622 addidius
1244 1595 1319 1634 apte
1342 1584 1423 1632 fingi
1439 1591 1591 1632 potuerat
1612 1582 1725 1630 generi

0 1635 122 1677 &lineo
143 1640 308 1675 inimicus,
381 1641 424 1673 At
445 1638 618 1689 Euripides
644 1641 789 1674 nimium
814 1636 967 1674 adfundit
986 1637 1103 1674 lumen
1127 1648 1159 1674 et
1182 1636 1354 1678 colorem,
1388 1634 1498 1678 nulla,
1537 1636 1581 1670 vti
1603 1633 1727 1679 decuit,

0 1690 91 1742 plura
105 1702 341 1741 temperatum.
382 1691 419 1726 In
439 1690 572 1741 reliquis
587 1705 723 1742 quoque
739 1705 849 1727 mores
868 1689 1073 1727 feminarum
1086 1694 1269 1727 Atticarum
1287 1686 1470 1733 infestatus,
1495 1689 1625 1737 grauius
1643 1685 1725 1721 iusso

0 1736 141 1790 &bitur
158 1746 192 1780 in
211 1744 294 1780 illas.
348 1745 436 1779 Nam
453 1743 625 1794 Euripides
647 1741 810 1781 formauit
825 1745 1029 1781 characteres
1054 1741 1142 1783 καθ’
1164 1747 1305 1785 &noc-702⁴,
1332 1743 1396 1778 hoc
1421 1740 1484 1782 est,
1514 1737 1726 1775 indiuiduum

0 1791 85 1833 *us
98 1795 264 1847 depinxit,
293 1809 394 1845 quam
413 1809 536 1846 genus;
563 1810 668 1847 quum
689 1797 874 1847 Sophocles
889 1794 1053 1839 καθέλε,
1080 1798 1116 1833 h.
1133 1810 1160 1832 e.
1184 1797 1383 1832 characteres
1407 1795 1534 1842 generis
1554 1790 1727 1828 cuiusdam

0 1841 152 1903 ipliores
169 1851 286 1886 rectius
302 1847 454 1898 fingeret.
509 1851 600 1885 Hinc
616 1849 704 1899 apud
724 1849 931 1897 Aristotelem
949 1854 988 1886 A.
1007 1853 1038 1885 P.
1063 1863 1135 1899 cap,
1152 1861 1197 1894 25.
1221 1847 1407 1897 Sophocles
1432 1849 1497 1881 iam
1520 1842 1727 1881 animaduer-

0 1901 39 1943 l‘b
60 1897 92 1937 se
103 1903 257 1938 homines
274 1901 419 1951 fingere,
448 1901 516 1941 σῖες
533 1898 599 1945 δᾶ,
623 1902 818 1952 Euripidem
838 1916 938 1946 vero,
966 1902 1022 1941 οἵοι
1037 1899 1116 1940 εἱσι,
1144 1900 1184 1937 ad
1208 1913 1308 1951 quem
1327 1900 1443 1936 locum
1459 1897 1551 1941 vide,
1578 1895 1602 1933 fi
1627 1896 1728 1939 lubet,

0 1957 104 2004 [Cep.
119 1957 190 2000 196.
206 1956 319 1991 notaui
332 1981 343 1998 ‚
371 1964 415 1998 et,
443 1968 528 2004 quos
545 1957 587 1991 ibi
603 1955 754 1999 laudaui,
781 1954 953 1992 Hurdium
968 1965 1066 2004 atque
1080 1952 1300 2002 Leffingium,
1326 1954 1360 1987 in
1375 1951 1564 2000 Hambur'g.
1585 1951 1726 1986 Drama-

0 2007 102 2056 urgia,
126 2004 211 2042 scida
226 2019 283 2054 94.
344 2008 436 2042 Hinc
456 2006 543 2043 idem
559 2007 702 2054 Aristot.
720 2011 760 2044 A.
777 2010 812 2045 P.
839 2021 910 2058 cap.
930 2015 976 2049 ¹8-
1000 2007 1057 2042 fin.
1077 2017 1192 2049 notat,
1224 2007 1367 2042 chorum
1391 2002 1453 2040 esse
1474 2014 1602 2054 partem
1629 2004 1726 2038 totius

0 2055 122 2111 Qube,
144 2073 273 2110 vnaque
287 2060 419 2096 afflone
432 2059 652 2103 contendere,
679 2074 770 2103 non,
800 2069 834 2096 vt
846 2059 934 2110 apud
952 2060 1166 2106 Euripidem,
1193 2061 1245 2094 cui
1269 2056 1435 2094 interdum
1461 2071 1498 2092 ea
1519 2055 1614 2098 dicit,
1642 2067 1726 2104 quae

0 2110 24 2117 '⁶
73 2113 177 2160 quiuis
191 2109 317 2162 posset,
345 2109 398 2148 sed
418 2123 452 2148 vt
469 2112 557 2163 apud
576 2113 801 2163 Sophoclem,
827 2113 880 2149 vbi
896 2110 1026 2163 semper
1041 2126 1096 2155 ea,
1126 2125 1208 2161 quae
1223 2108 1329 2159 ipsum
1345 2109 1472 2146 decent.
1527 2110 1646 2158 Neque
1672 2106 1726 2142 de-

121 2176 297 2215 moresque
321 2162 558 2214 personarum,
592 2179 672 2216 quas
695 2165 843 2208 induxit,
870 2166 989 2215 vbique
1012 2161 1193 2200 obseruaffe
1213 2162 1352 2199 videtur.
1412 2164 1463 2198 Sic
1483 2163 1567 2198 mihi
1589 2158 1724 2211 quidem

15 2211 97 2262 'gilla
118 2214 245 2252 videtur
259 2219 366 2253 oratio
395 2217 588 2267 Iphigeniae
610 2221 644 2253 in
665 2219 772 2267 Trag.
797 2219 902 2268 lphig.
928 2221 961 2253 in
984 2215 1103 2253 Aulide
1132 2231 1160 2252 ν.
1182 2227 1327 2263 1294—
1345 2227 1432 2259 1310.
1472 2211 1562 2250 conf.
1590 2225 1723 2263 quoque

41 2266 51 2274 '
71 2277 154 2302 tuem
169 2278 284 2305 contra
302 2266 438 2305 Celsum
455 2269 509 2305 lib.
526 2272 598 2306 Vll.
622 2283 698 2320 pag.
714 2274 784 2315 356.
837 2272 928 2306 Hinc
950 2273 1048 2306 etiam
1066 2268 1207 2316 Aristot.
1223 2271 1261 2308 A.
1281 2270 1313 2305 P.
1339 2281 1409 2318 cap.
1425 2280 1469 2311 13.
1492 2267 1604 2316 culpat
1627 2268 1659 2300 in
1681 2278 1721 2300 eo

125 2321 159 2355 in
182 2321 307 2371 aliquot
329 2319 447 2357 sabulis
470 2326 730 2371 oeconomiam:
758 2334 872 2359 contra
890 2320 1028 2368 fatetur,
1051 2336 1127 2358 eum
1153 2319 1215 2357 eise
1238 2331 1413 2371 poetarum
1436 2316 1720 2372 τραγικώτατα,

25 2369 221 2421 &plurimas
234 2373 320 2410 illius
336 2373 521 2424 tragoedias
533 2376 652 2412 habere
671 2375 772 2412 tristes
786 2377 880 2412 vnius
898 2373 1058 2425 personae
1075 2372 1099 2410 s.
1114 2372 1261 2410 familiae
1274 2372 1507 2410 conuerfiones
1533 2384 1630 2422 atque
1655 2373 1720 2406 exi·

19 2423 236 2476 statuaque,
258 2429 314 2477 qui
333 2429 502 2465 tenerrimi
525 2426 602 2465 ess‘et
624 2438 724 2480 poeta
745 2431 848 2465 anim}
871 2439 901 2463 et
929 2426 1024 2464 facile
1047 2436 1242 2464 moueretur
1263 2429 1360 2464 variis
1374 2429 1499 2478 patriae
1515 2424 1588 2462 suae
1603 2427 1720 2460 huma-

861 2482 892 2517 G
902 2493 924 2530 g
950 2495 968 2526 3
1594 2489 1721 2526 naeque
