2071 2747
169 159 238 204 698
327 154 418 191 bib.
431 154 482 189 ΙΙ.
496 166 521 190 c.
532 152 682 192 XXJV.
789 149 1106 188 ANTISTHENIS
1143 150 1338 185 SCRIPTA
1735 149 1919 185 vatnam

169 253 257 290 “4130
267 247 350 284 ΙΠΠ)
375 242 428 287 vir
442 253 564 294 animo,
590 251 678 286 varia
702 245 834 298 scripsit,
856 246 1021 284 distributa
1047 248 1078 280 in
1102 255 1214 280 tomos
1239 242 1374 287 decem,
1402 258 1486 294 quae
1507 243 1601 289 vide,
1628 244 1652 282 fi
1675 246 1802 296 placet,
1833 244 1922 296 apud

172 306 346 343 Laertium
362 306 418 339 Vl.
437 316 467 348 15
486 302 530 354 sq.
549 316 580 338 et
599 316 682 352 quae
698 301 736 337 ad
757 304 849 337 iil-„nu
868 300 981 336 locum
1002 300 1176 343 xrtcnagius
1197 309 1233 332 ac
1255 295 1479 333 Culaubonus.
1535 300 1623 335 lntcr
1646 298 1709 335 alia
1736 299 1777 335 ibi
1792 292 1924 335 meino-

175 368 291 394 rantur
309 357 512 403 Antisthenis
525 357 613 395 Αἴας
629 366 660 391 et
675 351 873 396 Ὀὃυσσεύς,
901 366 984 402 quae
999 349 1164 399 hodieque
1179 348 1322 391 exstant,
1348 360 1380 386 ct
1394 347 1468 387 sunt
1483 351 1597 387 breues
1612 353 1763 401 μελέτα]
1785 349 1852 387 fiue
1870 349 1925 388 de-

177 410 393 448 clamationes
419 407 476 444 sub
499 412 605 446 Aiacis
626 418 657 444 et
682 408 802 453 Vlytlis
823 408 961 442 nomine
983 400 1200 451 compulitae.
1243 402 1348 449 [Cum
1366 404 1435 438 aliis
1450 405 1636 440 oratoribus
1655 407 1688 440 in
1702 403 1778 441 cod.
1795 405 1926 440 Veneto

176 465 219 500 D.
238 464 345 498 Marci
364 463 501 500 Dxxu.
527 461 604 498 teste
621 461 804 508 Catalego,
831 470 862 493 et
885 470 931 492 nr.
954 456 1314 491 MMDccchle.
1328 458 1361 490 in
1379 455 1474 490 catal.
1489 456 1564 492 bibl.
1581 470 1651 506 reg.
1669 453 1762 492 Paris.
1791 469 1824 506 p.
1841 459 1925 502 575.]

178 516 300 550 Graece
316 529 367 550 eas
383 512 483 550 edidit
501 514 612 550 Aldus
629 526 707 548 cum
727 510 912 551 Aeschinis,
939 508 1053 553 Lyliae
1069 519 1100 543 et
1114 508 1258 543 aliorum
1276 508 1498 544 Orationibus.
1526 512 1641 546 Venet.
1660 521 1737 554 1513.
1760 506 1820 546 fol.
1876 509 1928 543 ln-
1964 509 1967 514 '

176 567 217 604 de
238 568 283 604 H.
299 568 478 614 Stephanus
493 569 575 602 inter
592 568 748 602 Oratores
765 574 885 599 veteres
901 575 975 597 ann.
998 574 1076 606 ¹575-
1094 557 1155 595 fol.
1185 561 1297 609 [atque
1320 561 1424 596 Renk.
1442 563 1472 595 in
1492 562 1624 598 Orator.
1641 574 1841 612 graecorum
1857 560 1927 597 col·

177 620 251 657 lest.
270 619 336 656 vol.
353 620 440 655 vm.
473 632 547 670 pag.
567 632 602 664 5²
618 615 702 668 sqq]
759 616 875 650 Latine
891 616 985 650 vertit
1004 613 1096 649 Gall.
1118 613 1298 655 Caum-us,
1324 611 1364 648 ad
1388 613 1516 649 calcem
1532 613 1697 657 Aristidis,
1722 612 1815 649 Basil.
1835 615 1926 660 1566.
1954 656 1976 665 ,

178 670 240 709 sol.
294 674 429 721 Legitur
450 684 583 721 quoque
608 668 742 719 epistola
768 665 823 703 sub
850 667 1047 703 Antisthenis
1069 667 1207 701 nomine
1231 663 1271 701 ad
1298 665 1519 716 Aristippum,
1551 667 1600 714 [in
1622 665 1928 703 cod.MMM1,1v.
1955 686 1958 689 >

178 725 329 762 biblioth.
344 737 411 774 reg.
426 722 518 759 Paris.
537 735 618 758 tom.
637 724 676 758 11.
698 721 851 769 Catalogi
868 733 943 770 pag.
959 721 1054 762 603.]
1073 723 1157 754 inter
1173 720 1421 754 Socraticorum
1437 719 1610 768 Epistolas,
1624 720 1664 755 ab
1679 718 1802 756 Allatio
1817 717 1928 756 editas.

179 775 266 821 Vide
281 773 377 825 supra
395 790 464 826 cap.
484 778 521 811 X.
537 788 586 810 nr.
605 786 648 819 35.
668 771 937 809 Diss’ertationem
954 771 1031 822 περὶ
1046 772 1093 811 ri?
1106 768 1153 821 μὴ
1171 766 1249 818 ἆτος
1268 768 1463 817 α’ντιλέγεςν
1485 784 1516 807 ct
1539 771 1741 808 simultatem
1756 771 1832 808 inde
1850 784 1930 806 cum

181 829 319 868 Platone
335 841 443 866 ortam
454 857 464 871 ,
486 825 710 876 scriptumque
727 823 881 862 aduersus
897 827 986 860 hunc
1001 825 1174 869 dialogum
1192 823 1351 862 Σάθωνα
1366 835 1533 860 memorat
1552 825 1708 860 Laertius
1723 826 1778 860 ΙΙΙ.
1792 835 1836 870 35.
1865 821 1929 864 Sed

181 892 214 920 et
240 881 411 919 Platonem
435 884 465 915 in
488 879 639 928 dialogos
667 876 741 914 suos
764 878 928 928 quaedam
951 891 990 913 ex
1009 875 1206 912 Antisthenis
1225 875 1368 911 diatribis
1385 874 1576 913 transtuliss'e
1598 880 1727 914 notauit
1740 877 1932 913 Attanum

181 927 238 971 Xl.
258 947 330 983 pag.
350 940 422 979 508.
448 946 466 968 e
480 934 715 982 Theopompo
732 933 834 967 Chio.
891 929 1087 966 Antisthenis
1103 925 1359 980 We⁹⁷e⁶⁷¹⁷¹²<35
1373 932 1491 964 citatur
1505 943 1523 964 a
1542 929 1676 966 Polluce
1692 931 1748 965 Vl.
1764 936 1818 976 98.
1843 939 1875 966 et
1889 928 1929 964 X.

183 983 260 1022 sec‘l.
281 993 334 1030 98.
360 983 557 1022 Aeschinem
577 986 783 1021 Socraticum
803 983 886 1019 olim
901 985 1009 1032 arguit
1029 979 1196 1024 Persaeus,
1222 981 1313 1031 quod
1335 982 1531 1018 Antisthenis
1548 979 1665 1032 scripta
1689 981 1852 1033 quaedam
1874 978 1932 1017 fibi

184 1036 358 1081 tribuill'ct,
379 1036 467 1087 apud
485 1037 643 1074 eumdem
660 1038 831 1072 Laertius»
846 1037 885 1070 Π.
901 1039 950 1072 61.
1003 1036 1056 1070 De
1073 1034 1159 1071 libro
1177 1036 1336 1083 Magico,
1362 1048 1463 1084 quem
1479 1037 1555 1070 huic
1570 1035 1753 1072 Antistheni
1767 1049 1786 1072 a
1800 1033 1931 1084 quibus·

182 1090 260 1126 dam
277 1092 434 1126 tributum
457 1093 501 1126 ait
517 1089 653 1132 Suidas,
675 1088 742 1125 dixi
764 1092 798 1124 in
815 1089 968 1125 Eleneho
992 1085 1191 1136 scriptorum
1214 1087 1396 1124 Aristotelis
1419 1086 1681 1138 deperditorum.
1735 1087 1939 1124 Antisthenis.

181 1141 354 1180 sectatores
376 1140 615 1184 Ἀντισθένειοι
637 1141 847 1191 adpellantur
867 1140 1036 1187 Aristoteli
1057 1141 1143 1174 wll.
1168 1152 1197 1183 3.
1215 1139 1437 1190 Metaphylic.
1498 1140 1612 1187 [Plura
1632 1140 1673 1177 de
1696 1140 1832 1183 nostro,
1860 1141 1930 1175 eiua

182 1207 304 1242 aetate,
333 1198 414 1239 vita,
436 1197 605 1238 moribus,
630 1197 766 1244 ingenio
791 1203 824 1230 et
845 1192 970 1243 placitis
993 1190 1143 1242 secl-ique
1165 1194 1374 1239 Cynicorum
1398 1190 1606 1240 disputarunt
1629 1194 1777 1230 Gottlob.
1798 1192 1929 1228 Ladon.

182 1249 328 1285 Richter.
348 1251 383 1284 in
407 1245 476 1284 diff.
500 1246 558 1284 sub
581 1247 742 1297 praesidio
765 1247 912 1283 Gottlieb
927 1245 1035 1282 Stollii
1057 1247 1178 1287 habita,
1202 1245 1244 1281 de
1261 1247 1344 1286 vita,
1371 1245 1520 1281 moribus
1543 1258 1574 1282 et
1588 1245 1714 1296 placitis
1734 1244 1931 1282 Antisthenis

183 1303 309 1346 cynici,
334 1301 405 1346 (vbi
422 1299 463 1336 de
478 1301 566 1337 libris
585 1299 782 1336 Antisthenis
798 1312 932 1349 quoque
947 1294 1101 1347 copiosus
1117 1297 1189 1340 ελ)
1216 1299 1326 1341 lenae,
1351 1311 1440 1343 ¹724·
1456 1309 1486 1342 4.
1514 1318 1566 1327 —-
1593 1298 1682 1336 Lud.
1700 1299 1780 1336 clar.
1793 1297 1932 1334 Craellias

183 1365 298 1403 progr.
315 1351 355 1388 de
371 1353 562 1390 Antisthene
578 1354 719 1400 Cynico.
748 1351 890 1401 Lipsiae,
919 1357 1005 1396 1728.
1023 1362 1054 1394 4.
1085 1371 1134 1376 -—
1164 1351 1298 1386 Stanleii
1324 1350 1438 1386 histor.
1460 1348 1576 1400 philos.
1602 1363 1685 1401 part.
1701 1353 1759 1387 vl.
1785 1356 1861 1400 Pag.
1876 1355 1951 1386 ποῖ’

183 1402 228 1455 sq.
257 1403 332 1441 edit.
351 1405 471 1442 latinae
488 1408 643 1442 Venetae.
675 1425 721 1431 —
764 1405 920 1441 Brucker.
939 1402 1008 1438 hist.
1028 1405 1098 1438 crit.
1116 1400 1236 1452 philos.
1253 1402 1320 1439 vol.
1337 1406 1361 1439 1.
1378 1418 1409 1453 p.
1424 1405 1492 1446 860
1507 1423 1558 1429 —
1574 1411 1648 1450 893,
1674 1424 1724 1431 --
1755 1398 1937 1451 Chausept'e'

184 1461 219 1493 in
233 1458 405 1508 Supplem.
426 1460 502 1494 Lex.
521 1457 612 1505 Bayl.
628 1468 713 1494 tom.
730 1459 754 1496 1.
773 1469 848 1506 pag.
863 1458 928 1499 360
944 1453 1012 1505 sqq.
1037 1475 1089 1482 —
1115 1454 1252 1492 Gedicke
1267 1458 1301 1491 in
1316 1457 1367 1492 Μ.
1386 1456 1434 1491 T.
1452 1456 1621 1492 Ciceronis
1640 1454 1771 1491 historia
1785 1451 1930 1506 philoso-

183 1511 280 1558 phiae
296 1514 448 1560 antiquae
465 1525 496 1562 p.
515 1524 575 1558 259
595 1531 639 1538 —
656 1521 723 1554 271.
751 1530 800 1538 —
830 1508 981 1555 llseinnrJ]
999 1510 1031 1542 in
1045 1506 1272 1544 doctrinarum
1297 1506 1384 1558 apud
1408 1509 1554 1545 Graecos
1578 1519 1609 1544 et
1634 1510 1809 1544 Romanos
1835 1506 1932 1543 hisso-

184 1565 251 1605 ria,
277 1574 359 1599 tom.
377 1564 415 1598 ll.
432 1577 505 1613 pag.
523 1566 594 1601 666
612 1559 681 1613 sqq.
715 1582 766 1590 —-
800 1563 903 1598 Natus
926 1557 1019 1596 fuilse
1039 1558 1167 1596 videtur
1183 1572 1257 1596 ante
1274 1562 1415 1610 Olymp.
1434 1562 1504 1596 XC.
1525 1564 1600 1610 quia
1615 1572 1688 1597 ante
1703 1557 1933 1610 philosophiae

186 1614 329 1651 studium
354 1613 504 1666 sequutus
527 1615 571 1652 est
595 1615 766 1655 militiam,
801 1626 876 1650 ante
897 1614 1068 1648 Socratem
1095 1626 1192 1652 vero,
1223 1613 1364 1663 Olymp.
1383 1614 1484 1649 XCV.
1506 1616 1586 1648 viuis
1612 1624 1784 1663 ereptum,
1809 1610 1934 1648 audiuit

185 1669 369 1717 Gorgiam,
404 1672 459 1717 qui
481 1667 623 1718 Olymp.
639 1668 766 1703 LXXX.
794 1670 862 1703 iam
887 1666 1012 1707 clarus,
1039 1665 1182 1714 Olymp.
1205 1668 1244 1702 C.
1274 1666 1369 1702 valde
1389 1663 1484 1702 senex
1502 1663 1688 1715 superuixit.
1719 1664 1782 1701 vid.
1797 1665 1935 1715 lousa·

187 1719 227 1757 de
245 1717 393 1770 scriptor.
409 1720 480 1759 hist.
500 1721 581 1770 phil.
601 1722 620 1757 Ι.
637 1733 708 1769 cap.
722 1725 752 1759 8.
772 1733 802 1770 p.
818 1732 875 1764 40.
904 1718 1004 1753 stalle
1019 1717 1041 1753 l.
1059 1731 1087 1754 c.
1107 1731 1137 1766 p.
1152 1721 1185 1754 6.
1203 1730 1235 1753 et
1253 1720 1404 1754 Bmcker.
1418 1718 1440 1755 l.
1459 1732 1504 1754 m.
1525 1732 1556 1767 p.
1572 1720 1643 1759 362
1669 1730 1740 1755 not.
1758 1725 1783 1754 t.
1837 1719 1933 1753 Mor·

188 1780 261 1807 tuus
280 1774 323 1808 est
340 1775 475 1809 Athenis
495 1787 620 1809 annum
639 1773 738 1808 LXX.
756 1785 876 1821 agens,
902 1771 978 1806 telle
994 1771 1142 1805 Eudvcia
1157 1773 1189 1805 in
1208 1771 1296 1806 Viol.
1312 1785 1342 1821 p.
1361 1774 1411 1815 56.
1454 1772 1643 1813 Socratem,
1665 1770 1839 1820 postquam
1853 1783 1932 1806 eum

187 1822 322 1862 sedlatus
338 1826 402 1866 est,
431 1839 616 1875 numquam
634 1823 784 1860 deseruit.
813 1822 878 1860 vid.
895 1824 1047 1867 Xeuopli.
1067 1825 1117 1858 M.
1136 1824 1167 1857 S.
1183 1824 1238 1859 lib.
1255 1825 1312 1859 111.
1332 1838 1402 1872 cap.
1419 1835 1456 1859 n.
1482 1823 1575 1871 §.17.
1603 1827 1658 1873 qui
1684 1836 1762 1858 eum
1778 1836 1856 1859 cum
1874 1823 1933 1858 So·

189 1888 277 1913 crate
291 1875 512 1927 disputantem
536 1877 576 1913 de
599 1881 788 1913 amicorum
817 1878 943 1925 preti0,
970 1877 1020 1910 M.
1038 1875 1066 1909 S.
1096 1876 1136 1910 ΙΙ.
1155 1888 1182 1921 5,
1209 1889 1221 1910 ι
1240 1872 1306 1925 sqq.
1332 1877 1475 1916 inducit,
1500 1886 1532 1911 et
1556 1877 1613 1912 lib.
1629 1877 1684 1911 ΙΙΙ.
1708 1889 1780 1925 cap.
1799 1886 1829 1918 4.
1852 1874 1884 1922 §.
1901 1888 1930 1920 4.

189 1942 248 1964 nec
264 1943 340 1966 eum
357 1930 492 1980 quidem
505 1955 514 1968 ‚
540 1929 638 1971 dicit,
664 1925 746 1972 ὧδ”ἤς
762 1943 821 1965 nec
835 1929 946 1978 χορῶν
963 1922 1217 1970 διδασκαλίας,
1244 1930 1315 1978 (qui
1335 1931 1441 1964 choro
1463 1926 1554 1964 daret
1576 1927 1719 1964 modum
1735 1940 1935 1977 carmenque

190 1979 409 2029 auspicaretur
432 1994 490 2018 etc.
519 1981 581 2017 vid.
597 1976 722 2018 Ernesti
745 1985 890 2027 notam.)
914 1978 977 2016 esse
1002 1983 1164 2029 peritum,
1191 1991 1222 2016 et
1245 1991 1358 2016 tamen
1374 1978 1471 2022 scire,
1498 1983 1646 2028 optimos
1663 1981 1797 2017 illarum
1812 1983 1950 2016 artium·

189 2035 362 2081 nmgllros
386 2035 597 2084 eruditosque
617 2034 772 2083 deligere.
827 2036 916 2069 Cum
937 2034 1071 2068 Socrate
1096 2031 1184 2068 idem
1207 2033 1346 2082 loquens
1370 2032 1536 2069 inducitur
1556 2036 1590 2069 in
1614 2031 1794 2083 Symposio
1818 2032 1858 2067 ΙΙ.
1884 2044 1932 2068 ιο.

191 2086 244 2120 ΙΠ-
260 2099 288 2129 7-
319 2089 372 2124 lV.
386 2100 430 2130 34.
448 2101 464 2122 a
482 2088 701 2134 Xeawplionn.
757 2089 839 2122 Eam
857 2099 936 2121 vero
953 2083 1185 2135 philosophiae
1204 2097 1329 2134 partem
1341 2113 1351 2126 ,
1376 2099 1460 2134 quae
1478 2087 1631 2122 homines
1647 2084 1795 2122 redderet
1809 2082 1934 2128 felices,

191 2149 245 2171 aut
271 2150 374 2172 artem
397 2137 558 2175 felicitatis
581 2138 798 2188 acquirendae
823 2137 974 2177 doceret,
1009 2141 1146 2172 maximi
1173 2137 1354 2172 aestimauit
1375 2150 1405 2174 et
1430 2139 1562 2187 reliquis
1585 2140 1739 2187 praetulit
1761 2136 1930 2174 doctrinis.
2016 2143 2071 2178 feti.

191 2188 289 2236 Qod
307 2187 427 2227 sallum
445 2190 626 2241 quemdam
644 2204 723 2242 prae
738 2188 769 2228 se
786 2189 931 2234 serebat,
956 2193 991 2226 in
1007 2189 1178 2240 carpendis
1201 2193 1382 2226 hominum
1403 2192 1566 2234 moribus,
1585 2191 1734 2227 libertate
1748 2202 1828 2226 cum
1846 2202 1932 2225 acer·

1835 2242 1932 2278 bitato

227 2372 324 2416 ffffsl
347 2377 391 2405 Sic
409 2377 555 2407 reddenda
569 2377 632 2408 sunt
651 2379 739 2408 verba
763 2378 813 2409 illa
835 2379 912 2421 apud
929 2378 1035 2421 Eufib.
1088 2380 1145 2413 est,
1169 2381 1297 2414 cynicos
1321 2379 1379 2410 sese
1402 2378 1538 2410 Herculi·
1560 2373 1717 2422 pr'neeipue
1736 2377 1868 2410 aemulo·
1890 2386 1930 2411 nt·

193 2419 254 2449 XV.
282 2428 317 2453 ις.
343 2422 502 2460 Praeparat.
540 2432 613 2456 non,
652 2432 682 2452 vt
718 2423 851 2452 eruditu·
880 2426 1034 2464 intarprn.
1087 2433 1145 2465 que
1163 2425 1326 2454 imitatores
1344 2422 1511 2454 vendit-tre.

182 2460 271 2503 seusu
302 2471 474 2503 anuumque
502 2468 588 2494 tenus
618 2465 855 2496 Heracleoticus.
918 2468 1034 2497 Notum
