2183 2747
20 184 84 214 vot.
96 185 120 214 ῐ·
135 193 161 219 ⁸⁵·
173 193 197 214 ί·
204 189 218 217 8
225 185 248 220 1·
256 191 301 219 Μ
496 183 718 222 ΕΧδΤΛΝΤ
772 184 1001 221 IVDICIVM.
1134 181 1210 219 Lib.
1226 182 1258 219 I.
1283 178 1315 216 ιζ
1322 181 1440 217 XXX
1442 184 1467 217 I
1467 182 1486 216 I
1487 183 1513 218 1.
1697 193 1739 225 ²7
1746 189 1768 224 7

19 296 60 320 ro
80 282 186 319 multa
201 282 443 328 Sibyllinorum
465 281 538 317 loca
559 279 650 330 posse
672 279 809 316 restitui:
835 279 910 324 etfi,
933 279 1023 330 quod
1040 278 1129 316 idem
1150 282 1200 315 vir
1217 277 1334 314 doflus
1358 276 1460 320 addit,
1486 285 1596 326 aperte
1611 274 1769 322 constare,

19 334 111 386 quod
127 337 298 371 Homerus
319 335 432 370 multis
456 337 489 369 iu
511 334 591 369 locis
613 333 667 369 illa
689 332 726 368 sit
743 336 907 376 imitatus,
934 336 1124 375 neminem,
1151 334 1206 381 qui
1230 332 1357 367 anobis
1382 329 1468 366 dieta
1493 329 1680 378 diligentius
1700 341 1772 376 per·

20 387 189 438 penderit.
216 390 244 423 ei
270 387 454 424 existimem
475 397 600 422 temere
623 384 874 422 accrediturum.
930 388 1047 434 Longe
1068 382 1220 435 profedlo
1236 382 1441 419 verisimilius
1458 382 1521 423 est,
1548 382 1695 417 auclorcs
1713 382 1770 415 bu-

18 443 69 477 ius
89 440 296 476 collet‘lionis
311 438 493 485 Sibyllinae
513 449 562 474 tot
583 441 737 476 nouitatis
755 437 954 474 documenta
976 441 1009 474 in
1025 435 1054 473 se
1077 439 1219 487 gerentis
1239 449 1278 472 ex
1302 435 1399 471 isthac
1413 437 1558 471 Homeri
1578 444 1609 470 ct
1627 433 1771 468 alioruin

17 503 196 544 poetarum
218 495 440 528 Ethnicorum
461 494 662 532 imitatione,
690 502 761 526 tum
786 490 997 527 adiunctione
1019 489 1231 540 quorundam
1251 487 1467 525 oraculorum
1489 487 1667 523 celebrium
1690 488 1773 523 int&

22 547 170 582 Graecos
182 558 221 580 ac
240 547 428 587 Romanos,
448 558 522 580 eam
539 544 711 593 gentilibus
727 543 931 594 probabilem
947 542 1094 587 reddere,
1124 544 1421 591 auffloritatenique
1437 539 1612 576 conciliare
1626 534 1772 574 voluiffe.

238 635 309 668 vll.
365 633 479 680 Longe
496 632 644 679 plurima
661 631 857 679 nittemstmt
874 632 904 668 in
919 631 975 666 hac
994 629 1185 673 tollendum,
1209 631 1397 665 nominatim
1411 634 1504 674 atque
1517 627 1589 676 infit
1606 627 1709 661 verbis
1718 636 1774 671 pe-

18 686 83 721 tito
98 684 250 732 exsuctis
265 686 384 726 literis,
413 697 475 719 non
494 686 611 719 vem-is
629 691 771 729 tantum,
791 683 855 731 scd
869 691 898 718 ct
917 683 1006 718 Noui
1027 681 1227 729 Testamenti.
1280 683 1372 717 Hinc
1387 683 1473 717 recle
1489 679 1599 716 diuina
1618 675 1773 728 sapientia

19 735 107 786 apud
122 739 371 773 Nazianzenum
390 741 424 773 in
441 735 571 773 erudito
587 739 752 779 carmine,
779 749 847 786 quo
863 734 1058 773 Nemestum
1079 733 1119 770 ad
1146 732 1414 785 ampledlendam
1433 733 1552 771 Chrissi
1573 730 1772 781 religionem

19 787 213 827 adhortatur
226 791 271 826 T.
288 803 317 826 2.
334 804 366 841 p.
386 802 455 836 144.

444 871 541 912 Ἕρμίσ
564 871 578 902 o‘
604 871 749 913 τμεηίριης
772 873 845 907 ι’μοῖς
867 871 981 901 himen
997 871 1101 912 ifn'yoa,

442 929 520 962 ’0⁹'
541 931 652 966 ἒθίλον,
689 930 782 971 rutupi»
804 929 832 960 dl
859 933 931 966 σΙβοι
960 933 1077 972 [abforet
1100 931 1242 965 Σίβυλλα,
1267 929 1326 979 [Ψ]

442 984 500 1015 Τῗς
521 983 644 1021 μιγέλης
665 983 791 1016 &trituret
813 982 982 1019 ἐλαυνόμενοι
1009 985 1143 1017 βελέεσσιν

450 1041 534 1071 Οὖδδν
556 1044 747 1082 ὂκιῗρέῷομιι,
769 1043 816 1081 ’(ᾳί
839 1039 859 1071 ὅ
881 1054 945 1071 vavor
968 1037 1045 1072 ἕσσον
1066 1043 1172 1080 ἵκοιντο,

441 1099 489 1131 Ου’
509 1100 622 1142 θεόθεν,
644 1103 753 1137 βίβλων
773 1099 801 1130 δι’
821 1101 1045 1141 παραβλέῷαντες
1067 1103 1152 1137 sporo.

19 1179 53 1215 P.
75 1178 209 1215 Garzias
233 1175 391 1220 Galam,
418 1176 621 1226 Theologus
644 1190 682 1212 ac
703 1174 925 1226 Philosophus
942 1174 1128 1226 Hispanus,
1155 1179 1189 1211 in
1211 1175 1418 1225 Euangelicis
1439 1172 1691 1210 institutionibus
1706 1184 1774 1209 car-

18 1233 110 1266 mina
137 1230 297 1277 Sibyllina
317 1243 396 1266 cum
419 1230 450 1265 S.
466 1230 652 1279 Scripturae
670 1229 752 1266 locis
777 1227 931 1266 conferre
955 1242 991 1264 ac
1013 1242 1209 1278 comparare
1234 1240 1390 1270 conatus,
1424 1225 1575 1262 laudatur
1604 1226 1643 1261 ab
1668 1225 1775 1261 Anto-

17 1285 72 1318 aio
95 1283 263 1331 Poffevino
287 1283 354 1318 Lib.
373 1285 411 1318 11.
441 1281 520 1317 Bibl.
541 1279 647 1318 sele&
664 1295 735 1333 cap.
751 1295 797 1326 71.
828 1281 979 1331 [Singula
1003 1281 1077 1317 loca
1098 1283 1128 1316 S.
1155 1282 1186 1315 S.
1207 1295 1224 1316 e
1244 1281 1359 1330 quibus
1386 1277 1636 1315 acrostichidem
1659 1279 1775 1314 audlor

18 1333 214 1386 compilass‘e
229 1334 331 1370 videri
351 1345 469 1384 queat,
493 1332 652 1383 congeffit
677 1346 708 1370 et
727 1337 936 1385 comparauit
957 1334 1111 1369 Eckhard
1128 1333 1180 1369 lib.
1195 1346 1297 1369 mem.
1318 1345 1392 1382 pag.
1409 1334 1553 1378 59—63.
1580 1330 1696 1376 Harl]

188 1426 275 1460 VIII.
302 1424 382 1460 Non
406 1424 620 1471 complcffitur
642 1424 715 1460 haec
737 1424 874 1461 colleHio
904 1426 1009 1460 onmia
1037 1430 1068 1458 et
1095 1426 1222 1471 integra
1243 1423 1395 1470 Sibyllina
1413 1450 1422 1463 ,
1455 1422 1567 1469 quibus
1591 1427 1708 1455 vetcres
1732 1418 1778 1468 vſs

9 1477 93 1525 sunt
117 1476 281 1512 Don-es
302 1476 464 1526 Ecclesiae.
515 1478 568 1513 De
587 1478 733 1513 Ethnicis
757 1477 852 1514 nolui
874 1477 1012 1513 verbum
1029 1474 1168 1518 addere,
1196 1477 1355 1525 quoniam
1377 1488 1425 1509 res
1445 1474 1531 1509 clara
1547 1485 1585 1508 ex
1610 1475 1665 1514 iis,
1692 1484 1776 1521 quae

19 1528 104 1571 dixi,
133 1540 163 1564 et
183 1543 221 1565 ex
245 1540 292 1565 tot
314 1528 458 1575 Sibyllae
479 1529 641 1572 oraculis,
669 1543 752 1580 quae
777 1528 865 1579 apud
889 1532 1032 1566 Graecos
1055 1525 1251 1576 Latinosque
1273 1529 1453 1577 Scriptores
1469 1535 1653 1561 memorata
1668 1526 1700 1559 in
1717 1536 1776 1558 no-

19 1581 89 1616 stris
110 1581 200 1616 nulla
225 1581 358 1617 exssant.
414 1583 545 1617 Seruius
569 1581 610 1618 ad
636 1593 662 1624 3.
685 1581 869 1618 Aeneidos:
896 1583 978 1617 Sane
989 1581 1153 1629 sciendum
1175 1579 1234 1625 est,
1269 1583 1395 1628 inquit,
1430 1581 1533 1612 omnia
1555 1576 1706 1623 responsa
1729 1577 1776 1609 Si.

19 1633 121 1682 hyllae
143 1634 221 1679 plus
242 1634 384 1682 minusue
407 1641 532 1669 centum
558 1636 713 1671 contineri
725 1635 931 1682 sermonibus
945 1647 959 1674 ‚·
998 1637 1040 1669 ita
1064 1636 1152 1668 enim
1184 1635 1293 1681 potius
1318 1630 1498 1679 legendum
1517 1659 1526 1672 ,
1569 1642 1669 1679 quam
1696 1640 1774 1662 cum

19 1683 171 1732 Gyraldo
195 1685 332 1735 dialogo
349 1699 377 1722 2.
401 1685 442 1722 de
463 1685 546 1722 Hiss.
570 1689 696 1723 Poetar.
721 1701 753 1737 p.
771 1699 834 1723 110.
860 1699 924 1721 uon
941 1687 1103 1721 contineri.
1159 1684 1220 1719 Sed
1242 1687 1307 1718 iam
1323 1681 1415 1732 saepe
1431 1681 1573 1717 vidimus
1588 1709 1598 1723 ,
1621 1682 1775 1716 Seruium

18 1741 173 1787 exiguam
201 1742 321 1774 mereri
347 1737 449 1775 fidem
475 1741 509 1774 in
531 1742 586 1782 iis,
631 1753 714 1790 quae
733 1739 775 1776 de
796 1739 922 1786 Sibylla
943 1736 1059 1780 tradit,
1095 1750 1201 1787 neque
1223 1739 1290 1772 eius
1315 1733 1508 1774 sententiam
1531 1734 1674 1786 probant
1693 1733 1774 1768 haec

19 1790 150 1840 Virgilii
170 1789 305 1828 Aeneid.
327 1794 359 1828 6.
380 1806 409 1826 v.
431 1803 482 1836 43.

447 1881 518 1915 Qo
541 1877 593 1910 lati
619 1878 734 1909 ducunt
757 1878 857 1909 aditus
880 1886 1014 1914 eentum,
1039 1878 1112 1908 ostia
1136 1883 1268 1911 centum,

444 1931 534 1961 Vnde
558 1940 651 1962 ruunt
674 1931 802 1962 totidem
826 1942 927 1968 voees,
951 1928 1089 1972 responsa
1114 1926 1252 1963 Sibyllae.

18 2001 108 2050 Qin
132 1998 310 2035 ridiculum
329 1997 385 2042 fit,
425 1998 593 2035 affirmare
610 2028 621 2043 ‚
649 2003 683 2035 in
707 1998 842 2048 singulis
864 2000 950 2036 ostiis
982 2010 1112 2036 tantum
1138 1994 1238 2032 semel
1263 2007 1322 2044 per
1351 2006 1490 2030 omnem
1515 1996 1616 2032 vitam
1645 1989 1774 2029 consul.

20 2063 89 2089 tam
111 2049 206 2088 fuiffe
228 2063 259 2087 et
279 2048 430 2101 responsa
451 2049 582 2087 dedisse.
634 2054 818 2088 Enimuero
840 2052 973 2088 aliunde
995 2050 1066 2087 satis
1093 2048 1236 2090 conflat,
1268 2050 1461 2082 innumeros
1484 2043 1578 2082 fuisse
1600 2045 1700 2082 libros
1717 2042 1775 2087 sub

19 2104 223 2150 Sibyllarum
244 2108 382 2140 nomine
403 2105 443 2139 ab
462 2106 610 2140 Ethnicis
632 2107 789 2148 iactatos,
813 2103 869 2140 etsi
891 2119 961 2141 non
981 2103 1040 2140 nisi
1062 2099 1269 2153 paucissimos
1287 2101 1425 2148 contigit
1445 2112 1463 2134 a
1489 2100 1652 2134 Romanis
1674 2100 1775 2147 recipi

19 2159 213 2194 auctoritate
238 2159 331 2205 Reip.
386 2157 465 2193 Hoc
487 2156 601 2192 multis
620 2160 688 2192 iam
714 2157 907 2193 testimoniis
926 2160 1106 2198 euicimus,
1135 2164 1165 2189 et
1187 2155 1271 2188 inter
1293 2164 1445 2201 paganos
1459 2148 1606 2187 exstitiss'e
1622 2149 1775 2200 complu-

18 2222 70 2245 res
93 2211 187 2244 variis
212 2209 416 2258 temporibus
438 2205 693 2258 pseudomantas
718 2208 785 2245 flue
813 2207 975 2245 falsorum
1006 2206 1221 2244 oraculorum
1254 2203 1495 2249 Sibyllinorum
1523 2205 1775 2240 concinnatores

19 2260 330 2297 demonstrauimus.
391 2262 485 2296 Haec
513 2264 625 2296 omnia
644 2289 653 2304 ,
683 2261 735 2297 vel
766 2264 929 2297 maiorem
954 2259 1068 2296 saltem
1094 2271 1212 2294 eorum
1236 2266 1382 2306 partem,
1415 2259 1471 2305 qui
1492 2259 1525 2291 in
1551 2255 1661 2291 nostra
1683 2255 1776 2290 breui

19 2314 219 2350 colleffione
242 2311 453 2363 quaesiuerit,
482 2311 548 2349 fine
568 2312 670 2350 dubio
691 2317 828 2362 turpiter
851 2311 882 2349 se
903 2311 1067 2349 fefellerit.
1121 2313 1164 2346 At
1187 2322 1248 2345 nec
1270 2307 1534 2344 Christianorum
1556 2318 1705 2344 veterum
1728 2308 1775 2342 Si-

20 2366 147 2411 byllina
168 2369 281 2402 omnia
311 2366 406 2402 nobis
433 2362 495 2401 esse
519 2365 643 2415 reliqua
677 2364 846 2415 perspicue
870 2375 967 2415 patet.
1022 2360 1127 2410 Λέγει
1157 2357 1283 2401 πλέες
1314 2359 1381 2396 stue
1401 2362 1514 2408 plures
1534 2361 1608 2395 libri
1631 2358 1775 2405 Sibyllae

18 2419 184 2467 Phrygiae
213 2429 444 2453 memorantur
468 2431 485 2452 a
513 2418 688 2454 Clemente
719 2417 956 2454 Alexandrino.
1011 2415 1124 2452 Suidas
1152 2413 1338 2450 Chaldaeae
1372 2412 1515 2458 Sibyllae
1538 2412 1648 2448 tribuit
1673 2411 1774 2447 libros

21 2470 142 2509 XXIV.
164 2469 436 2522 compleclentes·
453 2469 587 2507 oracula
610 2471 688 2523 mg}
716 2466 854 2511 παντὲς
876 2469 980 2510 ἕθνες
1003 2485 1060 2516 χρη
1090 2463 1225 2518 χώρας.
1277 2466 1462 2503 melantius
1484 2478 1563 2503 cum
1589 2463 1720 2551 decemb
1727 2465 1774 2552 Sl-

1057 2522 1146 2559 Min
1169 2531 1188 2564 3
1721 2529 1745 2562 y
1760 2537 1774 2546 ·
