2183 2747
453 175 690 220 LITTERAE
743 172 968 215 GRAECAE.

41 284 112 308 mm
139 280 230 318 atque
264 275 413 310 heroum,
443 266 748 316 quae'hebraismum
773 271 895 304 sonent:

23 322 26 324 ’
41 329 106 362 etp.
123 322 160 350 V.
191 319 373 361 potissimum
407 329 423 347 a
453 318 582 350 coloniis
611 321 830 361 Aegyptiorum
863 320 895 348 in

42 365 203 395 Graeciam
220 364 379 393 deriuatis:
399 373 462 404 cap.
474 366 525 393 VI.
539 362 662 404 insuper
679 372 694 391 a
714 362 829 399 studiis,
849 370 895 392 ar·

41 407 124 439 tibus
155 415 185 438 et
203 407 425 446 religionibus,
447 416 526 447 quae
551 417 586 436 ex
605 410 741 447 Aegypto
759 406 895 436 traducta

42 450 100 483 flat
113 453 146 482 in
161 453 332 487 Graeciam,
347 450 533 484 ostenditur3
557 460 620 492 cap.
640 453 707 481 vu.
735 451 895 493 Spartiatas

42 496 258 528 Hebraeorum
273 494 511 534 consanguineos
527 494 629 530 habet,
652 499 664 531 (
677 503 756 536 quae
771 493 898 535 quidem

43 548 92 570 res
107 540 148 570 est
163 539 268 575 dubia,
279 545 308 569 et
322 538 507 569 summorum
522 541 662 569 virorum
677 541 801 578 ingenia
815 548 898 569 exer-

44 585 123 614 cuit:
145 582 196 614 sed
212 593 266 613 nec
292 582 518 624 PautEmstt
531 581 708 623 lablorilky,
731 585 763 612 in
779 584 898 621 Cogita-

19 661 27 664 .
45 629 123 658 tion.
141 627 179 658 de
202 627 513 658 Lacedaemoniorum
545 637 615 657 cum
642 626 762 656 Iudaeis
792 635 899 665 cogna-

45 672 151 707 tione,
175 673 209 702 in
229 669 378 706 Symbolis
402 669 546 701 literar-iis
561 678 618 702 etc.
641 678 715 700 tom.
731 673 752 700 I.
771 678 846 711 part.
862 672 901 701 Π.

45 715 172 747 treme
189 724 268 754 ¹745-
287 722 312 748 8.
344 724 408 755 pag.
425 725 487 752 241.
506 714 568 756 sqq.
593 724 647 745 nec
669 713 724 744 ccl.
750 714 796 745 Io.
816 714 903 746 Dau.

45 757 214 792 Michaelis
233 760 267 788 in
282 760 400 788 Comm.
425 760 458 789 in
478 759 611 802 Maccab.
632 760 791 799 Spartanos
815 756 834 787 s.
849 759 903 788 La-

46 801 262 833 cedaemonios
276 802 385 832 foedus
400 801 498 834 iniisse
514 813 582 832 cum
606 803 753 832 Hebraeis
768 802 904 832 credide-

47 854 133 883 runt,
154 854 184 876 et
204 848 236 876 in
258 845 318 876 alia
331 849 434 876 omnia
454 847 671 880 transieruntt)
694 854 724 876 et
739 855 802 886 cap.
820 847 903 876 vm.

47 891 174 920 nomina
183 899 358 929 graecarum
369 889 540 920 litterarum
551 887 754 920 hebraismum
767 888 906 919 redolere

48 934 105 965 fibi
121 933 289 976 persuadet.
336 936 421 970 Quae
436 933 617 974 probabilia,
627 942 704 974 quae
718 931 790 963 falsa
806 934 860 962 sint
874 934 906 962 in

49 977 140 1008 dofle
158 978 212 1008 hac
227 979 496 1013 commentatione,
519 987 581 1007 non
598 976 693 1013 lubet,
717 987 771 1006 nec
785 977 826 1007 est
845 975 904 1006 loci

49 1030 85 1051 nc
117 1023 282 1062 temporis,
318 1023 453 1051 curatius
483 1022 658 1061 inquirere;
709 1031 765 1050 nec
797 1029 904 1050 eorum

51 1065 176 1096 vberius
198 1074 351 1106 exponere
374 1072 464 1104 atque
485 1066 656 1093 examinare
682 1064 795 1093 indic-ia
818 1073 905 1101 argu-

50 1116 237 1149 mentaque,
259 1110 313 1149 qui
335 1106 519 1138 incunabula
538 1105 659 1146 linguae
680 1117 804 1145 graecae
824 1109 905 1137 inter

54 1153 187 1187 Scythes,
210 1158 262 1181 aut
278 1149 387 1186 Celtas,
401 1159 453 1180 aut
471 1149 685 1189 Moesogothos
701 1149 834 1191 aliosque
851 1161 906 1191 po-

51 1194 140 1237 pulos
156 1193 368 1236 septentrionis
383 1193 532 1224 inuenisse
554 1194 607 1224 fibi
621 1195 674 1224 visi
690 1193 768 1230 sunt,
794 1202 846 1224 aut
861 1197 905 1224 in-

51 1238 217 1270 stituerunt
229 1240 502 1278 comparationem:
531 1245 622 1278 atque
637 1240 670 1268 in
685 1238 854 1268 introduct.
872 1239 905 1268 in

51 1282 128 1313 nist.
144 1283 176 1311 L.
195 1283 248 1312 Gr.
269 1280 404 1322 prolegg.
428 1291 493 1323 pag.
513 1284 594 1312 VIII.
610 1281 674 1322 sqq.
706 1289 736 1312 et
759 1281 905 1322 quosdam

50 1323 305 1366 ssimopinionis
327 1327 465 1355 auetores
488 1332 579 1366 atque
607 1334 751 1367 patronos
770 1325 905 1362 laudaui,

51 1375 193 1400 «meam
213 1367 368 1400 declaraui
390 1368 578 1400 sententiam.
623 1371 682 1400 Hic
707 1371 801 1408 igitur
814 1379 904 1410 quac-

53 1411 125 1443 dam
144 1412 257 1443 addere
278 1420 395 1444 tantum
414 1412 512 1444 liceat.
566 1412 747 1444 Monboddo
768 1415 802 1444 in
822 1412 905 1443 libro

53 1454 169 1498 θερίας
185 1455 274 1500 supra
288 1459 418 1488 excitato
442 1458 479 1487 de
503 1455 607 1496 lingua
629 1466 737 1496 graeca
755 1465 784 1488 et
799 1455 904 1493 latina,

52 1508 220 1542 eurumque
242 1502 458 1531 coniunelione
481 1511 552 1532 cum
564 1502 759 1538 Teutonica,
784 1501 822 1531 de
838 1499 904 1532 eel-

54 1545 114 1575 ica
129 1542 233 1583 lingua
249 1552 305 1575 etc.
329 1555 415 1575 more
429 1543 482 1576 suo
497 1545 529 1576 h.
546 1555 571 1574 e.
594 1553 680 1575 acute
704 1545 849 1586 quidem,
875 1551 906 1575 at

55 1584 212 1629 speeiofius
228 1590 353 1628 ingenio
367 1589 505 1624 abutens,
526 1587 651 1619 disserit.
675 1604 719 1611 —-
736 1588 907 1619 Pelloutier

54 1632 90 1661 in
105 1632 237 1662 Histoire
253 1633 304 1662 des
320 1631 420 1663 Celtes
434 1639 506 1663 tom.
517 1635 539 1663 Ι.
557 1631 644 1663 hb.1.
660 1641 760 1673 cap.9.
778 1639 851 1674 ps:
862 1631 904 1673 sq.

55 1675 93 1705 iu
104 1677 210 1717 primis
219 1674 279 1706 dib.
293 1678 332 1707 11.
345 1686 410 1718 cap.
425 1686 467 1706 ιο.
488 1685 554 1718 pag.
570 1683 628 1713 385.
644 1675 707 1717 sqq.
750 1675 906 1707 Celtarum

55 1727 159 1749 more
177 1721 279 1755 nimis,
297 1720 400 1756 credo,
414 1720 568 1761 abreptus,
590 1727 620 1750 at
645 1720 734 1750 docte
754 1727 845 1760 atque
861 1722 906 1749 in-

57 1762 178 1801 geniose
204 1764 365 1802 inuestigat
389 1762 546 1804 vtriusque
569 1771 599 1794 et
627 1762 759 1794 Celticae
784 1763 906 1802 linguae

57 1807 209 1845 originem
226 1815 317 1847 atque
340 1806 581 1838 fixuilitudinem.
636 1808 684 1838 Io.
701 1807 799 1838 Gom.
823 1807 908 1838 Guit.

55 1848 178 1885 Dnnkel
201 1849 336 1889 linguam
357 1860 494 1890 graecam
517 1861 555 1881 ex
574 1849 686 1882 Celtica
708 1858 805 1881 ortam
822 1857 908 1892 putat

56 1895 229 1935 acriterque
244 1901 416 1935 propugnat
431 1894 627 1931 sententiam,
651 1897 683 1924 in
701 1896 906 1925 Commentar.

57 1935 206 1968 societatis
240 1938 470 1976 Duisburgenfis
501 1940 700 1976 germanicis,
743 1939 906 1977 Duisburg.

58 1987 135 2022 part-
151 1983 174 2011 1.
190 1990 256 2022 pag.
273 1991 338 2018 243.
354 1979 417 2022 sqq.
452 1983 563 2022 Neque
582 1992 672 2021 nego,
687 1984 719 2011 in
733 1981 836 2012 multis
855 1993 907 2013 vo-

58 2022 174 2055 eubulis
200 2032 295 2065 atque
313 2024 453 2065 populari
476 2024 599 2056 dicendi
631 2027 749 2056 ratione
767 2035 907 2064 magnam

59 2066 119 2099 effe
133 2066 367 2098 similitudinem
385 2066 507 2108 linguae
526 2077 649 2107 graecae
665 2071 791 2110 ingenio
806 2079 907 2100 exem-

60 2109 174 2152 ploque
186 2110 373 2142 summorum
396 2119 566 2154 poetarum,
588 2120 743 2143 oratorum
757 2122 846 2154 atque
861 2113 908 2143 hi-

61 2155 242 2187 noricorum
263 2155 400 2185 nondum
422 2154 565 2199 excultae
581 2164 672 2197 atque
693 2165 818 2187 ornatae
841 2155 906 2187 vsu-

59 2205 279 2239 quewutata‘e,
294 2208 362 2228 cum
375 2197 582 2239 prisca-lingua
593 2202 760 2238 teutonica,
783 2200 905 2239 linguae

62 2239 185 2272 urucae
199 2240 282 2272 flliat·
294 2252 348 2271 nee
363 2242 637 2274 tamen-adfirmare
651 2244 755 2281 ausim,
770 2243 907 2284 linguam

45 2287 301 2324 ⁴pecamvniee
313 2285 481 2316 ommreffe
497 2296 533 2316 ex
547 2285 651 2326 lingua
666 2286 781 2319 celtica.
818 2287 912 2319 Idem·

60 2334 160 2358 tamen
172 2328 303 2359 Dunlul.
313 2327 457 2370 pluribuff
466 2329 622 2372 exemplin
635 2340 768 2371 quorum
780 2331 907 2373 quidem

63 2369 192 2412 plurima
207 2371 256 2401 scu
274 2371 379 2407 multa,
393 2381 425 2402 vt
442 2374 473 2401 in
491 2375 575 2403 omni
589 2373 791 2414 etymologiae
807 2374 906 2405 studio

65 2417 214 2456 pertinaci
229 2424 257 2445 et
270 2415 333 2444 fere
350 2415 551 2447 immoderato
568 2417 636 2447 fleri
651 2416 742 2455 solet,
766 2419 844 2449 mihi
862 2419 906 2448 vi-

64 2457 175 2488 dentur
188 2467 337 2494 contorta,
352 2457 528 2488 sententiam
542 2458 623 2490 suam
637 2461 761 2492 vberius
776 2463 907 2503 probare

62 2499 236 2542 firmiusque
268 2500 400 2533 stabilire
428 2502 541 2534 studuit
567 2504 600 2534 in
626 2503 797 2546 Specimi‘ne
817 2504 908 2537 lexici

1140 172 1256 211 LibJ.
1275 185 1299 213 c.
1313 173 1470 212 XXIII.
1730 185 1799 221 203

947 269 1191 314 graeco-celtici
1204 269 1395 310 harmonici,
1415 280 1477 312 quo
1501 275 1625 309 graecae
1645 278 1674 302 et
1690 280 1805 310 gei-ma·-

950 318 1036 346 nicae
1057 314 1178 354 linguae
1202 314 1349 356 simulque
1372 317 1474 345 matris
1497 314 1646 350 scythicae
1670 315 1717 346 vel
1739 316 1801 347 cel-

950 362 1026 390 ticae
1046 358 1173 400 eiusque
1193 358 1344 396 filiarum,
1368 367 1433 389 tum
1454 367 1483 389 ct
1506 357 1712 400 plurimarum
1736 360 1806 390 alia-

948 413 1018 435 rum
1042 402 1215 442 linguarum
1243 405 1459 434 conuenientia
1486 403 1658 434 ostenditur
1685 403 1723 433 ad
1753 405 1807 434 du-

950 449 1034 479 &um
1049 445 1270 479 vocabulorum
1292 457 1473 487 graecorum
1496 445 1597 478 littera
1621 449 1641 478 B
1664 447 1701 478 ab
1718 449 1810 480 initio

953 491 1047 534 vsque
1069 493 1168 530 Βκφη,
1205 495 1238 522 in
1266 491 1407 527 symbolis
1435 491 1578 523 literariis
1598 492 1809 522 Bremenflbu,

951 544 1024 569 tom.
1041 539 1078 567 11.
1094 544 1170 577 part.
1188 538 1241 567 111.
1262 545 1328 577 pag.
1345 543 1496 574 489·542.
1520 552 1563 560 -—
1601 536 1735 566 Finicam
1752 533 1807 565 lin-

952 590 1042 620 guam
1056 590 1124 610 eum
1141 590 1247 620 graeca
1267 588 1420 622 comparat
1439 580 1510 611 Nils
1523 578 1661 611 Idmonn
1678 581 1724 608 in:
1751 581 1808 609 Re-

953 625 1096 655 eherchcs
1119 623 1170 654 sur
1190 623 1209 654 l‘
1224 626 1331 654 ancien
1354 622 1463 665 peuple
1486 625 1588 653 Finois
1619 623 1648 653 d·
1665 622 1750 665 apres
1765 622 1808 652 les

954 676 1092 710 rapports
1107 668 1146 698 de
1157 667 1186 698 la
1202 667 1311 708 langue
1324 667 1443 699 Finoise
1460 676 1532 698 avec
1548 665 1576 696 la
1592 665 1702 706 langue
1717 669 1809 698 Grec*-

955 723 1034 753 que,
1058 721 1111 754 par
1135 713 1196 742 MS.
1217 712 1314 743 Genet
1337 710 1366 741 le
1386 710 1450 748 fils,
1474 712 1621 741 Secretair
1642 708 1810 752 interpre'te

956 756 994 786 de
1007 756 1162 786 Monfieur
1178 764 1234 786 etc.
1259 757 1451 795 Argentorati
1469 762 1548 794 1778.
1565 761 1590 789 8.
1640 753 1697 785 Ille
1713 755 1810 785 osten-

957 800 1029 830 dere
1044 799 1140 830 studet
1155 809 1292 839 magnam
1307 802 1427 830 Finicae
1444 806 1473 829 et
1488 800 1620 830 Graecae
1644 797 1718 838 ling.
1738 809 1809 829 con-

962 845 1149 875 venientiam
1165 845 1197 874 in
1213 845 1481 885 pronuntiatione,
1505 843 1688 879 accentibus,
1712 841 1812 873 forma

962 895 992 918 et
1008 889 1136 918 flexione
1155 886 1386 925 vocabulorum,
1404 886 1529 929 ipsisque
1545 885 1712 923 vocabulis,
1734 897 1811 927 quo-

961 942 1029 962 rum
1043 933 1161 972 copiam
1175 930 1290 967 adfert,
1315 932 1424 962 eodem
1444 939 1537 972 porro
1554 929 1679 960 illorum
1702 930 1810 969 fignifi-

959 983 1038 1011 catu‚
1056 974 1253 1005 limilitudine
1270 977 1448 1011 nominum,
1479 974 1590 1015 quibus
1609 973 1653 1004 dii
1670 975 1811 1012 insignie-

958 1019 1088 1056 bantur,
1114 1026 1144 1049 et
1160 1017 1305 1049 festorum
1331 1017 1525 1059 aliorumque
1542 1018 1745 1058 quorumdam
1757 1029 1810 1048 no-

958 1065 1076 1093 minum
1092 1065 1302 1104 propriorum:
1327 1072 1363 1092 ex
1375 1062 1486 1102 quibus
1501 1061 1630 1100 colligit,
1645 1069 1810 1102 Vtrumque

959 1105 1106 1147 populum
1124 1106 1300 1142 auteadem,
1315 1113 1367 1136 aut
1383 1107 1485 1136 vicina
1499 1104 1564 1135 loca
1577 1104 1746 1142 incoluisse,
1756 1117 1813 1135 vn-

959 1150 996 1179 de
1013 1149 1114 1188 lingua
1134 1149 1258 1180 illorum
1275 1149 1409 1190 ritusque
1422 1157 1482 1179 tam
1499 1147 1572 1179 sacri
1586 1158 1676 1190 quam
1688 1148 1811 1190 'profani

959 1192 1084 1223 miscere
1101 1192 1128 1222 se
1144 1195 1310 1233 potuerint.
1356 1193 1412 1223 Sed
1430 1191 1498 1223 vasa
1517 1201 1548 1223 vt
1564 1191 1716 1230 colligam,
1737 1201 1810 1223 tem-

959 1239 1042 1278 poris
1059 1239 1137 1266 ratio
1147 1236 1258 1267 suadet.
1269 1237 1363 1266 —Ad
1377 1238 1532 1267 historiam
1545 1235 1667 1275 linguae
1683 1246 1808 1275 graecae

959 1282 1091 1322 pertinet
1101 1290 1224 1320 quoque
1238 1281 1373 1321 quaestio
1390 1283 1508 1311 critices
1523 1279 1655 1310 studioso
1670 1282 1810 1321 inprimis

960 1324 1041 1354 vtilis
1056 1332 1086 1353 et
1104 1323 1266 1354 neceffaria
1283 1324 1320 1354 de
1338 1326 1435 1365 prima
1463 1331 1514 1354 aut
1528 1323 1623 1365 prisca
1638 1323 1810 1354 litterarum

957 1368 1057 1398 forma
1069 1378 1234 1408 earumque
1245 1379 1300 1409 per
1316 1367 1442 1406 singulas
1459 1376 1567 1398 aetates
1582 1369 1750 1398 mutatione
1759 1374 1812 1398 aut

959 1412 1129 1442 diuersitate
1145 1421 1205 1442 tam
1223 1414 1253 1441 in
1270 1411 1420 1453 lapidibus
1438 1410 1646 1451 numinisque,
1670 1421 1761 1452 quam
1776 1413 1811 1442 in

958 1456 1118 1486 codicibus·
1131 1454 1255 1497 scriptis.
1302 1457 1367 1486 Nec
1384 1457 1522 1485 virorum
1540 1455 1700 1484 doctorum
1715 1464 1809 1496 opera

957 1499 1151 1540 studiumque
1177 1498 1275 1530 defuit
1291 1498 1409 1529 difficili
1433 1497 1620 1539 molestoque
1637 1499 1708 1529 huic
1724 1497 1814 1529 discis

958 1542 1060 1586 plinae
1078 1544 1194 1582 generi.
1244 1545 1439 1584 Praecipuam
1469 1552 1544 1572 vero
1571 1542 1692 1572 laudem
1713 1553 1811 1585 mere-

958 1597 1009 1618 tur
1030 1589 1065 1617 D.
1083 1585 1254 1618 Bernhard
1280 1587 1316 1617 de
1346 1585 1552 1627 Montfltucon
1586 1588 1617 1615 in
1643 1585 1812 1617 immortali

959 1641 1067 1672 opere:
1098 1628 1357 1671 Palaeograpltio
1377 1638 1514 1670 graeca,
1544 1629 1603 1659 siue
1625 1629 1662 1659 de
1682 1636 1751 1660 ortu
1780 1636 1812 1660 et

958 1673 1114 1716 progressu
1123 1673 1281 1704 literarum
1294 1683 1468 1711 graecarum
1478 1672 1554 1702 etde
1569 1675 1659 1703 variis
1670 1675 1813 1704 omnium

959 1717 1150 1749 saeculorum
1163 1717 1332 1759 scriptionis
1349 1725 1470 1755 graecae
1487 1717 1660 1754 generibus,
1672 1718 1808 1757 itemque

961 1762 998 1793 de
1012 1762 1301 1793 Abbreuiationibus
1317 1768 1346 1790 et
1362 1760 1399 1790 de
1414 1761 1503 1790 Notis
1527 1762 1679 1790 variarum
1692 1762 1809 1792 artium

960 1816 993 1836 ae
1009 1805 1251 1847 disciplinarum:
1284 1804 1392 1834 additis
1423 1805 1526 1843 figuris
1557 1812 1588 1834 et
1608 1802 1808 1835 schematibus

960 1850 998 1880 ad
1014 1850 1104 1880 fidem
1120 1848 1391 1890 manuscriptorum
1406 1848 1554 1881 codicum.
1602 1848 1716 1878 Parisiis
1735 1854 1808 1886 1708

961 1892 1016 1925 fol.
1060 1893 1151 1930 Qiod
1167 1891 1354 1933 praeclarum
1376 1902 1450 1931 opus
1471 1893 1542 1932 quia
1565 1890 1715 1922 rarescere
1732 1894 1810 1922 inci·

961 1940 1027 1979 pit,
1051 1947 1123 1979 prae
1145 1936 1212 1966 aliis
1234 1936 1361 1974 dignum
1378 1936 1428 1968 est.
1447 1935 1529 1975 quod
1546 1935 1709 1966 recudatur
1723 1937 1804 1966 curi:

961 1981 1098 2012 secundis
1121 1980 1287 2022 expolitum
1303 1980 1503 2019 auclumque,
1527 1987 1580 2009 aut
1601 1981 1632 2009 in
1649 1981 1805 2021 epitomen

960 2024 1125 2063 redigatur.
1170 2025 1291 2054 Fac‘lum
1307 2023 1335 2052 id
1353 2023 1479 2063 quidem
1493 2024 1533 2053 est
1552 2025 1681 2058 Romae,
1705 2032 1810 2062 etego

961 2067 1068 2101 laud03
1084 2079 1135 2097 nec
1145 2066 1400 2106 tamendefidcrio
1408 2068 1514 2107 reique
1525 2067 1577 2108 ipfi
1585 2066 1765 2097 satisfactum
1776 2072 1808 2097 et

959 2111 1056 2143 multa
1071 2110 1167 2142 deeffe
1185 2111 1338 2141 videntur.
1382 2109 1543 2151 Inscriptio
1556 2120 1657 2141 autem
1671 2110 1754 2147 libri,
1771 2112 1806 2141 in

959 2157 1065 2186 nostris
1087 2157 1148 2185 oris
1172 2155 1251 2184 haud
1278 2153 1445 2196 frequentis
1472 2155 1544 2185 haec
1567 2155 1621 2185 est:
1662 2154 1806 2195 Epitorne

956 2207 1093 2241 graecae
1109 2197 1378 2239 palaeographiae
1402 2202 1432 2229 et
1454 2197 1492 2229 cie
1514 2196 1596 2228 νεὶῗα
1614 2199 1725 2239 graeci
1737 2195 1808 2237 fi‘r-

958 2243 1058 2274 mom's
1069 2241 1325 2282 pronunciatione
1339 2239 1510 2282 dissertatio
1526 2241 1649 2272 auH'ore
1663 2240 1699 2271 R.
1715 2239 1752 2272 P.
1765 2239 1804 2271 D.

960 2285 1116 2326 Gregorio
1132 2284 1341 2321 Placentinos,
1363 2285 1610 2315 Hieromonacho
1631 2283 1804 2325 Cryptofer'-

959 2329 1065 2359 ratensi
1086 2328 1202 2358 ordinis
1227 2329 1254 2358 S.
1271 2327 1368 2360 Basilii
1385 2331 1498 2367 Magni.
1545 2330 1658 2358 Romae
1680 2336 1756 2366 1735.
1775 2338 1804 2364 4.

959 2376 998 2404 In·
1011 2371 1199 2414 praefatione
1222 2382 1258 2402 ex
1289 2373 1442 2402 Dominici
1470 2370 1628 2402 Calabrefii
1653 2370 1808 2401 Fuschinii

960 2414 1089 2457 Epistola
1103 2414 1140 2444 ad
1155 2413 1342 2447 Saluatorem
1372 2414 1564 2453 Vintimiglia
1586 2413 1803 2444 celeberrimae

961 2462 1083 2498 Sigaeac
1099 2457 1302 2500 inscriptionis
1317 2466 1436 2500 typum,
1460 2470 1521 2488 non
1538 2459 1742 2494 dimidiatum,
1769 2465 1802 2486 x-‘t

961 2505 994 2535 in
1003 2503 1101 2546 prima
1109 2501 1182 2533 edit.
1191 2501 1465 2536 Edmchishuuius
1477 2501 1611 2540 dederat,
1619 2500 1669 2533 sed
1678 2511 1709 2533 vc
1720 2504 1749 2530 in
1760 2498 1802 2530 al·

1076 2547 1120 2577 Cc
1141 2555 1160 2577 2
1728 2551 1803 2582 tera,
