2183 2747
98 144 192 173 vom.
205 151 290 180 2⁴¹3
683 144 856 182 ALDINA
897 143 964 180 ET
1003 144 1268 180 CViAciANA.
1453 143 1527 180 Lib.
1536 143 1589 178 11.
1607 153 1632 176 t.
1649 153 1690 178 10.
1794 146 1855 187 685

97 241 161 279 lica
177 241 300 293 prodiit
316 240 413 283 Paris.
429 255 515 287 1733.
534 238 586 278 sed
603 244 711 278 minus
722 240 834 278 dodta.
861 238 1056 277 Recensetur
1075 243 1110 277 in
1126 239 1259 277 Iournal
1273 238 1327 276 des
1343 241 1434 287 Seav.
1450 249 1534 275 tom.
1550 239 1654 274 XCII.
1668 250 1698 286 p.
1709 249 1765 283 ¹92
1783 234 1852 285 sqq.

96 296 283 334 Heumann.
342 295 396 332 Est
411 306 538 346 praeter
554 309 590 331 ea
614 298 646 330 in
664 294 739 331 cod.
758 292 950 330 vindobon.
971 298 1052 341 (155,
1069 308 1118 330 nr.
1137 307 1167 339 7.
1200 296 1284 330 inter
1305 291 1480 342 theologg.
1507 293 1540 326 in
1564 291 1730 327 Lambecii
1750 288 1855 324 Catal.

95 347 154 385 lib.
171 349 312 399 quarto)
336 351 550 399 Hippocratis
573 347 712 398 epistola
728 345 930 396 supposititia
947 346 986 382 ad
1003 346 1232 383 Ptolemaeum
1249 359 1361 395 regem
1388 346 1533 395 Aegypti
1557 341 1598 379 de
1619 342 1854 379 constitutione

97 413 129 438 et
146 413 258 438 natura
271 404 430 438 hominis.
487 399 580 438 Adde
606 414 682 451 epp.
700 403 864 450 Hippocr.
882 402 913 435 in
929 399 1044 436 codice
1059 399 1246 436 Matritensi
1263 399 1303 435 ab
1318 400 1442 434 Irim-te
1459 395 1666 446 inCatalogo
1683 408 1716 445 p.
1730 407 1768 439 75
1782 392 1853 444 sqq.

96 453 279 491 recensitas.
305 455 429 501 Harl.]
484 455 601 503 Longe
619 455 732 489 minus
749 466 811 502 pro
828 454 981 502 genuinis
999 451 1166 489 habendae
1183 451 1256 490 sunt
1271 450 1427 502 epistolae
1453 451 1535 486 duae
1556 462 1638 498 quae
1662 450 1853 497 Hippocra—

93 511 136 543 tis
151 513 291 544 nomine
307 506 346 543 ad
370 509 577 543 Antiochum
600 517 632 543 et
654 509 887 544 Maecenatem
911 505 1070 554 leguntur
1088 506 1188 542 latine
1209 517 1283 542 ante
1304 505 1426 541 librum
1450 502 1603 540 Marcelli
1626 502 1786 551 Empirici
1810 498 1853 535 de

94 559 347 598 medicamentis
372 572 403 596 et
422 563 506 596 inter
520 573 621 610 opera
636 561 849 609 Hippocratis
862 569 946 595 tom.
962 561 986 594 1.
1013 557 1089 595 edit.
1108 558 1328 595 Lindenianae
1350 571 1383 606 p.
1401 560 1467 602 646
1483 554 1528 606 sq.
1587 557 1629 592 Et
1657 554 1756 592 altera
1780 554 1852 600 qui-

93 613 172 650 dem
191 613 230 650 ad
247 615 480 650 Maecenatem
499 614 617 649 rediins
635 614 668 648 in
683 611 881 648 editionibus
899 611 1098 661 quibusdam
1114 623 1147 648 vt
1161 613 1315 650 Norimb.
1332 620 1418 658 1588.
1440 611 1592 646 tribuitur
1607 607 1755 644 Antonio
1772 605 1850 643 Mu-

47 684 50 687 *
83 667 156 716 sae.
209 665 340 704 Confer
355 666 542 702 Labbaeum
561 665 638 702 bibl.
655 678 738 702 nou.
754 666 854 702 MSS.
869 677 904 714 p.
921 676 985 709 215.

117 754 332 788 H‘VflclifiEstF·
423 755 510 790 xlx.
568 756 620 796 16)
646 752 960 789 HERACLITI
989 750 1179 802 philosophi
1204 750 1360 801 epistolae
1381 751 1441 787 Vl.
1458 751 1507 796 Μ)
1535 762 1613 785 cum
1635 748 1720 784 binis
1742 745 1850 787 Darii,

93 819 158 842 vna
171 805 210 842 ad
230 801 450 853 Heraclitum,
479 806 580 842 altera
595 804 634 841 ad
652 803 822 854 Ephesios.
877 807 992 840 Latina
1010 803 1114 841 versio
1130 807 1266 854 incipit:
1293 805 1394 856 Emg'fi
1422 807 1432 839 i
1443 801 1795 852 scriptmnfirmonem
1811 799 1850 832 dc

92 870 227 894 natura.
281 861 405 895 Graece
419 858 546 894 exstant
560 862 659 894 etiam
678 861 710 893 in
727 856 818 907 poesi
841 854 1074 908 philosophica
1098 861 1144 895 H.
1164 859 1320 907 Stephani
1344 871 1378 907 p.
1400 869 1458 901 ¹42
1475 853 1520 905 sq.
1547 856 1672 890 Graece
1696 862 1727 888 et
1750 851 1850 887 latine

92 909 194 947 edidit
208 912 391 946 Eilbardus
404 912 554 946 Lubinm
571 924 649 946 cuin
665 910 764 946 latina
778 908 833 945 sua
848 908 998 946 versione
1023 909 1168 956 (diuersa
1187 911 1225 946 ab
1242 910 1308 953 illa,
1337 923 1420 959 quae
1442 912 1474 944 in
1492 904 1680 944 Geneuensi
1702 905 1849 941 editione

90 963 316 1015 graecolatina
332 963 449 1010 exstat)
475 978 527 1013 ap.
547 963 753 1000 Cominelin.
775 966 861 999 1601.
878 971 909 1005 8.
961 964 1104 1012 Epiilola
1124 965 1226 1006 Darii,
1257 976 1321 1012 qua
1336 960 1543 998 Heraclitum
1559 970 1654 1009 rogat
1676 957 1716 994 ad
1742 956 1774 992 se
1795 969 1848 992 ve·

90 1019 175 1063 nire,
202 1029 280 1052 cuin
297 1018 457 1052 Heracliti
475 1017 508 1052 id
525 1014 634 1053 facere
648 1017 819 1052 abnuentis
836 1014 1051 1065 responsione
1069 1016 1190 1066 legitur
1205 1018 1306 1052 etiam
1322 1015 1406 1064 apud
1426 1016 1591 1049 Laertium
1613 1012 1672 1047 lib.
1689 1013 1745 1046 lx.
1770 1007 1846 1045 sect.

88 1081 124 1113 13
148 1066 196 1119 sq.
225 1081 502 1119 contenitamque
526 1073 612 1120 regis
643 1068 811 1106 Persarum
841 1071 1074 1107 inuitationem
1103 1084 1120 1104 a
1151 1067 1357 1118 philosopho
1387 1065 1495 1102 scribit
1517 1067 1676 1103 Clemens
1699 1062 1795 1098 Alex.
1820 1073 1846 1097 1.

87 1124 214 1159 Strom.
233 1137 266 1174 p.
281 1135 361 1166 '30²-
417 1123 523 1159 Verba
540 1122 697 1172 epistolae
712 1122 887 1158 Heraclito
905 1123 1041 1157 tributae
1057 1124 1136 1158 haec
1153 1120 1243 1158 sunt:
1276 1119 1344 1168 ἐγώ
1364 1116 1397 1159 δὲ
1422 1118 1582 1166 αὶμνηςίην
1607 1121 1701 1167 ἔχων
1724 1110 1846 1158 ’πάσης

85 1177 254 1227 πονηρίης,
279 1173 339 1223 »(ςή
357 1173 449 1228 κὲξον
465 1174 604 1225 φεύγων
621 1171 759 1215 vrowa-ic
773 1171 983 1224 ἆικῡιεῦμενον
1001 1173 1119 1223 φθᾶνε
1133 1171 1190 1213 διαὶ
1214 1172 1273 1220 τήν
1299 1174 1549 1225 ὑπερηφανίην,
1585 1168 1629 1211 ἐκ
1644 1165 1688 1210 οἶν
1708 1166 1846 1218 οἱφικσῖ·

83 1246 148 1280 μην
164 1233 198 1268 ἒς
214 1226 376 1281 Περσικὴν
391 1228 518 1280 χώρην,
547 1227 675 1277 ὀλίγοις
694 1227 897 1280 οἱξκεόμενος
913 1225 996 1268 κατ’
1009 1225 1088 1279 ἐμήν
1102 1225 1249 1279 (γνώμην.

104 1317 232 1352 Diogenis
247 1318 317 1352 Epp.
400 1318 471 1353 XX.
524 1319 582 1365 17)
607 1318 876 1353 DiOGENis
911 1318 1021 1362 cynici
1044 1315 1237 1366 philosophi
1258 1313 1415 1365 epistolae
1439 1314 1578 1349 XXVII.
1606 1311 1723 1347 Latina
1736 1304 1844 1343 versio

85 1372 219 1419 incipit:
250 1370 324 1405 Vos
339 1382 387 1404 me
406 1369 503 1405 exilio
517 1369 711 1417 damnqstis,
739 1382 798 1419 ego
817 1382 876 1405 vos
900 1370 1014 1412 domo,
1039 1383 1147 1419 neque
1168 1367 1294 1406 diuersa
1319 1368 1363 1404 est
1385 1367 1424 1403 ab
1447 1380 1502 1409 ea,
1528 1377 1629 1414 quam
1650 1360 1846 1408 Franciscus

84 1424 250 1461 Aretinus
275 1421 398 1465 edidit,
440 1422 624 1471 dicauitque
649 1424 706 1458 Pio
724 1426 781 1459 IV.
803 1422 965 1472 pontifici.
1025 1424 1106 1459 Non
1134 1425 1296 1472 integram
1321 1432 1434 1457 tamen
1457 1419 1611 1455 exhibent
1634 1412 1843 1452 Geneuenses

85 1479 211 1513 Are-tini
228 1476 486 1512 translationem.
524 1478 560 1511 ln
575 1476 629 1511 illa
645 1477 782 1525 quippe,
807 1475 910 1525 qualis
927 1474 1029 1512 exstat
1046 1478 1079 1511 iu
1088 1473 1254 1525 farragine
1269 1474 1484 1524 epistolarum
1501 1473 1741 1507 Laconicarum
1753 1465 1843 1500 Gilb·

87 1530 244 1578 Cognati,
270 1540 301 1565 et
319 1532 391 1565 loli.
415 1528 745 1570 l31.cfilei·1111etauro‚
774 1541 805 1564 et
821 1531 903 1564 alius
920 1530 1006 1564 ordo
1023 1527 1086 1575 est,
1113 1539 1144 1565 et
1171 1540 1330 1564 numerus
1353 1526 1567 1576 epistolarum
1594 1523 1696 1570 longe
1721 1520 1843 1560 maior,

84 1581 184 1633 surgit
199 1585 291 1618 enim
303 1581 342 1617 ad
354 1583 517 1618 XLVII.
529 1582 713 1618 Eelfmrdus
731 1595 870 1632 quoque
883 1582 1034 1616 Lubinus
1053 1583 1213 1632 Diogenis
1229 1579 1380 1629 epistolas
1396 1592 1511 1628 graece
1527 1588 1558 1612 et
1575 1577 1674 1612 latine
1684 1569 1843 1608 recuden-

85 1635 140 1672 das
156 1634 257 1678 dedit,
284 1648 442 1685 nouaque
451 1633 600 1670 versione
611 1635 748 1671 donauit
767 1648 820 1683 ap.
840 1637 1047 1670 Commeliu.
1063 1649 1113 1670 an.
1131 1638 1219 1670 1601.
1236 1643 1268 1676 8.
1321 1631 1384 1669 Sed
1403 1632 1441 1667 ab
1457 1644 1498 1666 eo
1523 1627 1596 1679 post
1619 1625 1751 1662 XXVII·
1769 1621 1841 1668 illas

86 1700 214 1724 tantum
231 1687 313 1723 duae
331 1687 506 1730 adduntur,
536 1703 598 1723 vna
610 1687 649 1724 ad
661 1690 843 1732 Cratetem‚
869 1687 968 1723 al-iera
984 1685 1247 1733 adDionysium.
1285 1686 1448 1731 Diogenis
1457 1682 1607 1732 epistolas
1624 1677 1726 1716 lauda¹>
1741 1677 1842 1711 Laer-

86 1743 153 1776 tius
168 1745 199 1775 in
217 1744 284 1776 eius
302 1742 364 1776 vita
380 1740 435 1776 lib.
453 1742 506 1776 vl.
528 1738 602 1777 sect.
620 1755 665 1787 23.
691 1742 821 1777 Fabric.
877 1743 915 1776 Iu
931 1741 1006 1776 cod.
1024 1739 1212 1776 Matritenss
1233 1737 1327 1779 XIX,
1355 1736 1426 1773 sunt
1453 1736 1691 1784 quinquaginta
1713 1729 1840 1776 Dioge-

85 1796 136 1828 nis
151 1792 294 1842 episto-Iac
305 1805 450 1839 grartae,
478 1806 618 1842 quarum
640 1795 759 1841 viginti
775 1791 1000 1829 desiderantur
1016 1797 1050 1829 in
1071 1792 1191 1830 Aldina
1213 1792 1433 1833 collefflom,
1469 1799 1499 1824 et
1522 1799 1681 1834 magnam
1706 1783 1840 1819 illarum

86 1857 214 1897 partem
236 1844 379 1880 necdum
396 1842 488 1880 suiise
515 1858 630 1892 graece
648 1847 861 1895 publicatam,
884 1844 1062 1894 suspicatur
1080 1849 1215 1889 Iriarte‚
1243 1849 1297 1894 qni
1315 1842 1457 1893 lingulas
1478 1837 1632 1877 recenset,
1662 1841 1695 1873 in
1718 1834 1840 1870 catalo-

85 1912 131 1948 go
149 1899 247 1933 MSS.
266 1900 372 1945 regiae
389 1896 465 1931 bibi.
480 1900 606 1934 Matrit.
625 1912 657 1947 p.
675 1905 734 1940 80.
786 1901 841 1935 De
859 1900 1059 1936 editionibus
1075 1910 1107 1935 et
1121 1897 1323 1935 versionibus
1340 1897 1472 1932 illarum
1488 1897 1554 1930 iam
1570 1890 1666 1942 supra
1689 1892 1840 1938 egimu⁵3

81 1953 200 2002 quibus
216 1949 298 1986 adde
307 1949 383 1986 edit.
398 1948 578 1986 vetustam:

1056 2031 1087 2067 R
1100 2043 1117 2066 r
1144 2043 1160 2066 t
1173 2043 1190 2066 s
1216 2041 1234 2073 3
1677 2018 1839 2067 Diogenis

129 2139 184 2171 αα)
209 2134 332 2174 Septem
352 2133 493 2176 epistolae
511 2132 666 2165 Heracliti
687 2141 882 2164 numerantur
904 2135 935 2164 in
989 2135 1070 2165 {ione
1085 2135 1221 2176 repetiit,
1243 2131 1386 2174 profcffiis
1410 2131 1460 2165 est,
1485 2128 1512 2159 se
1529 2125 1647 2162 nescire,
1671 2123 1748 2155 vnde
1759 2120 1838 2152 Pon*

86 2180 150 2210 eod.
168 2179 331 2210 Mari-itenii
356 2178 434 2219 apud
459 2181 563 2208 lriarte
587 2179 617 2207 in
639 2177 782 2217 Catalogo
805 2180 933 2209 MSStor.
989 2181 1085 2209 tianius
1099 2178 1208 2209 litteras
1225 2176 1288 2206 illas
1305 2174 1446 2205 Heracliti
1463 2173 1599 2203 habuerit
1618 2167 1836 2200 erutas.-Fa-

83 2235 111 2265 p.
123 2228 170 2262 7⁶·
188 2235 231 2253 nr.
243 2231 300 2257 125.
328 2224 378 2258 Ea,
402 2234 490 2263 quam
508 2224 612 2253 iriarte
627 2230 711 2264 putat
722 2222 877 2259 ineditam,
895 2223 935 2252 est
988 2223 1099 2253 bricius
1113 2230 1210 2251 autem
1228 2219 1404 2260 exemplaris
1423 2218 1465 2247 sui
1483 2217 1610 2254 margini
1634 2215 1704 2244 haee
1729 2209 1835 2240 adseri-

84 2267 120 2297 ad
151 2266 382 2298 Hermodorum
409 2266 514 2308 scripta
537 2274 567 2296 er
593 2268 714 2308 incipit:
745 2264 839 2306 ’Ἄχρι
865 2268 934 2295 τίνος
987 2265 1098 2308 pserat:
1122 2263 1280 2299 „Paullum
1291 2262 1432 2294 Heracliti
1451 2259 1586 2302 epistolas
1602 2255 1699 2296 legisse
1711 2254 1834 2292 diligen-

8 2347 13 2350 ·
84 2310 216 2352 ἔρμᾶδωρε
241 2310 321 2339 κακοί
343 2313 449 2347 ἔσσεταί
481 2308 616 2350 ἅνθρωποι
633 2320 687 2340 etc.
732 2312 869 2341 Noiierat
891 2318 933 2339 ta·
988 2317 1049 2345 ter,
1081 2312 1240 2351 opinantur
1268 2308 1422 2338 Scultctus
1445 2313 1519 2335 orat.
1542 2304 1577 2333 de
1599 2300 1782 2344 philologiae
1805 2302 1834 2325 ct

10 2365 15 2384 t
85 2367 151 2385 men
177 2355 256 2385 illam
279 2364 307 2385 et
333 2354 422 2384 latine
448 2354 569 2384 dederat
593 2354 772 2385 Pontianus
799 2352 870 2384 obss.
904 2361 933 2383 et
986 2352 1155 2392 theologiae
1171 2352 1398 2386 (οηίυιιᾶἰοηε,
1422 2349 1534 2379 deliciis
1550 2344 1726 2384 euangelicis
1749 2349 1833 2383 prae-

0 2399 17 2427 ι*
84 2399 240 2429 emendati.
262 2410 323 2440 cap.
339 2401 385 2428 Li.
402 2397 499 2428 forsan
517 2409 550 2428 ex
568 2398 668 2428 codiee
685 2396 748 2427 illo.
779 2396 932 2439 Hemster-
986 2396 1079 2432 miffa,
1105 2405 1132 2426 et
1149 2396 1307 2427 obseruatt.
1328 2397 1356 2425 in
1381 2397 1417 2425 11.
1435 2396 1485 2435 Ep.
1511 2391 1547 2422 ad
1567 2390 1707 2422 Timoth.
1731 2385 1832 2426 cap-1-

0 2433 20 2474 ll
84 2441 146 2484 lius.
164 2455 235 2473 vers)
251 2444 285 2472 ad
305 2445 425 2472 Luciam
444 2445 571 2473 Timon.
589 2453 649 2484 cap.
665 2452 714 2472 22.
733 2453 760 2483 p.
779 2450 835 2476 135.
859 2450 930 2471 tom.
986 2444 1014 2470 6.
1027 2452 1059 2470 ac
1081 2441 1196 2480 Gcoi‘g.
1217 2439 1321 2470 Budas
1350 2447 1422 2469 tom.
1443 2440 1465 2469 1.
1492 2437 1617 2468 sermon.
1637 2431 1750 2472 anglice
1772 2427 1834 2458 edi-

0 2478 18 2549 ς
81 2488 104 2517 1.
122 2488 240 2534 high,
263 2489 315 2530 qui
331 2487 421 2518 verba
436 2487 580 2529 quaedam
597 2497 633 2519 ex
647 2485 697 2518 illa
707 2485 847 2518 Politiani
865 2495 930 2516 ver·
984 2492 1083 2516 torum
1103 2496 1131 2526 p.
1149 2488 1245 2520 40⁶-‘⁴
1266 2482 1362 2516 Harl.
