2183 2747
5 101 68 134 Vol.
77 100 100 131 1.
114 109 141 136 p.
154 100 203 134 6⁴1
213 101 234 134 P
249 101 303 133 644
687 100 816 152 QAE
851 98 1077 136 EXSTANT
1242 98 1314 135 Lib.
1333 99 1387 135 II.
1402 109 1425 134 c.
1442 97 1599 136 XVIII.
1704 111 1767 146 24¹

110 195 184 236 sum
207 209 291 234 tom.
310 197 336 235 Ῑ.
362 193 444 248 Lips.
467 209 557 244 1772.
582 209 613 246 p.
633 198 697 245 146
713 194 797 247 sqq]
851 198 968 233 Latine
988 204 1126 233 verterat
1148 195 1233 232 olim
1257 194 1414 232 Medeam
1441 195 1603 243 Euripidis
1626 197 1767 239 Enniur,

106 250 203 297 (teste
220 251 369 287 Cicerone
381 249 421 286 de
437 251 540 286 Finib.
559 263 582 290 ι,
599 252 639 296 2.)
669 264 709 286 ex
728 252 820 285 cuius
829 249 952 287 Medea
969 251 1099 285 initium
1117 249 1257 285 Vtinam
1274 261 1312 283 ne
1328 251 1361 284 in
1375 250 1669 285 nemorePelioete.
1690 261 1768 298 pro-

105 302 171 340 fert
186 301 324 354 scriptor
340 302 379 339 ad
397 305 609 339 Herennium
627 303 683 341 lib.
704 305 745 340 11.
775 303 861 352 [cap.
878 315 928 340 22.
945 303 999 339 vbi
1017 316 1049 339 v.
1067 301 1233 349 Lambin.]
1274 302 1449 337 Nonnulla
1468 300 1564 351 ipsius
1581 299 1766 352 fragmenta

105 370 187 393 cum
203 358 335 393 Graecis
352 355 518 406 Euripidis
535 353 666 392 confert
683 356 871 392 Politfanus
885 370 956 406 cap.
975 368 1026 401 27.
1042 353 1138 392 Misc.
1165 355 1325 403 Iofhplzus
1341 356 1486 403 Scaliger
1507 353 1548 390 ad
1573 357 1763 391 Varronem

105 423 140 460 p.
154 423 207 457 92.
225 421 258 446 et
271 423 315 457 99
335 407 381 459 sq.
437 411 475 445 ln
491 409 603 445 multis
619 411 716 445 etiam
734 407 928 458 Euripidem
946 406 1099 458 expressit
1115 410 1238 450 Seneca,
1265 409 1358 443 cuius
1376 407 1496 444 Medea
1519 407 1627 443 adhuc
1651 408 1763 445 exstat.

102 464 158 499 De
170 461 295 499 Medea
310 461 477 512 deperdita
502 462 667 511 Euripidis
686 476 715 497 v,
734 472 827 497 notas
845 462 884 498 ad
901 462 1067 498 Plutarchi
1086 464 1164 498 vitas
1187 460 1299 511 parall.
1318 463 1466 497 toin.IV.
1480 460 1624 497 Londin.
1643 474 1676 509 p.
1691 464 1764 507 567.

107 514 268 566 Scripsere
285 515 452 565 Euripidis
468 515 623 565 exemplo
641 513 803 550 Medeam
820 517 952 551 Comici
971 527 1118 564 quoque,
1146 525 1180 550 vt
1197 515 1418 564 Antiphanes,
1456 515 1591 555 Strattis,
1620 515 1765 550 Cantha-

102 581 170 610 ruS,
196 568 362 605 Eubulus:
390 583 406 605 e
422 569 529 606 latinis
546 579 673 617 praeter
688 570 836 604 Ennium
852 570 889 604 L.
906 570 1043 604 Accium
1067 579 1097 603 et
1116 569 1287 609 Senecam,
1314 566 1467 603 Ouidius.
1529 566 1652 603 Medea
1669 568 1765 602 Euri-

105 619 204 671 pidis,
233 624 352 671 (quam
366 621 487 672 legenti
504 624 660 657 Ciceroni
674 618 863 671 superuenit
881 618 1013 657 emissus
1031 620 1070 655 ab
1085 623 1236 656 Antonio
1260 618 1430 670 percussor
1451 621 1493 656 C.
1511 619 1660 669 Popilius
1683 622 1763 656 Lae-

104 687 177 718 nas,
203 674 282 711 teste
297 675 490 711 Ptolemaeo
505 673 754 724 Hephaestione
770 674 824 710 lib.
843 676 884 711 V.
904 672 990 724 apud
1006 675 1180 721 Photium)
1215 670 1387 723 separatim
1410 674 1536 710 Graece
1562 687 1642 710 cum
1663 670 1762 709 scho-

103 726 156 763 liis
173 729 306 764 Graecis
321 726 404 764 edita
421 726 514 764 Paris.
531 741 616 776 1545.
656 725 816 764 Aduersus
834 740 901 771 σος,
931 729 987 776 qui
1002 725 1195 777 Euripidem
1212 736 1407 776 corruptum
1426 723 1489 762 esse
1506 725 1763 771 confirmarunt,

101 790 138 816 vt
151 779 258 816 caedis
273 781 424 817 fitiorum
446 780 586 817 Medeae
605 779 763 817 inuidiam
789 796 806 816 a
830 781 1014 816 Corinthiis
1039 782 1070 815 in
1097 790 1238 816 matrem
1268 776 1469 822 transferret,
1501 776 1644 830 disputat
1660 780 1761 827 Iofim

103 833 243 882 Barms.
261 837 294 869 in
306 836 423 870 Poetae
437 837 500 870 vita
521 836 548 880 §.
567 847 612 880 17.
625 844 656 870 et
672 833 816 883 §.18⁰0
841 836 897 882 qui
914 832 1071 869 Medeam
1090 831 1295 882 tragoediam
1311 831 1428 868 nostro
1439 832 1592 881 Euripidi
1605 831 1761 869 vindicat.

103 887 232 926 Fabi-ic,
281 888 424 937 [Magna
439 890 757 931 autern2nar1ationis
773 886 812 923 de
826 885 948 922 Medea
967 898 996 922 et
1014 888 1122 932 mythi
1138 885 1201 922 fuit
1213 888 1360 921 varietas.
1381 883 1458 920 vid.
1474 884 1590 922 Schol.
1607 884 1647 921 ad
1659 884 1757 922 Med.

68 970 71 975 f
102 940 219 988 Eurip.
248 953 276 975 v.
304 953 335 987 9.
362 934 416 976 eo.
442 953 515 986 277.
542 940 689 992 aliosque
712 956 729 978 a
753 940 813 979 cel.
839 940 970 989 Heym'o
1004 938 1043 975 ad
1068 937 1276 990 Apollodori
1300 937 1382 974 Bibl.
1406 947 1489 974 tom.
1506 939 1549 974 11.
1577 951 1654 990 pag.
1673 950 1758 983 230.

101 995 271 1029 excitatos.
301 993 420 1042 Harl]

0 1075 32 1117 5)
53 1067 162 1110 ‘mn
171 1067 324 1110 O‘ATT
335 1076 404 1111 ΟΣ
431 1073 607 1129 §spondas-
621 1070 689 1109 siue
705 1068 948 1125 ςεφανηφέξῃς
964 1069 1170 1119 Hippolytus
1179 1069 1354 1118 posterior,
1378 1067 1448 1106 fine
1463 1075 1647 1106 coronatur.
1701 1070 1761 1105 Vi-

104 1123 145 1160 de
168 1125 261 1160 Gall.
287 1124 466 1161 Canterum
497 1128 587 1162 Nou.
611 1127 699 1163 Lec'l.
723 1128 794 1163 VII.
819 1139 864 1164 21.
929 1127 999 1172 (De
1027 1126 1141 1174 priore
1170 1122 1238 1159 siue
1267 1122 1464 1172 Hippolyto
1496 1122 1757 1175 nanunroptquo

102 1184 215 1224 operto
241 1177 312 1214 dixi
337 1176 423 1214 infra
442 1183 527 1215 inter
543 1177 726 1229 tragoedias
745 1178 954 1229 deperditas.)
1005 1179 1090 1213 Acta
1107 1175 1151 1212 est
1167 1175 1511 1226 Olymp.LXXXV11.
1527 1188 1559 1221 4.
1587 1189 1656 1225 quo
1675 1186 1757 1212 tem-

100 1243 184 1279 pore
199 1232 333 1280 Iophon
350 1244 486 1281 quoque
501 1243 532 1268 et
551 1234 625 1276 Ion,
651 1233 805 1282 Tragici,
829 1231 975 1268 dramata
993 1228 1049 1267 sua
1064 1229 1258 1266 docuerunt.
1287 1229 1387 1278 Qod
1407 1239 1514 1265 autem
1530 1232 1564 1265 in
1581 1242 1759 1278 argumen-

99 1292 136 1319 to
157 1282 256 1332 legas,
279 1279 321 1322 τὲ
337 1280 369 1323 δὲ
388 1280 510 1336 δρᾶμα
524 1287 591 1324 τῶν
606 1280 762 1337 πρώτων,
791 1286 830 1321 ab
849 1287 1029 1334 interprete
1047 1283 1135 1320 male
1159 1281 1324 1320 redditur:
1359 1281 1400 1329 est
1420 1289 1527 1318 autem
1549 1283 1622 1318 baec
1633 1282 1756 1330 fabula

99 1338 188 1372 inter
202 1338 340 1383 optimas
358 1340 580 1380 nmneranda;
605 1352 684 1375 nam
698 1336 808 1375 sensus
824 1338 880 1382 est,
897 1341 1047 1388 primum
1061 1336 1177 1372 locum
1195 1338 1281 1372 inter
1296 1337 1434 1372 victores
1455 1334 1517 1372 illo
1532 1333 1679 1371 dramate
1689 1336 1758 1370 Eu-

25 1388 30 1392 *
96 1387 240 1438 ripidem
257 1388 372 1433 [υἷ’-ἦέ,
399 1401 433 1426 vt
454 1401 570 1427 contra
592 1391 828 1428 Andromache
854 1389 1022 1440 tragoedia
1044 1389 1158 1426 locum
1182 1386 1380 1432 secuudum,
1408 1386 1699 1438 quemadmodum
1721 1390 1757 1424 in

101 1440 248 1478 eiusdem
281 1453 481 1491 argumento
513 1442 681 1480 scribitur:
723 1440 764 1484 τὲ
787 1442 820 1484 δὲ
842 1441 965 1495 ὃρᾶμοι
989 1444 1055 1483 τῶν
1076 1439 1246 1493 δευτέρων.
1302 1442 1429 1478 Λυθοῑ
1449 1444 1531 1477 vitae
1552 1439 1755 1490 Sophoclis:

95 1492 279 1534 πολλάκις
294 1492 327 1535 δὲ
342 1513 400 1544 »φη
418 1492 589 1548 ὃευτερὲἰκ
611 1497 750 1543 ἔλαβε,
777 1500 914 1550 vem-67⁶0
937 1492 970 1536 cl&
993 1493 1212 1537 εἶδε-πείκετε.
1274 1494 1506 1544 Hippolytum
1533 1492 1700 1544 Euripidis
1724 1503 1757 1530 et

100 1548 229 1584 Senecae
245 1547 404 1599 singulari
422 1550 479 1596 [ff]
508 1547 729 1586 diist-<atione
744 1554 828 1587 inter
847 1549 880 1587 se
901 1550 1044 1586 contulit
1066 1550 1137 1585 loli.
1163 1549 1324 1583 Henrz'rus
1347 1548 1519 1584 Bteclea-us
1544 1549 1755 1596 Argentorat.

50 1605 54 1608 ⁴
99 1603 178 1648 1651.
193 1613 227 1646 4.
284 1603 538 1651 [Fragmentum
556 1603 727 1653 quoddam
745 1618 783 1639 ei:
800 1606 861 1639 hac
876 1601 1046 1653 tragoedia
1063 1602 1167 1638 latinis
1185 1599 1351 1636 redditum
1367 1598 1509 1636 versibus
1524 1599 1625 1636 exstat
1642 1602 1678 1635 in
1703 1601 1755 1636 Io.

101 1652 202 1691 Casae
228 1655 466 1692 Monumentis
488 1655 581 1693 latin.
608 1670 640 1705 p.
666 1670 701 1703 ¹9
724 1654 772 1705 sq.
802 1657 934 1702 Henna]
988 1653 1084 1691 Adde
1104 1658 1193 1691 Sam.
1220 1654 1369 1690 Petitum
1393 1652 1450 1688 lib.
1474 1654 1499 1689 Ι.
1522 1651 1600 1689 Obs.
1629 1665 1700 1703 cap.
1725 1665 1756 1689 2.

101 1707 268 1743 Larianus
283 1706 447 1757 quaedam
463 1722 504 1744 ex
528 1710 725 1758 Hippolyto
753 1709 941 1757 producens
964 1707 1076 1744 laudat
1097 1705 1295 1756 Euripidem
1323 1709 1357 1741 in
1378 1702 1528 1759 Φωξδρᾳ.
1580 1703 1665 1743 Vide
1690 1704 1758 1754 Iqfi

103 1760 242 1808 Barrus.
260 1760 300 1796 ad
315 1775 346 1796 v.
365 1769 449 1806 480.
468 1759 522 1798 sed
538 1773 568 1798 et
583 1763 622 1797 ab
639 1760 808 1798 Fussathio
827 1762 865 1798 ad
883 1761 976 1798 Iliad.
994 1757 1049 1801 H'.
1075 1774 1110 1811 p.
1130 1763 1202 1806 568,
1221 1773 1269 1806 ¹9·
1296 1769 1328 1796 et
1346 1756 1389 1798 Z'.
1423 1773 1457 1809 p.
1483 1768 1559 1806 489.
1585 1770 1631 1808 53.
1661 1759 1757 1794 Euri-

101 1811 186 1861 pidis
203 1812 346 1850 Phaedra
365 1817 492 1851 citatur.
549 1817 591 1849 Et
609 1816 656 1849 M.
670 1816 729 1850 [εἶα
748 1818 778 1849 in
797 1817 929 1852 chron.
948 1828 980 1863 p.
1000 1827 1073 1861 109.
1100 1812 1294 1863 Euripidem
1313 1811 1353 1848 de
1369 1810 1512 1848 Phaedra
1532 1808 1757 1861 composuisse

101 1864 214 1902 drama
232 1869 286 1911 ait,
311 1868 545 1916 Hippolytum
566 1870 718 1904 innuens.
751 1869 881 1904 Fabric.
940 1869 980 1903 In
1001 1866 1075 1905 eod.
1097 1879 1233 1916 quoque
1256 1864 1450 1901 Florentino
1472 1865 1683 1914 Hippolytus
1706 1866 1756 1901 in-

103 1914 251 1955 scribitur
267 1915 418 1970 Φοάὲξσι.
474 1919 538 1957 Sed
555 1923 632 1969 quia
648 1921 849 1957 Dramatum
864 1919 1150 1970 interloquutores
1166 1933 1183 1954 a
1199 1919 1358 1954 veteribus
1373 1916 1464 1966 saepe
1483 1930 1756 1954 commemorau-

103 1979 167 2014 tur‚
194 1970 256 2007 illis
273 1971 356 2008 loeis
374 1971 500 2009 induc‘li
519 1984 632 2023 poetas
654 1985 685 2009 et
709 1973 952 2023 tragoediarum
969 1975 1109 2008 nomina
1129 1971 1226 2007 nobis
1249 1969 1548 2007 comminiscuntur
1572 1972 1631 2006 viri
1650 1969 1755 2013 docti,

103 2021 280 2067 adnotante
299 2025 515 2062 Valckenario
529 2030 562 2062 in
579 2025 786 2075 praefatione
802 2025 841 2062 ad
861 2024 954 2062 suam
976 2024 1161 2075 Hippolyti
1187 2024 1367 2060 editionem
1391 2037 1425 2073 p.
1444 2025 1548 2059 XVII.
1575 2025 1630 2073 qui
1655 2026 1755 2058 etiam

67 2078 70 2081 ’
102 2073 145 2111 de
159 2078 270 2125 priore
288 2077 486 2127 Hippolyto
504 2089 536 2115 et
552 2078 746 2128 posteriore,
775 2083 870 2130 (quas
889 2093 961 2115 non
973 2079 1118 2114 omnino
1137 2075 1279 2113 diuersas
1296 2073 1388 2112 fuiffe
1404 2074 1527 2113 fabulas
1543 2087 1658 2112 contra
1671 2077 1756 2114 Can.

101 2133 216 2171 tmam,
237 2142 318 2167 nou.
335 2131 487 2169 Letflion.
511 2131 565 2168 lib.
583 2133 657 2168 Vll.
679 2145 750 2181 cap.
768 2146 814 2169 21.
849 2142 969 2169 monet
992 2131 1082 2166 Rich.
1105 2131 1275 2165 Bmtlems
1302 2132 1335 2164 iu
1358 2128 1506 2179 Epistola
1527 2129 1567 2165 ad
1590 2128 1755 2173 Minium,

103 2180 246 2218 Malelae
262 2185 437 2219 Chronico
455 2183 611 2225 subiecta,
639 2198 671 2234 p.
687 2197 719 2229 31
736 2183 800 2235 sq.)
828 2198 1010 2233 earumque
1025 2181 1269 2232 tragoediarum
1289 2179 1552 2231 inscriptionibus
1581 2182 1757 2230 diligenter

3 2248 7 2250 ·
77 2235 82 2238 ’
107 2229 246 2276 differit,
277 2232 472 2286 censetque,
505 2248 607 2274 totam
636 2236 791 2273 dramatis
815 2240 1054 2275 oeconomiam
1079 2240 1111 2270 in
1136 2235 1279 2270 editione
1302 2232 1442 2270 secunda
1463 2232 1557 2283 fuisse
1581 2246 1754 2272 mut-atam.

0 2302 18 2322 ‚¹-
80 2297 82 2302 ·
108 2283 236 2336 Dupuy
253 2285 434 2326 Obseruatt.
449 2292 516 2326 crit.
533 2294 567 2326 in
586 2301 714 2327 textum
731 2301 762 2327 et
784 2290 963 2329 nonnullas
989 2286 1173 2339 Hippolyti
1198 2285 1379 2332 versiones,
1413 2290 1465 2336 (P.
1488 2287 1648 2332 Carmeli,
1679 2289 1757 2323 Bru-

1656 2354 1755 2388 moy,

0 2412 25 2467 l„
90 2434 133 2466 ιι)
151 2431 230 2463 Adde
247 2434 334 2470 Bayle
349 2437 379 2467 in
395 2439 457 2469 vita
473 2438 634 2481 Euripidis.
653 2438 750 2473 Harl.

0 2537 4 2557 ὲ
27 2539 29 2542 .
55 2495 118 2532 m
129 2499 182 2533 Π.
908 2500 944 2535 H
959 2500 982 2537 1²
