2183 2747
66 173 132 202 voi.
148 175 168 201 ¹-
184 182 201 206 Ρ
224 179 275 208 ⁴7<
289 173 311 206 P
327 172 379 204 ⁴06
726 169 1185 206 PYTHAGORICORVM.
1440 168 1511 203 Lib.
1522 168 1572 207 ΙῙ.
1588 181 1610 204 c.
1623 180 1661 215 'J-
1770 165 1825 216 835

65 272 233 316 Archytae
249 272 358 304 oratio
376 266 397 305 s.
417 265 544 310 sermo,
573 270 626 304 cui
644 268 784 303 Tarenti
803 264 949 303 interfuit
968 266 1080 308 Plato,
1107 263 1147 300 de
1165 263 1296 300 damnis
1314 263 1506 314 voluptatis,
1535 263 1720 300 recensetur
1735 279 1751 299 a
1773 264 1826 300 Ci.

169 334 279 358 cerum·
297 321 338 356 dc
354 323 527 358 Senectute
543 335 613 371 cap.
635 334 679 356 12.
701 319 738 368 [fi
756 318 862 356 modo
881 317 1014 369 scriptus
1031 317 1130 354 suerit
1148 320 1171 352 is
1188 315 1298 353 sermo
1310 343 1318 355 2
1343 329 1398 353 aut
1414 332 1484 353 non
1502 332 1574 367 pars
1597 318 1668 353 libri
1686 317 1762 367 περὶ
1787 318 1827 356 212?

167 371 227 422 Kx}
243 371 465 420 αἰσθήσεως]
520 376 657 411 Dictum
675 372 894 409 memorabile
914 374 1081 417 Archytae
1105 368 1211 406 adfert
1229 372 1335 407 Cicero
1361 370 1401 406 de
1423 373 1554 406 Amicit.
1573 384 1644 420 cap.
1662 382 1708 414 23.
1744 370 1824 405 Hie-

169 440 296 475 ronym.
320 438 402 463 tom.
419 429 442 462 1.
469 427 557 477 epist.
577 442 609 474 9.
637 441 670 476 p.
688 439 739 473 50.
778 427 967 461 Athenaeus
988 424 1045 460 lib.
1062 425 1131 459 XII.
1156 437 1189 473 p.
1206 436 1270 471 519.
1296 435 1363 469 545.
1399 425 1584 458 Heumann.

65 497 166 535 Forte
184 495 284 532 nostri
301 509 436 546 quoque
454 497 619 542 Archytae
642 493 716 531 sunt
741 490 1000 544 Ὀψαρτυτικά
1025 495 1196 529 Athenaeo
1221 491 1364 528 laudata.
1418 493 1502 527 Sane
1527 491 1724 527 lamblichus
1742 494 1821 540 cap.

169 562 220 597 29.
246 563 278 598 p.
298 558 368 594 148.
384 560 415 584 et
429 563 500 599 cap.
518 561 569 593 34.
589 563 621 599 p.
634 561 708 592 204.
724 547 857 584 testatur
876 549 1104 597 Pythagoreos
1121 549 1248 596 primos
1265 543 1379 590 fuisse,
1406 547 1461 595 qui
1479 543 1519 580 de
1537 545 1612 580 cibis
1630 546 1717 580 recle
1732 557 1822 594 prae-

170 600 323 652 parandis
348 604 612 637 commentarios
636 599 807 639 ediderint.

66 671 148 722 Περὶ
177 672 315 719 σοφίας.
373 670 546 706 Iamblich.
564 671 757 720 protreptic.
775 683 844 719 cap.
864 681 891 711 3.
919 683 950 718 p.
969 681 1002 704 12
1019 665 1064 717 sq.
1088 679 1127 712 ¹5.
1146 680 1188 711 17.
1212 676 1243 702 et
1267 674 1303 707 18
1321 663 1364 715 sq.
1418 664 1635 702 Emendatius
1655 678 1734 700 cum
1754 677 1824 700 ver.

169 722 261 760 fione
278 723 432 757 Iohannis
450 724 563 758 Nortii
581 726 612 758 in
631 719 797 772 opusculis
820 721 1064 769 mythologicis
1080 722 1240 756 'rhomae
1255 719 1348 755 Galei
1366 733 1398 768 p.
1416 730 1486 762 732.

68 793 197 827 Citatur
215 803 380 841 praetcrea
400 793 561 838 Archytas
585 806 602 826 a
619 790 790 828 Iamblicho
806 793 838 825 in
853 792 1100 826 Nicomachum
1129 803 1204 839 pag.
1223 791 1254 824 6.
1273 801 1306 834 9.
1325 799 1388 830 14¹.
1405 799 1468 833 ¹59·
1490 789 1553 829 163.
1571 787 1644 828 168.
1699 787 1736 821 In
1761 788 1825 822 vita

172 846 312 893 Pythag.
328 859 399 894 cap.
415 857 464 890 29.
494 858 569 894 pag.
587 856 648 889 145.
675 857 691 878 a
714 844 838 878 Theona
862 845 1049 888 Smyrnaeo
1077 857 1108 892 p.
1131 855 1180 886 27.
1199 854 1249 886 30.
1282 843 1352 875 Cic.
1370 840 1452 875 Plin.
1469 836 1641 874 Censorin.
1662 839 1824 875 Plutarch.

170 898 310 932 Boethio
332 911 352 932 ι,
379 900 548 934 Geometr.
570 911 603 946 p.
621 899 701 941 1516.
729 906 759 931 et
783 909 811 931 2.
840 910 872 945 p.
892 908 972 943 ¹5²?-
993 898 1079 942 1526.
1104 906 1165 931 etc.
1219 892 1411 934 Aristotele,
1438 891 1678 941 Theophrasto
1696 895 1729 927 in
1749 893 1825 927 Me.

171 947 298 999 taphys.
316 951 365 997 [in
388 951 520 997 Aaejl‘etzii
541 947 667 991 Ἰωνιεῖ,
701 947 777 984 teste
800 947 937 984 Bandin.
963 951 995 982 in
1020 947 1172 996 Catalog.
1194 946 1291 982 MSS.
1311 957 1359 993 gr.
1375 943 1524 982 biblioth.
1540 947 1692 980 Laurent.
1711 943 1777 981 vol.
1798 945 1822 981 1.

169 1016 203 1052 p.
221 1003 311 1049 549]
367 1005 525 1038 Meminit
541 1014 572 1037 et
591 993 759 1037 Vi'truuius
780 1000 836 1037 lib.
856 1002 879 1036 Ι.
905 1014 975 1050 cap.
993 1013 1016 1035 1.

69 1071 122 1107 De
138 1068 350 1120 Philosophia
368 1073 534 1117 Archytae
548 1081 611 1106 tres
625 1069 726 1105 libros
743 1066 911 1119 scripserat
928 1068 1117 1105 Aristoteles
1134 1067 1210 1103 teste
1228 1068 1361 1102 Lam-tio
1378 1069 1419 1101 V.
1435 1077 1482 1112 25.
1503 1078 1571 1115 quo
1594 1064 1673 1101 loco
1696 1078 1826 1101 memo·

174 1134 222 1159 rat
243 1127 341 1159 etiam
365 1123 512 1160 eiusdem
536 1123 717 1159 Aristotelis
739 1122 862 1158 librum
886 1119 937 1161 τοὶ
960 1125 996 1160 ἐκ
1021 1122 1067 1161 TE
1082 1118 1211 1171 Τιμαὶε
1230 1136 1287 1168 χρη
1304 1120 1370 1158 τῶν
1384 1114 1604 1170 Ἀρχυτείων.
1634 1117 1732 1165 [adde
1747 1119 1825 1153 Bru-

172 1177 260 1212 cker.
276 1177 298 1212 l.
315 1174 411 1226 supra
429 1176 549 1222 mem]

70 1245 206 1279 ‘'r-''¹5⁴²“
220 1245 337 1271 immua.
390 1246 478 1281 Inter
497 1245 664 1291 Archytae
681 1246 813 1281 inuenta
828 1241 893 1280 suit
910 1243 940 1289 1)
958 1244 1051 1279 Datis
1067 1241 1192 1277 duabus
1209 1240 1300 1276 lineis
1316 1239 1395 1276 duas
1412 1239 1534 1276 medias
1557 1238 1826 1289 proportionales

174 1310 191 1332 e
205 1295 334 1333 dimidii
357 1297 500 1344 cylindri
522 1295 667 1334 sectione
685 1295 885 1335 inueniendi.
937 1297 1094 1331 Laertius
1109 1295 1197 1330 VIII.
1225 1302 1275 1337 83.
1297 1292 1489 1330 Plutarchus
1509 1292 1686 1329 Marcello.
1705 1306 1739 1342 p.
1758 1303 1828 1338 305.

175 1349 335 1385 Eutocius
349 1350 389 1386 ad
406 1363 436 1387 2.
452 1350 660 1388 Archimedis
683 1349 724 1386 de
741 1347 877 1401 sphaera
896 1362 933 1384 ac
949 1346 1115 1395 cylindro.

70 1419 103 1462 2)
132 1418 216 1453 Cubi
233 1417 436 1468 duplicatio,
465 1420 564 1455 Plato
579 1419 620 1456 de
636 1421 721 1470 Rep.
737 1417 825 1469 apud
841 1419 946 1453 Laert.
963 1417 1055 1454 v111.
1075 1423 1125 1461 83.
1161 1416 1301 1452 Vitruu.
1319 1416 1374 1451 IX.
1391 1427 1420 1458 3.

69 1475 107 1522 3)
135 1474 305 1511 Columba
323 1475 439 1511 volans
455 1476 577 1526 lignea.
631 1475 718 1512 Gall.
740 1477 778 1511 X.
796 1487 840 1511 12.
856 1488 875 1510 e
890 1476 1067 1510 Fauorino.
1123 1471 1252 1509 Confer
1269 1473 1337 1508 Joh.
1355 1471 1510 1507 Andreae
1528 1469 1673 1505 Schmidii
1692 1466 1760 1505 diff.
1784 1467 1826 1505 de

175 1529 322 1573 Archyta
337 1528 538 1572 Tarentino,
563 1530 678 1572 lenae,
703 1542 755 1563 an.
773 1533 863 1571 1683.
879 1526 1022 1569 editam,
1047 1528 1185 1575 Georgii
1203 1522 1314 1561 Paschi
1333 1528 1465 1560 inuenta
1482 1525 1685 1572 nouantiqua
1708 1537 1738 1571 p.
1759 1525 1826 1566 640

172 1577 219 1630 sq.
257 1582 309 1616 lo.
329 1580 494 1628 lelkinfii
510 1583 645 1631 Magiae
660 1583 913 1617 mathematicae
939 1590 1020 1628 part.
1036 1581 1078 1616 11.
1100 1593 1201 1629 quam
1221 1579 1405 1613 Daedalum
1428 1573 1604 1626 inscripsit,
1634 1586 1665 1611 et
1685 1577 1827 1610 splonan-

175 1632 268 1668 tholii
283 1630 389 1683 praef.
407 1632 447 1669 ad
463 1636 662 1670 Mechanica
681 1633 872 1670 Aristotelis.
927 1629 1115 1669 Bonis-acius
1133 1633 1253 1667 XVIII.
1274 1644 1302 1666 2.
1329 1629 1414 1666 Hist.
1431 1628 1587 1664 ludicrae.

72 1692 108 1738 4)
133 1689 322 1739 Πλατουγὴ
340 1690 407 1728 flue
421 1692 683 1743 Crepitaculum.
736 1690 930 1739 Aristoteles
944 1692 1034 1730 VIII,
1050 1693 1082 1727 6.
1100 1689 1140 1726 de
1154 1692 1239 1739 Rep.
1295 1689 1523 1736 Diogeniamis
1546 1688 1602 1721 III.
1627 1693 1683 1732 98.
1737 1684 1826 1733 Apo.

165 1744 288 1792 stolius
306 1746 393 1782 XVI.
412 1759 456 1782 21.
474 1747 628 1795 prouerb.
648 1756 678 1782 et
693 1759 710 1781 e
724 1745 959 1781 recentioribus
977 1745 1167 1780 Fridericm
1186 1743 1355 1789 Advfivs'ms
1371 1742 1493 1787 Lampe
1507 1741 1563 1778 lib.
1581 1739 1604 1773 Ῑ.
1627 1738 1668 1774 de
1690 1740 1824 1785 cymba-

175 1796 214 1833 lis
235 1807 403 1841 veterum,
431 1811 503 1848 cap.
521 1812 554 1845 9.

74 1865 218 1915 Egregie
243 1879 378 1915 quoque
403 1863 588 1902 obseruauit
611 1869 795 1913 Archytas,
822 1870 856 1902 in
878 1876 975 1903 motu
1002 1865 1143 1901 naturali
1166 1876 1368 1913 quocunque
1393 1859 1455 1898 effe
1480 1859 1540 1906 τῆν
1563 1861 1679 1902 τέὶέῖε
1696 1857 1827 1900 calvomo-

178 1919 280 1965 Ὺιόιν,
307 1918 472 1967 κινεῖσθαί
493 1915 567 1970 7024>
591 1915 768 1967 αἰόἱλογον
790 1918 928 1958 πάντα.
983 1917 1125 1965 Aristot.
1143 1917 1232 1952 XVI.
1253 1929 1299 1951 10.
1314 1915 1480 1964 problem.

76 1987 215 2023 Dic'lum
236 1989 303 2022 eius
327 1985 367 2022 ad
384 1983 495 2022 seruos
519 1984 788 2037 inobsequenteS,
817 1988 975 2023 caederem
999 1999 1075 2029 vos,
1103 1986 1161 2036 m'st
1182 1984 1355 2032 irascerer,
1385 1982 1585 2018 lamblichus
1600 1995 1672 2032 cap.
1688 1993 1732 2026 31.

78 2054 213 2089 Archyta:
221 2055 326 2089 pluns.
368 2054 607 2091 Memorantur
624 2067 790 2105 praeterea
813 2056 842 2100 1)
861 2055 1027 2103 Archytas·
1041 2055 1271 2103 Mitylenaeus,
1290 2051 1431 2088 musicus
1450 2050 1515 2086 fiue
1534 2049 1750 2102 demivaanc's.
1769 2050 1827 2098 [if]

183 2109 370 2143 Athenaeus
393 2109 478 2143 XIII.
507 2116 536 2149 8.
578 2111 683 2144 Laert.
702 2110 791 2145 VIII.
816 2116 866 2150 82.
887 2119 919 2144 et
942 2105 1127 2154 Hesychius
1149 2106 1267 2141 Illuslr.
1334 2108 1366 2150 2)
1390 2104 1558 2151 Archytas
1581 2102 1827 2154 Amphiffenfis,

181 2171 291 2210 poeta.
348 2161 510 2196 Plutarch.
533 2160 650 2210 quaest.
675 2175 724 2210 gr.
748 2173 779 2197 et
802 2163 909 2197 Laert.
935 2163 990 2210 qui
1013 2163 1256 2209 epigrammata
1277 2155 1432 2207 scripsiffe
1454 2156 1561 2194 docet.
1619 2159 1716 2193 Forte
1738 2158 1829 2195 hunc

181 2209 359 2262 respiciunt
372 2210 479 2248 versus
496 2211 564 2249 duo
585 2215 695 2248 Bionis
719 2213 807 2263 apud
829 2212 987 2249 eumdem
1011 2215 1177 2248 Laertium
1196 2213 1252 2246 lv.
1277 2222 1322 2256 52.
1384 2212 1421 2256 3)
1440 2209 1622 2256 Archytas,
1650 2212 1706 2259 qui
1729 2207 1770 2245 de
1795 2223 1828 2244 re

184 2265 301 2301 rustica
318 2263 459 2314 scripsit,
484 2264 635 2301 laudatus
648 2268 795 2307 Laertio,
822 2268 966 2300 Varroni
985 2275 1016 2300 et
1031 2263 1254 2300 Columellae.
1310 2262 1359 2297 Ab
1380 2264 1444 2297 hoc
1460 2262 1558 2310 aliqui
1573 2274 1642 2297 non
1660 2259 1827 2297 diuersum

183 2328 318 2369 putant,
347 2331 445 2367 quem
463 2321 546 2354 inter
561 2316 835 2369 Ὀψαρτυτικῶν
856 2315 1029 2368 scriptores
1055 2319 1209 2352 nominat
1231 2315 1417 2350 Athenaeus
1440 2314 1496 2350 lib.
1513 2315 1584 2350 XII.
1607 2325 1638 2350 et
1661 2311 1830 2364 Ὀψοφά-

180 2385 241 2418 γον
262 2381 361 2407 vocat
384 2371 440 2406 lib.
458 2371 481 2405 1.
504 2385 574 2421 cap.
593 2384 617 2418 5.

83 2431 195 2472 Aresas
216 2436 387 2475 Lucanus,
418 2437 474 2484 qui
506 2432 638 2470 scholae
664 2436 904 2483 pythagoricae
930 2434 1082 2481 regimen
1106 2429 1179 2481 post
1202 2428 1342 2476 Tydam
1365 2425 1510 2478 suscepit.
1551 2428 1667 2466 Iambl.
1692 2441 1762 2476 cap.
1781 2432 1832 2471 36.

185 2489 269 2525 Sunt
283 2491 339 2540 qui
358 2488 493 2538 legant,
521 2483 718 2524 Oresander.
771 2484 835 2522 Sed
853 2483 968 2522 Arefae
985 2486 1108 2520 Lucani
1126 2485 1254 2519 mentio
1268 2485 1367 2519 etiam
1391 2479 1478 2532 apud
1494 2482 1666 2517 stobaeum
1687 2484 1722 2517 in
1737 2481 1834 2517 Eclo-

982 2539 1013 2574 N
1028 2550 1050 2572 n
1078 2550 1098 2572 n
1113 2550 1136 2572 n
1149 2549 1171 2571 n
1198 2547 1216 2571 2
1784 2535 1833 2582 gis
