2183 2747
610 158 675 196 ET
708 160 958 197 EDITIONES
990 159 1293 196 THEOGNIDIS.
1438 162 1510 196 Lib.
1521 163 1569 197 II.
1585 173 1608 197 c.
1624 174 1661 201 tr.
1766 174 1832 208 701

81 256 256 307 Theupoli
280 257 356 293 bibl.
377 255 520 292 Venetae
543 256 622 291 Diui
640 258 767 297 Marci,
791 255 865 295 cod.
881 257 982 292 Dxx.
999 256 1068 302 (vbi
1089 259 1121 291 in
1144 256 1346 305 marginibus
1372 257 1533 305 Theogn.
1557 257 1715 305 leguntur
1735 271 1832 308 qnae-

78 309 159 346 dam
184 310 456 359 epigrammata.)
477 319 509 344 et
532 309 669 344 DXXII.
712 328 764 336 —-
805 312 845 356 8)
869 309 1030 355 Theognis
1048 319 1080 344 et
1098 309 1288 356 Phocyliiies
1311 312 1343 343 in
1358 308 1431 344 coil.
1448 308 1572 345 Medic.
1589 309 1676 359 apud
1693 311 1829 348 Bandin.

79 373 163 398 eom.
185 364 223 398 II.
254 375 285 410 p.
303 374 354 408 9³·
384 360 458 396 cod.
477 362 545 396 XX.
579 361 740 407 Theognis
758 360 831 396 ibid.
849 375 881 410 p.
900 364 976 396 206.
1005 360 1078 396 cod.
1096 362 1244 396 XLVIII.
1281 361 1472 409 Phorylides
1493 361 1569 397 ibid.
1597 373 1680 398 torn.
1697 366 1720 398 I.
1750 377 1827 413 pag.

79 427 163 462 490.
192 417 231 451 1¹.
261 429 293 464 p.
314 427 380 458 143.
410 414 456 449 bis
478 415 582 449 XVII.
606 414 724 450 XVIII.
747 416 802 462 qui
824 412 952 449 codices
976 410 1049 448 sunt
1070 412 1226 452 notandi.
1253 424 1285 448 et
1302 419 1368 450 261.
1388 415 1505 449 XXIII.
1533 415 1584 449 vbi
1604 414 1769 450 Randinus
1787 416 1830 452 de

79 466 146 503 fide
162 469 315 502 carminis
331 463 470 513 disserit3
499 469 578 501 item
596 480 626 515 p.
644 478 714 511 3²7·
732 467 788 500 VI.
807 480 882 501 cum
899 464 1009 516 glossis
1026 465 1304 511 interlinearibus3
1331 477 1415 502 tom.
1435 469 1490 502 lII.
1514 481 1547 516 p.
1566 479 1634 511 104.
1650 468 1689 503 X.
1741 470 1830 505 Tres

81 533 120 556 ex
139 517 345 569 Theognide
361 515 537 554 sententiae
555 516 749 554 adseruntur
774 521 807 554 in
822 520 1019 555 colli-chone
1038 519 1113 554 MS.
1138 517 1282 568 quadam
1306 515 1540 555 sententiarum
1568 529 1637 555 tam
1661 518 1828 558 sacrarum

80 586 181 622 quam
198 569 436 622 profanarum,
467 569 589 606 ibidem
607 581 690 607 tom.
709 573 732 606 Ι.
754 585 786 620 p.
804 583 861 616 252
879 568 924 620 sq.
947 581 979 606 et
998 584 1036 606 ex
1051 569 1231 616 Phocylide
1256 584 1294 607 ac
1315 570 1521 620 Theognide
1543 585 1583 607 ex
1606 570 1731 609 Arsenii
1760 578 1830 610 vio.

8 626 13 628 ’
80 625 159 660 laria
182 623 447 674 compositione,
481 622 554 658 ibid.
575 634 657 659 tom.
677 625 700 659 Ι.
736 637 812 673 pag.
833 635 892 668 547
910 627 978 672 qu.
1005 623 1056 658 vbi
1080 621 1144 658 vid.
1161 621 1297 659 Bandin.
1336 644 1387 650 —
1435 626 1472 670 9)
1493 627 1528 659 In
1546 626 1712 674 Cataiogo
1727 628 1827 664 MSS.

79 677 229 713 biblioth.
253 679 361 725 regiae
384 672 481 710 Paris.
516 676 582 712 vol.
601 677 640 710 II.
667 688 898 711 memorantur
925 676 994 710 XII.
1014 673 1111 710 codd.
1131 676 1318 723 Phocyhdts
1341 686 1372 711 et
1395 678 1468 713 VII.
1489 675 1587 712 codd.
1618 678 1825 726 Theognia'ei.

78 749 130 757 —
157 734 210 772 ιο)
227 731 347 764 Monte
366 726 555 770 I'ess'ulano,
583 727 843 776 (Montpelliem)
871 728 1050 773 Theognis,
1077 727 1154 762 teste
1173 725 1436 765 montfauconio
1461 732 1493 764 in
1511 730 1678 779 Catalogo
1693 731 1827 768 Catalo-

80 794 205 830 gotum
224 779 322 817 codd.
347 781 397 815 vbi
415 782 524 829 plures
539 784 571 815 in
590 783 683 815 variis
701 780 904 815 bibliothecis
920 779 1076 815 cxssantcs
1092 778 1191 815 codd.
1209 791 1241 816 et
1255 782 1415 829 Theogn.
1431 792 1462 817 et
1479 783 1617 828 Phocyl.
1636 796 1828 820 memoran-

80 843 144 870 tur.
181 853 232 861 -
273 837 319 874 ιι)
344 836 377 868 in
400 832 548 868 biblioth.
574 831 747 882 quondam
775 831 985 880 Heidelberg.
1012 832 1088 867 teste
1109 832 1289 882 Sylburgio
1313 836 1346 868 in
1368 836 1601 870 Monumentis
1624 839 1750 885 pictatis
1766 849 1828 875 ete.

86 886 269 933 Theognis,
296 899 344 921 nr.
366 897 434 920 102.
460 903 514 911 -α
541 891 590 927 12>
609 885 800 932 Phocylides
814 888 847 920 in
866 885 1017 920 biblioth.
1035 884 1234 933 Augustana.
1270 905 1320 912 —
1356 888 1402 931 13)
1417 886 1550 935 Phocyl.
1570 902 1587 922 a
1603 891 1716 936 primo
1733 888 1828 926 versu

80 951 182 987 vsque
205 936 245 972 ad
266 950 344 972 200.
369 939 403 971 in
427 935 502 973 cod.
521 939 604 972 Ven.
630 939 673 972 D.
691 939 819 980 Marci,
847 940 903 986 qui
926 938 1067 972 Masurii·
1090 935 1354 986 Chrysocephali
1377 934 1543 978 Ῥοδωνιοὶν
1563 943 1722 985 continet,
1749 942 1828 978 teste

77 987 244 1026 Villoison
266 992 298 1024 in
324 988 501 1024 anecdotis
525 1002 575 1038 gr.
590 1000 674 1024 tom.
690 990 729 1025 II.
757 1004 790 1039 p.
809 1002 828 1033 4
842 987 911 1039 sqq.
928 999 960 1024 et
982 1004 1014 1039 p.
1030 1002 1085 1034 79.
1135 990 1188 1025 Cl.
1204 991 1283 1024 Kall
1298 992 1331 1024 in
1347 991 1533 1040 Specimine
1548 1005 1657 1028 nouae
1675 993 1828 1031 editionis

77 1040 313 1079 sententiarum
329 1041 542 1090 Theognidis
558 1042 747 1091 pleniorem
764 1041 854 1078 dedit
869 1041 1055 1078 editionum
1071 1040 1127 1077 sibi
1145 1044 1357 1090 cognitarum
1383 1046 1547 1079 notitiam.
1603 1044 1736 1081 Omiffis
1759 1050 1827 1084 eius

78 1092 520 1144 obseruationibusrepetam
539 1094 754 1144 catalogum,
782 1106 813 1130 at
828 1092 952 1145 saepius
976 1096 1132 1141 austum,
1166 1092 1372 1145 inseramque
1389 1095 1581 1144 Phocylidis
1604 1095 1775 1135 editiones.

177 1174 332 1223 Princeps
353 1173 552 1220 Theognidis·
565 1173 610 1209 est
628 1172 756 1209 Aldina
768 1199 778 1215 ,
805 1171 846 1208 de
863 1174 933 1222 qua'
943 1170 1038 1221 supra
1060 1171 1134 1208 vide
1152 1171 1352 1209 Hesiodum.

188 1250 350 1286 Theocriti
364 1251 490 1298 eclogae
506 1252 658 1298 triginta.
686 1269 740 1278 —-·
762 1243 831 1278 ——·⁰
852 1251 1050 1299 Theognidis
1068 1252 1266 1300 Megarenfir
1281 1252 1376 1286 Siculi
1383 1252 1565 1298 sententiae
1585 1251 1746 1298 elegiacae.
1773 1274 1826 1282 —-

77 1301 194 1338 Aurm
208 1306 349 1338 carmina
369 1304 589 1351 Pythagorae.
644 1303 842 1351 Phocylidae
853 1316 962 1349 poema
978 1304 1238 1339 admonitoriam.
1267 1324 1316 1330 -—
1343 1304 1475 1354 Hefiodi
1489 1304 1678 1351 theogonia,
1691 1304 1827 1352 stutum

77 1357 246 1398 Herculis,
270 1358 447 1403 georgicon
470 1357 545 1390 libri
567 1354 642 1391 duo,
711 1358 750 1391 In
773 1355 880 1391 calce:
908 1354 1109 1406 Impressum
1132 1358 1276 1391 Venetiis
1299 1356 1538 1393 characsteribus
1558 1369 1597 1391 ac
1618 1355 1726 1394 studIO
1747 1357 1826 1394 Aldi

75 1409 226 1444 Manucii
243 1410 391 1444 Romani
417 1422 495 1443 cum
520 1410 640 1457 gracia.
667 1408 975 1444 M.CCCC.XCV.
1004 1407 1117 1445 mense
1132 1409 1225 1444 Febr.
1253 1405 1315 1444 sol.

180 1484 280 1524 Conf.
299 1488 438 1521 Fabricii
460 1485 534 1521 bibl.
553 1499 604 1535 gr.
627 1485 692 1521 vol.
709 1487 795 1522 XIII.
823 1501 856 1536 p.
873 1489 941 1523 606
958 1483 1004 1536 sq.
1041 1486 1213 1524 Maittair.
1230 1488 1269 1522 A.
1286 1487 1333 1521 Τ.
1352 1484 1417 1523 vol.
1436 1486 1492 1521 IV.
1518 1496 1599 1537 part.
1616 1486 1639 1521 I.
1669 1499 1701 1535 p.
1718 1492 1762 1527 80
1780 1483 1826 1538 sq.

77 1538 116 1574 de
133 1539 221 1574 Bure
235 1539 391 1588 Bibliogr,
409 1539 552 1574 inssrucl.
569 1548 652 1574 tom.
670 1540 694 1574 Ι.
711 1539 745 1575 Β.
763 1541 798 1575 L.
826 1554 858 1588 p.
877 1551 937 1585 194
951 1536 1019 1588 sqq.
1065 1560 1115 1565 —
1157 1539 1345 1586 Phocylidis
1363 1550 1475 1574 tamen
1497 1552 1633 1573 carmen
1656 1552 1734 1575 cum
1754 1539 1823 1576 aliie

78 1589 241 1642 opusculis
256 1595 346 1642 prius
365 1589 521 1627 formulis
538 1592 788 1640 typographicis
804 1591 908 1627 Aldus
922 1589 1141 1641 descripserat.
1193 1589 1366 1641 Inscriptio
1382 1602 1491 1626 autem
1509 1592 1592 1626 haec
1607 1590 1670 1627 est:

179 1671 222 1704 In
235 1669 291 1704 hoc
312 1670 395 1704 libro
412 1673 638 1706 continentur.-
667 1667 870 1715 Constantini
888 1669 1041 1717 Lassaris
1054 1669 1248 1704 Erotemata
1263 1681 1331 1703 rum
1345 1671 1610 1714 interpretatione
1627 1668 1739 1705 latina.
1767 1669 1824 1708 De

78 1720 199 1755 litteris
219 1726 348 1768 graecis
373 1735 408 1757 ac
429 1722 658 1768 diphthongis,
691 1728 721 1756 et
748 1722 1011 1768 quemadmodum
1040 1722 1084 1755 ad
1109 1735 1166 1757 nos
1198 1724 1338 1756 veniant.
1393 1721 1661 1757 Abbreuiationes
1679 1733 1823 1769 graecae.

77 1772 198 1807 Oratio
227 1774 379 1808 dominica
410 1781 440 1808 et
465 1775 586 1819 duplex
603 1774 765 1820 salutatio
791 1776 942 1823 virginis.
1002 1775 1184 1822 Symbolum
1207 1773 1450 1819 Apostolorum.
1507 1774 1726 1821 Euangelium
1753 1775 1823 1810 diui

78 1824 215 1858 Ioannis
234 1837 332 1871 vsque
346 1826 389 1859 ad
402 1823 554 1876 Χάριτος
579 1842 636 1872 aaa
664 1823 852 1870 οἱληθάκς.
906 1827 1057 1862 Carmina
1073 1839 1171 1861 aurea
1185 1826 1410 1874 Pythagorae.
1464 1826 1653 1875 Phocylidis
1674 1827 1821 1868 moralia,

71 1888 136 1923 per
150 1876 287 1911 Aldum.
315 1880 478 1919 venetiis,
512 1889 603 1922 1494.
632 1881 665 1912 in
689 1889 720 1921 4.
1346 1906 1351 1933 ἱ

182 1954 234 1989 De
250 1954 311 1988 hac
329 1951 472 1989 editione
487 1952 663 2002 diligenter
676 1957 743 2002 egit
761 1953 801 1989 cl.
822 1954 1009 2003 Glarzdorf,
1037 1958 1070 1991 in
1084 1955 1319 2005 prolegomen.
1336 1952 1377 1990 ad
1392 1955 1601 2003 Pythagorae
1616 1968 1751 1993 carmen
1765 1970 1820 1994 au-

77 2017 174 2041 reum
193 2004 353 2055 (Lipsiae,
381 2014 475 2049 ¹770·
495 2008 539 2048 8.)
552 2020 585 2056 p.
602 2019 642 2048 24
659 2004 726 2055 sqq.
752 2007 802 2041 vbi
819 2010 915 2043 etiam
935 2007 975 2044 de
991 2009 1122 2058 reliquis
1140 2008 1267 2044 Aldinis
1283 2006 1479 2043 editionibus
1502 2017 1534 2043 et
1554 2006 1820 2046 vicissitudinibus

5 2098 7 2103 ⁴
76 2057 228 2094 leelionis
251 2071 269 2093 a
289 2060 445 2094 Manutio
468 2055 538 2108 ipso
562 2069 594 2094 et
616 2057 819 2108 sequentibus
847 2058 1024 2096 editoribus
1053 2064 1087 2096 in
1113 2062 1320 2110 Pythagorae
1342 2058 1548 2109 potissimum
1569 2070 1601 2096 et
1628 2061 1820 2108 Phocylidis

78 2113 225 2146 carmine
240 2109 352 2152 factis,
381 2108 529 2146 sollerter
544 2109 742 2159 disputatur:
770 2125 870 2160 quare
886 2113 1027 2149 lectores
1045 2112 1083 2148 ad
1101 2113 1193 2148 illam
1217 2113 1409 2160 ablegamus
1434 2109 1695 2162 praefationem,
1722 2124 1753 2150 et
1775 2113 1819 2151 ad

0 2182 4 2194 ι
77 2176 135 2202 ea,
167 2176 251 2213 quae
274 2176 349 2213 pag,
364 2164 487 2198 XXVII
503 2159 572 2212 sqq.
599 2162 707 2198 addita
729 2161 813 2202 sunt.
854 2185 905 2191 —
944 2166 994 2200 De
1020 2166 1208 2201 Florentina
1231 2163 1374 2200 editione
1395 2178 1447 2199 an.
1465 2176 1552 2211 1495.
1579 2163 1685 2208 infra,
1713 2167 1817 2214 §.1X,

78 2227 177 2264 agam
192 2230 200 2250 :
227 2226 258 2251 et
276 2215 316 2251 de
334 2213 529 2251 Ferrariensi
543 2229 594 2250 an.
610 2227 694 2260 1510.
709 2213 796 2251 infra
813 2215 853 2252 ad
879 2230 948 2266 cap.
965 2219 1038 2253 XII.
1067 2218 1098 2266 §.
1116 2230 1145 2262 7.
1171 2216 1212 2252 de
1233 2215 1322 2252 editt.
1342 2218 1552 2265 Pythagorici
1577 2221 1741 2255 carminis.

179 2293 397 2340 Alphabetum
416 2305 569 2342 graecum
592 2305 661 2327 cum
681 2293 911 2340 multiplicibus
932 2294 1056 2337 literis,
1089 2294 1128 2329 a'e
1143 2293 1304 2341 potestate
1324 2294 1495 2330 literarum
1515 2297 1654 2331 omnium
1675 2302 1706 2331 et
1726 2296 1820 2344 diph.

78 2343 286 2393 thongorum.
340 2346 610 2382 Abbi-caiatiam:
629 2345 852 2392 perpulchrae.
909 2346 1028 2382 Oratio
1050 2346 1214 2382 dominica.
1269 2348 1485 2383 salutationes
1510 2348 1591 2383 duae
1619 2348 1664 2383 ad
1689 2349 1820 2396 beatiffl.

80 2409 163 2432 mam
196 2399 366 2446 virginem.
440 2398 624 2445 Symbolum
653 2397 886 2444 Apostolorum
914 2399 1102 2433 Nicaenum.
1170 2400 1301 2434 Initium
1324 2400 1502 2449 Eum-:getii
1518 2400 1630 2447 sanfi'i
1656 2402 1818 2445 Iohannis,

0 2489 6 2498 ‚
46 2504 52 2510 .
78 2452 218 2486 earmina
230 2462 330 2486 aurea
345 2451 576 2499 Pythagorae,
603 2451 934 2500 Phocylidispoema:
954 2463 1018 2497 per
1035 2451 1179 2492 Aliam,-
1205 2451 1318 2487 oetauo
1334 2452 1467 2489 Martii.
1501 2455 1618 2490 Venet.
1643 2466 1734 2500 1495.
1761 2467 1791 2499 4.

897 2542 905 2545 «
922 2521 954 2554 V
966 2533 986 2555 v
1014 2532 1033 2554 v
1045 2532 1065 2554 v
1093 2531 1112 2554 2
1688 2522 1819 2558 Fabric.
