2183 2747
269 188 298 213 X

1846 234 1855 249 Ι

272 280 336 330 (in
353 291 430 328 qua
446 278 471 315 si
492 276 650 327 quando
666 277 713 314 ab
730 277 811 314 aliis
828 276 921 313 viris
950 274 1168 311 doeiiffamis
1189 274 1406 318 discessero,
1435 274 1478 312 id
1487 276 1619 313 nolim
1640 276 1695 313 illi
1718 276 1891 313 tribuant
1914 286 2024 312 arro-

272 341 422 391 gantiae
446 347 514 375 aut
538 337 690 374 libidini
719 337 893 384 litigandi
917 344 953 371 et
973 335 1283 375 contradicendi;
1323 336 1466 385 quippe
1493 338 1579 384 qui,
1617 337 1778 373 meliora
1804 336 1961 372 edoctus
1985 342 2024 372 et

273 400 476 438 conuictus
498 398 673 434 lubenter
699 397 856 433 daturus
884 395 950 430 sim
973 395 1091 430 victas
1115 390 1294 446 mamm)
1313 395 1352 432 id
1378 396 1491 432 satius
1518 396 1567 432 ad
1597 408 1848 444 communem
1880 394 2026 431 vtilita-

272 469 369 500 tem,
397 467 434 496 ct
449 459 497 495 ad
514 459 680 494 aliorum
700 456 902 491 sollertiam
919 463 1033 502 atque
1058 454 1296 504 diligentiam
1320 456 1567 493 excitandam
1595 456 1699 493 baud
1725 455 2027 494 incommodum

273 520 491 557 videbatur.
550 519 604 553 Et
631 525 756 552 tamen
780 515 903 550 multa
924 515 987 550 vel
1011 515 1107 550 milii
1133 515 1291 563 quidem
1317 517 1470 563 ignota,
1508 517 1572 552 vel
1597 516 1793 559 consulto,
1833 528 1879 552 nc
1904 515 2026 551 moles

272 580 364 617 libri
387 580 499 615 nimis
524 575 842 626 amplificaretur,
879 586 903 610 a
926 587 987 611 me
1010 574 1269 623 praetermiffa
1292 575 1385 622 esse,
1425 576 1529 613 haud
1546 577 1728 613 diffiteor.
1798 576 1928 623 Atque
1951 575 2029 621 iam

275 639 497 678 exstiterunt
518 638 591 672 viri
625 635 746 676 docti,
773 635 840 682 qui
864 646 931 683 per
952 635 1095 671 litteras
1124 635 1220 671 milii
1245 634 1516 683 significarent,
1549 634 1677 677 fuisse,
1709 638 1775 684 qui
1803 644 2029 679 metuerent,

276 712 346 740 ne,
377 698 402 734 si
425 697 560 744 reliqui
584 696 681 731 tomi
704 703 784 730 tam
806 694 918 742 largis
950 694 1177 743 {liparentur
1195 694 1491 738 accessionibus,
1523 708 1592 743 ego
1612 709 1740 732 rerum
1758 697 1871 744 copia
1894 695 2029 744 oppri-

275 771 416 799 merer,
451 766 485 793 et
504 763 666 792 emtores
689 754 957 803 magnitudine
974 755 1100 804 operis
1116 755 1466 804 voluminumque,
1497 768 1592 804 quae
1619 756 1748 793 fututa
1774 755 1903 796 essent,
1929 754 2032 791 rnul-

278 818 443 856 titudine
477 816 769 852 deterrerentur.
862 812 1070 851 Suaserunt
1100 816 1234 864 igitur,
1285 824 1330 852 vt
1357 816 1441 853 vela
1475 818 1762 856 contraherem,
1809 824 1846 852 et
1876 815 2031 864 parcior
2056 862 2059 864 q

278 878 406 916 fierem
429 878 467 912 in
491 874 762 925 supplementis
787 874 1085 911 conscribendis.
1153 875 1318 912 Accedit
1351 885 1475 912 metus
1507 885 1542 913 et
1573 879 1756 913 voluntas
1783 874 2032 924 bibliopolae,

278 940 354 976 viri
370 935 534 978 honesti,
566 937 677 971 cuius
693 934 895 971 confilium
915 942 947 971 ct
966 935 1150 970 sententia
1170 936 1208 970 in
1228 948 1364 985 opere,
1399 936 1501 972 baud
1524 939 1684 986 exiguos
1709 936 1853 972 sumtus
1878 935 2033 983 exigen-

277 1006 333 1039 te,
364 1008 547 1046 magnum
564 995 729 1032 omnino
746 995 900 1044 pondus
918 994 1057 1031 habeat
1073 994 1216 1032 necesse
1234 993 1294 1032 est.
1354 995 1574 1033 Enimuero
1591 1009 1706 1046 penes
1724 996 1896 1032 eruditos
1914 994 1954 1030 fit
1973 994 2033 1029 iu-

278 1058 436 1095 dicium.
500 1055 602 1092 Mihi
623 1054 800 1104 quidem.
842 1066 939 1102 quae
963 1054 1033 1090 sint
1061 1055 1294 1097 omittenda,
1325 1064 1390 1091 aut
1415 1056 1690 1098 abscindenda,
1732 1057 1826 1092 dum
1852 1056 1924 1090 alia
1948 1054 2033 1090 aliis

277 1116 482 1158 necessaria
503 1123 740 1161 memoratu,
772 1114 853 1151 aliis
872 1115 1039 1156 leuiora,
1064 1123 1131 1150 aut
1150 1115 1231 1151 aliis
1255 1115 1508 1164 relinquenda
1532 1117 1792 1158 videbuntur,
1832 1124 1936 1152 certo
1970 1114 2035 1150 de-

278 1177 410 1219 finire,
442 1188 498 1212 res
527 1177 597 1212 erit
625 1174 732 1224 saepe
755 1175 900 1210 incerta
923 1182 959 1212 ct
982 1173 1214 1224 periculosa,
1252 1175 1378 1211 saltem
1404 1176 1561 1213 summis
1591 1177 1777 1226 implicita
1799 1173 2038 1212 difficultati·-

278 1238 363 1274 bus.
423 1236 553 1283 Atque
580 1234 808 1284 praeuideo,
849 1234 992 1270 inuidis
1016 1234 1248 1282 quibusdam
1278 1236 1502 1272 bominibus
1526 1238 1732 1285 largiorem
1764 1235 1936 1272 futuram
1963 1232 2037 1270 csse

279 1291 544 1334 calumniandi
563 1295 760 1331 materiem
783 1301 819 1330 et
841 1293 1143 1342 frequentiorem
1171 1296 1430 1338 occasionem,
1455 1297 1536 1333 tela
1559 1297 1625 1334 sua
1647 1297 1805 1333 inimica
1829 1304 1942 1344 atque
1969 1306 2037 1330 ve-

279 1369 384 1395 neno
422 1354 529 1404 quast
559 1355 675 1391 tincta
700 1362 836 1390 contra
860 1366 920 1390 me
946 1354 1120 1391 acuendi.
1188 1353 1245 1392 At
1270 1356 1427 1392 illorum
1456 1368 1614 1405 quoque
1639 1356 1846 1404 conuiuis,
1883 1356 1941 1392 vti
1963 1365 2037 1404 par

280 1417 348 1458 est,
379 1416 528 1464 spretis,
560 1422 687 1450 tamen
711 1425 778 1462 per
802 1413 856 1454 sc,
889 1421 946 1455 ct,
978 1426 1024 1450 ne
1048 1416 1113 1461 iis,
1151 1427 1250 1463 quae
1273 1428 1406 1452 reuera
1430 1428 1452 1452 a
1474 1417 1626 1464 multis,
1657 1425 1740 1453 tum
1767 1414 2033 1466 popularibus·

281 1484 368 1514 tum
398 1476 535 1511 exteris
568 1473 662 1511 VV.
690 1473 785 1509 DD.
820 1473 915 1510 scitu
948 1475 1060 1522 plane
1089 1475 1200 1511 vtilia
1230 1484 1266 1512 et
1297 1484 1435 1512 notatu
1469 1477 1676 1514 ncceffaria
1706 1475 1910 1512 existimari
1948 1472 2036 1523 pos-

281 1536 381 1576 sent,
414 1533 700 1584 przietcrmiflis,
731 1535 772 1569 in
796 1529 1038 1582 probabilem
1064 1546 1282 1582 aequorum
1306 1536 1482 1572 iudicum
1507 1546 1542 1573 ct
1568 1548 1658 1573 vere
1691 1535 1936 1571 eruditorum
1964 1534 2039 1570 ho-

282 1597 435 1633 minum
460 1593 810 1642 reprehensionem,
845 1602 912 1630 aut
935 1595 1128 1642 ignauiae,
1173 1595 1360 1632 tarditatis
1387 1597 1560 1643 aliusque
1589 1596 1674 1632 vitii
1699 1595 1950 1644 sufpicionem
1976 1594 2039 1631 in-

283 1667 456 1695 curram,
496 1654 631 1694 timor,
663 1653 757 1701 quid
780 1653 821 1689 sit
846 1653 1087 1690 statuendum
1108 1663 1143 1690 et
1167 1653 1379 1704 agendum,
1420 1667 1480 1691 me
1505 1655 1612 1704 saepe
1639 1655 1794 1692 babebit
1818 1656 2037 1694 sollicitum

282 1714 392 1752 Nihil
418 1714 533 1762 igitur
558 1712 688 1753 restat,
716 1712 803 1754 nili,
834 1721 899 1753 vt,
930 1713 1072 1750 oniillis
1098 1713 1352 1762 amplioribus
1379 1714 1550 1751 vitarum
1574 1725 1609 1751 et
1632 1727 1760 1753 rerum
1786 1716 2038 1767 expositioni-

237 1771 242 1777 ’
283 1775 375 1815 bus,
400 1786 443 1810 ea
462 1771 719 1823 potissimum,
747 1783 844 1820 quae
863 1772 957 1808 scitu
983 1773 1158 1821 inprimis
1185 1773 1405 1815 necessaria,
1438 1783 1473 1811 ct
1500 1788 1520 1811 a
1546 1775 1730 1813 Fabricio
1756 1778 1941 1827 neglecta,
1970 1786 2041 1816 aut

283 1835 367 1885 post
384 1846 474 1869 eum
491 1833 626 1868 melius
653 1832 833 1880 explicita
856 1832 1188 1872 animaduertcro,
1221 1834 1352 1881 paucis
1378 1834 1592 1883 adtingam,
1624 1845 1660 1872 et
1685 1837 1734 1874 ad
1764 1837 1903 1879 libros.
1941 1838 2039 1874 mihi

285 1894 445 1942 quidem
471 1893 668 1941 cognitos,
700 1892 739 1927 in
764 1891 904 1939 quibus
928 1892 1093 1940 amplius
1123 1893 1157 1928 ct
1184 1893 1394 1941 copiosius,
1422 1904 1488 1930 aut
1513 1897 1649 1932 rectius
1668 1896 1714 1933 de
1730 1897 1843 1934 rebus
1867 1898 2040 1934 homini-

285 1955 455 2002 busque,
487 1951 534 1988 de
560 1951 700 1999 quibus
726 1950 851 1987 sermo
875 1951 943 1992 esl,
973 1953 1118 1999 agitur,
1149 1961 1300 1989 tantuin
1323 1965 1551 2002 prouoccm.
1620 1955 1755 2005 Neque
1779 1969 1875 1994 vero
1899 1966 2039 2008 metus,
2091 1990 2096 1997 .

286 2026 334 2050 nc
359 2023 459 2061 opus
486 2011 630 2060 ingenti
654 2011 909 2059 amplitudine
938 2019 974 2046 et
998 2012 1249 2048 voluminum
1267 2014 1381 2062 copia
1403 2014 1660 2062 suspicionem
1683 2025 1799 2065 atque
1821 2017 2038 2056 multorum

288 2072 482 2108 facultates
507 2072 676 2119 superet,
714 2079 840 2106 tantus
868 2069 939 2106 css'e
963 2070 1095 2117 debet,
1125 2073 1164 2107 in
1190 2082 1380 2119 quantum
1403 2075 1603 2123 opinionis
1631 2087 1737 2112 error
1762 2077 1953 2125 quosdam
1970 2078 2039 2115 ad-

288 2132 406 2169 ducit.
477 2130 635 2166 Constat
667 2131 790 2178 enim,
822 2129 1045 2166 Fabricium
1078 2132 1116 2166 in
1146 2133 1273 2179 primo
1301 2134 1438 2169 veteris
1465 2134 1645 2171 editionis
1678 2136 1881 2174 volumine
1908 2138 2038 2176 multo
2065 2126 2071 2131 ’

289 2191 460 2238 iustoque
481 2190 693 2237 parciorem
707 2218 718 2235 ,
749 2189 943 2226 interdurn
961 2197 1115 2226 tenuem
1135 2190 1265 2234 fuisse„
1297 2193 1419 2228 multa
1439 2193 1620 2230 transiisse
1638 2194 1808 2242 silentio,
1842 2209 1940 2246 quae
1963 2208 2038 2236 no-

291 2259 370 2285 tatu
399 2248 512 2285 ell'cnt
536 2249 670 2296 digna,
701 2249 819 2285 multa
835 2248 982 2286 adferre
1001 2262 1080 2286 non
1105 2251 1292 2298 potuisse,
1324 2264 1421 2299 quae
1448 2255 1657 2290 recentiore
1684 2255 1842 2293 demum
1871 2264 1992 2295 aetate
2013 2268 2037 2293 a

290 2310 383 2343 wiris
411 2309 530 2343 doctis
555 2308 794 2356 inuestigata,
826 2319 891 2344 aut
926 2310 1100 2349 inuenta,
1125 2319 1191 2346 aut
1214 2311 1350 2346 melius
1374 2311 1563 2360 disputata
1591 2313 1695 2354 sunt;
1728 2316 1767 2352 in
1791 2315 2036 2364 sequentibus

291 2377 440 2412 autem,
472 2368 673 2415 praecipue
696 2367 914 2414 postremis,
953 2369 1147 2406 interdum
1174 2371 1286 2418 copia
1309 2370 1514 2418 laborasse,
1551 2374 1749 2422 multaque
1781 2373 2035 2421 immiscuisse,

292 2438 388 2476 quae
407 2436 489 2462 nica
508 2426 665 2472 quidem
683 2426 863 2463 sententia
879 2438 902 2463 a
916 2428 960 2464 B.
977 2428 1048 2464 Gr.
1064 2429 1199 2466 melius
1220 2429 1398 2466 abessent.
1456 2432 1512 2468 Et
1532 2441 1659 2468 tamen
1682 2435 1723 2469 in
1740 2434 1943 2471 volumine
1966 2433 2034 2471 illo

1909 2494 2037 2541 primo
2093 2530 2095 2540 ¹
