2071 2747
728 64 979 104 EDITIONES
1283 63 1360 101 Lib.
1375 65 1423 104 II.
1437 76 1461 101 e.
1475 62 1566 101 XX.
1670 76 1726 110 343

0 159 153 210 hrlingae
174 172 259 206 ¹7³7·
283 167 315 204 8.
341 164 373 196 in
401 173 469 210 quo
491 159 577 196 libro
594 174 610 196 a
629 163 733 211 capite
750 174 772 198 r.
790 174 891 212 vsque
905 158 947 197 ad
963 174 1035 211 cap.
1051 171 1100 207 45.
1113 158 1237 198 codicis
1252 159 1393 197 medicei
1418 159 1576 199 lefflones
1600 162 1723 196 exami-

0 225 89 252 mtur
105 224 202 263 atque
216 212 375 254 docetur,
401 215 616 250 Gronouium
634 214 740 250 multa
765 218 797 250 in
813 213 991 250 Herodoto
1006 213 1095 250 male
1111 216 1234 264 partim
1255 211 1450 257 correxiss‘e,
1477 216 1599 264 partim
1622 216 1721 250 inter-

0 275 132 304 oetatum
159 263 231 302 eise.
305 268 421 315 Neque
443 276 556 302 tamen
590 279 708 302 omnes
737 268 863 303 Horrei
894 265 1142 303 emendationes
1176 267 1333 316 probauit
1365 264 1612 316 Weffelingius.
1665 285 1720 293 —·-

0 319 165 368 {Amana
191 322 226 354 in
247 319 435 368 Specimiue
456 317 624 355 animadu.
649 321 751 355 critic.
778 333 848 370 cap.
864 333 906 367 ²9
921 317 988 371 sqq.
1020 320 1225 370 Harlingae‚
1249 327 1341 365 1728.
1369 327 1398 362 8.
1427 318 1525 370 plura
1548 315 1721 357 Herodoti

0 374 171 409 ronouiani
193 371 270 407 loca
287 371 430 407 vindicat
453 382 484 408 et
501 371 648 408 illustrat.

0 493 22 530 L
65 442 284 476 Gronouiana
307 439 427 483 editio,
460 437 595 494 dei‘et‘iis
616 443 722 484 notis,
750 437 862 478 recusa
884 439 927 478 est
945 454 994 493 gr.
1011 451 1043 478 et
1065 439 1120 476 lat.
1155 438 1341 490 Glasguae,
1368 438 1493 478 Foulis.
1520 441 1605 485 1761.
1631 449 1719 478 tom.

48 505 93 530 12.

14 613 18 616 ἡ
66 561 161 598 Liber
178 563 201 597 Ι.
218 563 251 597 in
269 559 364 599 vsum
382 558 573 599 scholarum
591 560 692 598 nitide
708 560 948 614 emendateque
965 559 1101 600 excusus
1114 559 1245 613 prodiit*
1261 561 1453 612 Cantabrig.
1473 562 1556 607 1716.
1584 567 1616 604 8.

64 627 250 666 Cultiffima
276 634 470 682 optimaque
493 629 594 667 editio
616 629 680 666 est:

62 694 232 749 ‘Heode're
258 719 310 727 —-
337 701 504 735 Herodoti
518 698 752 747 Halicornaffii
764 698 969 747 historiarum
984 700 1060 736 libri
1072 699 1140 735 IX.
1157 698 1333 748 Musarum
1359 697 1539 733 nominibus
1559 696 1718 744 inscripti.

0 761 30 786 r.
45 757 76 786 tt
94 753 152 787 lot.
166 764 205 787 ex
221 753 325 789 Lam.
347 754 467 790 Valla-e
481 754 767 799 inin-pretatione,
795 765 862 787 cum
881 754 1140 787 adnotationibus
1154 753 1288 789 Thom.
1304 749 1398 787 Galei
1413 760 1445 786 et
1460 752 1523 786 Iac.
1541 751 1717 785 Gronouii.

23 804 146 839 ‘tionem
168 809 298 840 curauit
322 813 352 841 ct
366 806 448 854 suas
470 809 604 852 itemque
631 803 714 840 Lud.
733 803 829 854 Casp.
846 805 1054 841 Valckenarii
1079 812 1174 840 notas
1201 806 1316 840 adiecit
1338 805 1449 840 Petrus
1466 799 1716 852 Wess'elingius.

16 857 130 892 cedunt
141 865 276 904 praeter
293 861 393 894 vitam
416 859 554 894 Homeri
575 859 668 892 varia
687 869 725 891 ex
736 858 857 905 priscis
868 858 1087 905 firiptoribus
1107 859 1144 892 a'e
1160 857 1282 907 Fufii,
1306 854 1499 904 Aegyptiis,
1526 854 1630 897 Nilo,
1658 854 1716 889 In-

7 919 72 957 que
86 918 237 956 &carpta
255 918 283 945 ct
294 911 488 960 praesertim
505 923 543 947 ex
564 910 673 960 Cresia.
701 909 887 947 Amstelod.
939 911 1108 947 Sumtibus
1131 911 1215 946 Petri
1235 910 1436 946 Schoutenii.
1464 908 1556 952 1763.
1578 903 1641 942 fol.

61 989 154 1038 Qae
174 988 288 1024 habuit
306 985 441 1024 subsidia
458 987 496 1024 ad
517 985 767 1024 emendandum
783 986 1021 1024 Herodoteum
1041 998 1234 1024 contextum
1253 990 1382 1031 critica,
1405 986 1471 1023 late
1485 993 1658 1022 enumerat
1680 986 1715 1019 in

18 1066 20 1068 v
41 1055 57 1076 a
78 1038 302 1090 praefatione,
330 1052 360 1076 et
375 1055 437 1078 nos
459 1045 580 1091 partim
605 1039 836 1077 iudicauimus.
897 1040 1209 1077 Animaduersiones
1231 1051 1344 1077 autem
1367 1037 1512 1076 eruditae
1533 1048 1564 1074 et
1586 1050 1604 1072 a
1625 1049 1714 1073 vere-

9 1110 39 1123 ‹-·
50 1095 79 1128 ia
94 1104 228 1143 arteque
245 1096 355 1129 critica
372 1106 403 1130 et
417 1094 456 1130 ab
475 1096 744 1144 interpretatione
759 1093 912 1129 historica
928 1107 999 1129 non
1015 1096 1124 1129 minus
1139 1096 1356 1143 grammatica
1380 1105 1481 1141 eaque
1506 1088 1659 1140 prudenti
1682 1098 1713 1124 et

9 1157 132 1182 «ει-313
150 1160 289 1182 omnem
310 1156 440 1183 merent
462 1145 608 1183 laudem.
661 1146 749 1182 Iusto
772 1156 884 1182 tamen
907 1145 1056 1182 timidior
1076 1143 1170 1195 saepe
1193 1143 1256 1181 fuit
1280 1142 1477 1192 XVeffeling.
1502 1146 1535 1178 in
1558 1143 1713 1177 extermi-

11 1197 74 1234 ·dis
92 1195 220 1249 spuriis,
249 1209 280 1235 et
296 1198 499 1236 restituendis
515 1201 666 1248 genuinis
684 1199 891 1235 lec‘iionibus.
946 1201 1053 1249 Atque
1076 1199 1272 1234 Valckenar.
1289 1210 1389 1248 quem
1406 1196 1523 1231 alicubi
1541 1193 1581 1230 de
1597 1195 1712 1229 critico

20 1250 167 1301 ‚Belingii
193 1254 330 1301 ingenio
354 1266 425 1289 non
446 1251 530 1288 adeo
554 1253 637 1288 bene
658 1250 862 1288 iudicantem
885 1249 1109 1301 deprehendi,
1134 1253 1269 1286 innotis
1283 1250 1323 1285 ad
1340 1252 1453 1298 Eurip.
1471 1250 1578 1297 Hipp.
1594 1260 1622 1281 v.
1641 1257 1710 1291 952.
1734 1247 1739 1250 ⁴

53 1317 92 1340 na
113 1304 250 1351 vulgatis
267 1304 408 1340 meliora
424 1302 454 1340 se
478 1304 686 1341 redditurum
713 1302 808 1340 fuiss‘e
830 1303 1028 1345 Herodoto,
1056 1304 1243 1354 profitetur.
1294 1303 1574 1338 Valckenarianae
1597 1308 1709 1333 autem

14 1360 199 1404 wrationes,
219 1371 296 1392 cum
310 1357 496 1402 historicae,
521 1368 593 1394 tum
611 1361 644 1393 in
664 1360 780 1407 primis
798 1359 940 1401 criticae,
952 1356 1000 1392 illi
1015 1356 1151 1393 editioni
1170 1355 1331 1406 insignem
1355 1363 1469 1404 parant
1493 1349 1709 1387 commenda-

20 1428 24 1439 ·
42 1422 86 1444 m
109 1420 206 1460 atque
231 1420 480 1446 ornamentum.
520 1408 611 1446 conf.
630 1411 757 1446 Klotzii
776 1411 860 1446 Aeta
881 1409 1056 1454 litteraria,
1083 1419 1168 1446 tom.
1184 1410 1206 1443 1.
1230 1423 1263 1458 p.
1281 1410 1344 1449 263
1364 1404 1432 1457 sqq.
1462 1416 1494 1441 et
1510 1407 1609 1441 Noua
1624 1404 1708 1440 Aeta

28 1464 127 1499 itor.
151 1465 238 1507 1763.
267 1460 380 1499 mense
401 1464 473 1499 Iun.
499 1472 583 1513 part.
599 1464 639 1499 11.
665 1475 745 1513 pag.
766 1469 832 1509 289
857 1472 901 1489 —‘-
917 1474 990 1508 307.

20 1545 30 1548 ”
60 1537 154 1575 idem
172 1536 411 1588 XVess'elingius
426 1537 482 1574 diu
499 1548 593 1575 antea
611 1537 748 1574 molitus
763 1551 891 1575 nouam
914 1536 1117 1581 editionem,
1144 1546 1197 1584 at,
1223 1534 1403 1572 rationibus
1425 1533 1571 1569 inchoati
1598 1534 1708 1582 operis

21 1610 36 1616 ·-
72 1605 182 1628 nouae
205 1590 357 1627 editionis
382 1592 506 1628 alienae
528 1592 748 1634 conturbatis,
776 1604 793 1626 a
816 1588 955 1627 consilio
977 1587 1186 1640 exsequendo
1211 1598 1290 1624 tunc
1311 1587 1482 1622 deterritus
1501 1583 1601 1621 edidit
1615 1597 1708 1634 egre·

83 1657 216 1695 operae,
240 1647 273 1679 in
289 1644 469 1680 Herodoto
487 1643 684 1686 collocatae,
699 1640 880 1693 specimen,
894 1642 934 1678 ad
953 1642 1042 1692 quod
1062 1645 1128 1678 iam
1147 1639 1272 1691 saepius
1290 1641 1564 1689 prouocauinius‚
1580 1636 1707 1684 Differ-

23 1694 53 1722 -”
80 1709 110 1732 m
125 1698 346 1733 Herodotum
361 1700 405 1733 ad
431 1697 502 1732 Tib.
525 1696 815 1747 Hemsterbufium,
839 1697 989 1733 Traiecti
1010 1694 1050 1731 ad
1075 1697 1253 1736 Rhenum,
1281 1700 1367 1739 1758.
1395 1699 1425 1733 8.
1455 1693 1489 1726 in
1511 1703 1578 1740 quo
1603 1688 1706 1725 dorsio

23 1750 63 1777 ’Ἀ-
97 1763 118 1786 o
133 1763 204 1786 non
219 1746 330 1786 solum
348 1749 542 1786 Herodotus
553 1778 563 1793 ‚
591 1747 645 1786 sed
662 1749 716 1785 alii
733 1762 868 1799 quoque
882 1745 1056 1798 scriptores
1072 1745 1293 1784 emendentur
1308 1755 1363 1780 aut
1381 1743 1603 1792 explicantur:
1630 1740 1706 1777 vide

26 1797 57 1805 '⁷
72 1820 77 1833 ·
119 1801 322 1852 doc'iamque
338 1802 460 1840 Klotzii
476 1800 648 1838 censuram
671 1804 704 1837 in
718 1803 824 1838 Nouis
842 1803 931 1838 Ac'iis
949 1799 1117 1837 Eruditor.
1134 1796 1248 1835 mense
1264 1799 1333 1833 lun.
1351 1798 1441 1842 1760.
1462 1806 1544 1845 part.
1562 1795 1602 1830 11.
1627 1807 1705 1844 pag.

34 1862 86 1894 ¹1⁴-
101 1866 166 1900 371.
221 1854 307 1892 Illud
323 1853 521 1906 opusculum
536 1858 570 1890 in
590 1857 661 1890 XII.
679 1857 784 1904 capita
801 1851 1002 1903 descriptum
1019 1852 1072 1890 esi.
1126 1855 1213 1888 Inter
1236 1851 1297 1886 alia
1322 1847 1421 1885 docet
1446 1862 1519 1898 cap.
1538 1851 1577 1882 V.
1595 1860 1704 1897 gram-

27 1916 88 1954 ·'.›·-
104 1935 115 1950 ,
140 1911 316 1958 praecipue
338 1906 486 1951 Suidam,
508 1906 688 1944 Herodoto
711 1907 816 1944 multa
839 1903 1001 1950 tribuisse,
1025 1918 1109 1956 quae
1132 1905 1220 1941 illius
1241 1916 1311 1938 non
1334 1900 1413 1947 sint3
1441 1915 1512 1950 cap.
1531 1902 1585 1935 Vl.
1610 1901 1703 1935 Liba-

28 1976 44 1989 ·ε
70 1955 248 2010 saepiffime
267 1963 434 1997 imitatum
458 1958 520 1997 esse
536 1959 754 1997 Herodotum
766 1987 775 2001 ,
803 1972 901 2010 atque
923 1973 962 1995 ex
979 1961 1046 1995 hoc
1061 1958 1150 1994 illius
1167 1970 1267 2006 opere
1281 1954 1386 1990 m'ulra
1404 1957 1480 1989 vina
1501 1952 1572 1989 tolli
1589 1950 1701 2002 posse:

1 2031 3 2039 ι
35 2017 85 2042 {¹¹1⁴
108 2027 126 2048 e
139 2017 233 2049 variis
249 2015 425 2051 audiorum
445 2014 526 2050 locis
541 2011 631 2062 posse
649 2012 865 2049 Herodotum
884 2011 1066 2058 emendari,
1093 2024 1163 2059 cap.
1180 2012 1254 2046 VH.
1272 2006 1471 2044 ostendum-2
1499 2019 1571 2055 cap.
1588 2006 1643 2040 IX.
1660 2003 1702 2048 de

0 2071 1 2075 ’
30 2080 33 2088 ¹
57 2072 99 2101 ⁴(ef
119 2067 283 2103 erroribus
303 2066 377 2104 cod.
396 2066 540 2103 Medicei
560 2069 685 2115 agitur3
713 2079 783 2116 cap.
801 2067 856 2101 XI.
882 2065 1061 2115 probatur,
1087 2063 1268 2105 Solonem,
1296 2058 1547 2097 Atheniensium
1575 2056 1703 2106 legisla-

56 2134 88 2160 ‚
110 2130 186 2155 vere
202 2133 280 2155 cum
300 2117 426 2156 Croeso
443 2117 507 2156 effe
521 2119 770 2169 colloquutum,
799 2131 906 2167 neque
921 2120 1084 2153 rationem
1100 2127 1293 2166 temporum
1310 2126 1492 2161 repugnare
1510 2113 1587 2146 huic
1604 2109 1702 2147 hisio-

63 2165 237 2209 subiunctis
251 2176 421 2209 variorum
441 2173 637 2209 conied‘turis
654 2171 695 2208 de
709 2174 787 2207 anni
804 2169 913 2207 forma
933 2173 966 2205 in
990 2172 1140 2205 oratione
1164 2168 1297 2204 Solonis
1322 2166 1361 2201 ad
1380 2162 1554 2201 Croesum.

59 2240 168 2278 Multa
183 2251 294 2280 tamen
310 2247 463 2294 variaque
481 2247 514 2280 in
528 2243 672 2281 editione
689 2242 897 2291 &Vesselingii
922 2253 1051 2291 peccata
1075 2238 1219 2276 recenset
1239 2241 1445 2287 nimiamque
1471 2238 1556 2273 illius
1581 2239 1613 2272 in
1636 2236 1698 2272 tol-

40 2339 42 2344 7
62 2293 63 2297 ’
83 2297 199 2343 apertis
213 2299 294 2332 vitiis
313 2296 522 2334 timiditatem
540 2297 652 2347 culpat
669 2310 699 2333 et
719 2298 792 2333 loca
807 2310 824 2331 a
841 2293 871 2331 se
884 2298 1030 2331 coneda
1043 2323 1052 2337 ‚
1080 2293 1188 2329 addita
1212 2295 1404 2328 mutationis
1429 2289 1553 2334 cauffo,
1577 2289 1698 2325 indicat

49 2340 62 2352 ‘⁶
108 2347 144 2383 in
155 2346 360 2397 praefatione
374 2349 415 2387 ad
428 2353 577 2402 primam
590 2364 712 2395 nouae,
735 2352 869 2400 eiusque
886 2351 1032 2391 criticae,
1053 2346 1204 2383 editionis
1224 2355 1374 2399 partem:

1458 2415 1624 2473 Ἡςοδέτε
1639 2429 1698 2455 etc.
