2183 2747
70 149 259 186 voi-ivm
505 145 702 185 scriem
739 145 768 183 A
803 145 942 184 coNR.
976 143 1192 183 iioaxeio
1224 144 1383 184 EmTA.
1471 147 1683 198 aazia,
1761 164 1820 198 395

73 255 304 286 Emathium-a.
385 246 438 280 xi.
459 246 588 281 Dicitur
602 255 767 296 practerea
784 245 1201 290 Batrachomyomachiam
1228 245 1372 280 Homeri
1395 245 1651 280 Commentario
1674 247 1821 285 illustras-

71 297 101 320 ⁶”
115 295 286 322 ⁸¹¹''⁰‘¹‘⁰”‘·
332 295 381 338 se,
406 301 461 348 qui
478 295 559 333 visus
575 310 686 334 tamen
706 301 860 335 liat-tenus
874 311 942 333 non
959 297 1022 338 est,
1047 309 1078 334 et
1093 301 1214 333 incerta
1239 295 1304 333 fide
1324 294 1464 332 refertur
1486 311 1504 332 a
1518 299 1667 335 Gesnero
1691 303 1725 335 in
1739 302 1817 340 Bibl.

70 362 102 387 et
117 365 133 387 a
150 353 291 389 Nicolao
310 353 489 387 Maiorano
504 348 710 401 praefatione
727 350 767 386 ad
781 351 1000 386 Euilathium.

109 448 305 482 Setose‘agrab
385 440 459 475 xli.
485 438 561 475 Post
584 438 791 475 Eussathium
818 452 888 474 non
920 435 1103 474 omittenda
1125 435 1258 472 Scholia
1283 436 1404 473 vetusta
1430 441 1462 473 in
1484 438 1607 474 librum
1627 439 1680 476 IX.
1699 439 1818 485 iliadis,

69 485 185 513 Hermio
198 489 281 516 “m‘-
327 505 445 541 graece
467 491 552 528 edita
577 505 594 527 a
619 492 771 528 Conrado
788 492 952 534 Ηονηιὶο,
975 490 1118 527 Helmst.
1136 493 1225 526 1620.
1248 496 1278 530 8.
1334 490 1391 527 issa
1410 492 1570 526 Iohannes
1587 492 1731 539 Caselius
1745 494 1819 531 Flo.

71 548 196 581 tentiae
208 542 417 594 descripserat
431 559 449 581 e
463 545 549 581 libro
566 547 648 580 Petri
665 547 802 581 Victorii
815 573 823 585 ‚
850 547 883 579 in
897 557 984 593 quo,
1005 542 1028 578 si
1046 557 1117 580 non
1132 546 1164 578 in
1182 552 1356 592 Vtramque
1371 545 1516 579 Homeri
1538 547 1686 587 minem,
1718 549 1752 582 in
1777 547 1821 583 21.

72 606 178 633 teram
193 610 279 634 certe
295 598 344 633 vel
361 595 528 648 plusculos
544 600 611 633 eius
626 598 727 633 libros
742 608 833 632 erant
859 594 1080 646 manuscripta
1102 594 1264 631 eiusmodi
1281 596 1424 632 Scholia.
1477 599 1555 646 Qo
1577 598 1658 634 liber
1683 600 1820 637 Vic‘lorii

69 653 276 700 peruenerit,
299 650 385 687 haud
405 649 497 686 faciit·
517 649 676 692 dixerim,
701 649 756 685 etsi
773 654 805 685 in
819 649 932 684 litteris
948 651 1057 684 Mai-‘ci
1074 646 1198 684 Velseri
1223 646 1263 683 ad
1288 649 1495 698 Scaligerum
1512 650 1596 700 prid.
1614 651 1687 687 Cal.
1709 655 1820 703 Augu.

67 702 108 738 ssi
127 717 177 738 an.
196 708 288 740 1602.
304 703 385 739 datis
399 704 465 752 legi
484 706 625 739 Veneriis
642 703 771 738 venales
789 699 961 751 prostitiss‘e
977 703 1215 752 quinquaginta
1233 703 1359 736 circiter
1377 701 1516 738 Codices
1537 716 1674 751 graecos
1692 707 1820 750 MStos,

72 756 240 802 reliquiar,
266 759 370 805 inquit
385 753 548 800 velserus,
574 763 730 803 quantum
746 756 934 803 quibusdam
951 756 1059 789 indicii
1066 769 1074 785 r
1081 755 1241 802 figffiicor,
1265 753 1304 789 V
1303 753 1476 790 iiior-ianae
1495 757 1720 797 Bibliothecae,
1740 771 1821 806 quos

72 809 224 843 mediocri
243 821 299 843 nos
309 812 419 855 pretio
432 809 810 856 prmstinaturosſjsciv.
867 805 1003 854 [Forsan
1017 821 1095 843 cum
1110 807 1241 856 reliquis
1258 808 1396 843 Vic‘toi-ii
1425 807 1513 843 libris
1533 807 1625 844 editis
1650 821 1680 845 et
1698 808 1820 860 scriptis

74 863 225 910 peruenit
239 865 271 896 in
287 862 522 898 bibliothecam
540 861 752 897 electoraiein
769 863 912 895 Bauaric.
931 860 1084 906 Monac]
1148 861 1263 909 Neque
1287 860 1446 896 haetenus
1467 864 1561 911 potui
1583 872 1674 899 certo
1694 860 1822 907 rescire,

74 917 147 958 quis
164 914 300 950 illorum
322 912 526 950 scholiorum
543 913 579 949 sit
598 917 731 957 auctor,
751 924 783 948 at
801 916 945 962 egregia,
969 912 1090 948 vetusta
1106 923 1137 948 et
1154 910 1252 948 docta
1267 910 1444 948 adfirmare
1465 911 1610 963 possum,
1640 916 1714 965 post
1729 914 1824 953 veris.

67 964 196 1002 simum
215 965 256 1001 de
273 967 334 1002 illis
351 964 466 1003 Caselii
486 977 517 1003 et
532 968 674 1002 Horneii
690 964 870 1004 iudicium,
892 968 947 1015 qui
969 965 1138 1001 Eustathio
1164 978 1297 1014 quoque
1320 963 1463 1014 inspecta
1485 965 1573 1002 haud
1595 966 1823 1007 dubitaturum

75 1016 267 1065 obstruant,
289 1021 433 1068 quisquis
449 1022 516 1054 eius
533 1022 565 1054 in
581 1017 738 1054 eumdem
755 1020 899 1054 Homeri
925 1017 1046 1053 librum
1061 1020 1334 1054 Commentarios
1360 1022 1612 1068 comparauerit.
1664 1023 1746 1057 Non
1766 1035 1823 1057 au-

72 1081 142 1107 tem
159 1070 243 1106 adeo
261 1082 420 1121 occupata
442 1068 515 1107 sunt
535 1074 569 1106 in
593 1069 781 1120 plirafibUS‚
807 1071 1007 1119 vocibusque
1029 1069 1251 1120 explicandis,
1277 1069 1366 1120 quod
1391 1084 1451 1106 nec
1476 1068 1583 1120 ipsum
1604 1073 1822 1111 nihilominus

71 1125 172 1174 plane
189 1126 223 1159 in
243 1124 305 1159 illis
323 1123 522 1173 negligitur,
546 1137 647 1174 quam
670 1134 709 1158 vt
725 1122 916 1163 oflendunt,
951 1125 1146 1159 Homerum
1173 1136 1299 1172 magno
1325 1124 1503 1159 verborum
1527 1123 1676 1168 delectu,
1704 1126 1823 1176 insigni

67 1177 191 1214 ‚ordine
209 1187 240 1211 et
255 1176 393 1212 ariiflcio
412 1179 579 1213 rhetorico
595 1177 713 1225 vbique
727 1173 821 1210 vsum
836 1173 916 1215 effe,
945 1179 1142 1225 egregiaque
1168 1186 1340 1225 praecepta
1364 1178 1469 1211 ethica
1491 1187 1521 1212 et
1546 1177 1681 1226 politica
1706 1179 1822 1228 paffim

72 1232 220 1280 poemati
238 1226 297 1264 suo
315 1227 501 1279 ini‘pei-fiss'e.
555 1232 758 1265 Criticorum
774 1226 888 1264 itidem
906 1225 1076 1263 sententias
1099 1227 1140 1263 de
1154 1226 1295 1262 versibus
1320 1238 1452 1277 poetae,
1483 1243 1601 1266 eorum
1625 1229 1822 1277 ‘ymo-uirnri

74 1294 105 1318 et
121 1283 262 1318 lectione
278 1283 355 1317 hine
373 1281 466 1324 inde,
491 1280 545 1318 etsi
563 1285 685 1322 rarius,
709 1278 876 1316 referunt:
904 1279 1089 1323 Zenodoti,
1116 1279 1310 1326 Aristarchi,
1341 1280 1564 1329 Apollodori,
1596 1283 1823 1335 Aristophanis

20 1329 23 1331 ’
73 1337 290 1372 Grammatici
303 1362 313 1378 ,
338 1335 518 1371 Aristotelis
533 1346 564 1370 et
578 1335 733 1371 aliorum.
756 1334 884 1369 Fabric.
938 1335 1094 1380 [Horum
1111 1343 1224 1369 tamen
1242 1330 1446 1369 scholiorum
1463 1337 1546 1371 ratio
1560 1339 1692 1385 optimo
1719 1336 1824 1373 const·

69 1390 122 1425 lio
139 1388 246 1424 habita
263 1388 306 1423 esi
327 1391 359 1422 in
370 1386 447 1423 edd.
464 1386 583 1423 iliados
597 1385 781 1423 Oxom'enfi
797 1388 886 1434 1695.
903 1396 934 1422 et
949 1385 1142 1422 Barnesiana
1157 1399 1210 1421 an.
1229 1396 1306 1430 1711.
1360 1386 1457 1421 Plura
1472 1385 1563 1427 vide,
1591 1401 1675 1438 quae
1694 1391 1824 1427 Home.

73 1441 248 1491 rophilus.
274 1442 327 1487 (h.
345 1454 372 1476 e.
389 1442 436 1477 Io.
453 1440 636 1487 Chri'stopli.
657 1439 822 1486 lVoUi'iir)
838 1442 871 1474 in
887 1437 1071 1475 Obseruatt.
1091 1436 1226 1474 miscell.
1244 1438 1402 1486 Belgicis,
1431 1439 1497 1475 vol.
1514 1441 1555 1475 V.
1580 1451 1661 1476 tom.
1679 1444 1721 1479 ΙΙ.
1745 1456 1823 1492 pag.

73 1507 126 1539 153
144 1490 209 1543 sqq.
225 1492 264 1528 de
278 1496 339 1528 hac
355 1492 515 1534 editione,
538 1502 730 1542 comparata
749 1505 827 1527 cum
843 1489 972 1528 scholiis
987 1495 1112 1541 graecis
1131 1494 1164 1526 in
1180 1489 1254 1526 cod.
1270 1489 1436 1540 Lipsienfi,
1452 1503 1482 1528 et
1501 1493 1691 1529 Valcieuar.
1708 1497 1741 1530 in
1755 1493 1825 1531 diss.

74 1545 115 1582 dc
135 1544 264 1582 scholi-s
291 1549 325 1580 in
339 1547 531 1581 Homerum
560 1545 686 1581 ineditis
702 1547 733 1593 §.
752 1546 794 1580 X.
816 1558 847 1594 p.
867 1557 921 1588 103
940 1543 982 1595 sq.
1008 1543 1218 1580 adnotarunt.
1249 1541 1332 1578 adde
1355 1541 1462 1592 ipsum
1485 1545 1621 1580 Petrum
1638 1546 1823 1584 Vielorium

72 1602 109 1635 in
122 1601 244 1635 Variar.
263 1599 396 1635 lection.
413 1599 484 1634 libr.
502 1599 653 1634 XXXVI.
669 1611 740 1647 cap.
756 1608 799 1639 13.
820 1611 851 1647 p.
870 1607 943 1643 993.
961 1596 1038 1633 edit.
1052 1601 1225 1645 Argentor.
1242 1598 1338 1641 1609.
1365 1596 1418 1631 vbi
1433 1595 1602 1647 duplicem
1617 1597 1764 1635 duorum
1779 1603 1825 1636 in.

66 1663 255 1702 ⁴terpretuiii
273 1648 537 1687 obseruationem
556 1664 595 1687 ex
611 1653 750 1701 antiquis
767 1647 898 1686 scholiis
922 1647 1051 1700 profert
1077 1649 1117 1685 ad
1141 1647 1231 1686 Iliad.
1249 1649 1353 1684 XVH.
1372 1651 1441 1694 265.

179 1723 284 1756 Antea
306 1733 385 1756 vero
407 1733 508 1769 quam
532 1720 666 1756 vlterius
685 1718 962 1770 progrediamur,
992 1718 1087 1768 plura
1108 1715 1276 1753 inserenda
1304 1715 1467 1753 videntur.
1520 1717 1692 1766 Qantum
1711 1718 1823 1757 confe-

74 1785 149 1811 rant
166 1771 353 1809 scholiastae
367 1776 528 1812 Homeri,
552 1786 621 1808 non
643 1771 753 1808 dicam
776 1771 816 1808 ad
836 1774 1029 1807 interiorem
1051 1773 1281 1819 cognitionem
1303 1770 1543 1805 vocabulorum
1558 1798 1567 1812 ,
1595 1768 1820 1809 formularum

77 1839 175 1876 atque
193 1828 409 1875 antiquitati33
432 1822 484 1861 sed
503 1824 542 1860 ad
562 1828 868 1874 interpretationem
892 1826 1092 1870 mythorum
1116 1820 1311 1872 sensumque
1333 1823 1457 1872 pulcri,
1488 1821 1608 1858 docent
1630 1825 1660 1861 Ι.
1678 1824 1820 1863 May-tin,

77 1881 273 1916 claudemus
287 1881 319 1913 in
335 1879 440 1913 Diatr.
459 1876 499 1913 de
515 1877 708 1927 praestantia
724 1888 755 1914 et
771 1875 827 1913 vsu
843 1875 1047 1913 scholiorum
1064 1889 1262 1925 graecorum
1280 1878 1312 1910 in
1328 1885 1451 1924 poetas,
1469 1875 1718 1925 VVittenbergae
1735 1890 1821 1922 1732.

77 1944 109 1976 4.
126 1929 225 1968 recus.
243 1934 276 1966 in
293 1933 361 1965 eius
379 1927 554 1979 Opusculis
572 1929 783 1973 academicis,
805 1929 931 1980 Lipsiae
946 1941 1029 1974 1741.
1047 1936 1076 1970 8.
1092 1939 1174 1964 tom.
1192 1931 1213 1963 Ι.
1230 1942 1262 1977 p.
1280 1941 1296 1973 7
1313 1925 1382 1977 sqq.
1407 1927 1466 1963 cel.
1485 1928 1566 1962 Beck
1585 1930 1618 1963 in
1632 1928 1826 1979 prolusione

79 1983 265 2022 academica
278 2010 287 2024 ,
313 1982 354 2018 de
371 1985 518 2028 ratione,
543 1995 605 2033 qua
625 1980 813 2019 scholiastae
828 1992 1003 2032 poetarum
1017 1994 1215 2030 graecorum
1236 1989 1378 2021 veteres,
1407 1983 1447 2016 in,
1462 1982 1642 2030 primisque
1667 1983 1823 2027 Homeri,

79 2037 119 2074 ad
137 2034 265 2073 sensum
282 2035 463 2085 elegantiae
476 2045 508 2072 et
522 2035 694 2071 venustatis
711 2034 895 2072 acuendum
908 2063 918 2077 ,
939 2034 1083 2071 adhiberi
1099 2035 1184 2070 recle
1199 2031 1327 2083 possint.
1357 2031 1482 2081 Lipsiae
1500 2039 1586 2077 1785.
1603 2047 1635 2079 4.
1661 2045 1693 2070 et
1716 2036 1824 2086 (quod

80 2104 118 2127 ex
135 2088 265 2126 scholiis
281 2088 378 2124 codd.
396 2091 614 2131 Venetorum,
629 2091 662 2123 in
678 2088 787 2125 lucem
806 2088 916 2125 nostra
933 2086 1072 2123 demum
1089 2097 1192 2122 aetate
1207 2086 1354 2135 prolatis,
1370 2087 1517 2120 maxime
1532 2085 1570 2120 fit
1582 2084 1824 2135 manifestum)

81 2143 141 2179 cel.
165 2142 334 2189 Villoismi.
352 2141 543 2191 Prolegom.
560 2143 703 2178 Homer.
730 2155 761 2191 p.
776 2135 891 2177 XLIV.
917 2151 988 2176 not.
1048 2137 1269 2187 Antiqiiissinii
1296 2151 1374 2174 vero
1401 2137 1446 2173 illi
1469 2139 1587 2181 critici,
1618 2152 1823 2191 quamquam

81 2197 179 2232 verba
196 2194 322 2242 singula
338 2198 483 2243 ritusque
500 2193 599 2230 docte
617 2193 771 2244 quidem,
789 2207 849 2230 nec
864 2207 939 2229 raro
955 2191 1038 2228 iusto
1053 2189 1215 2232 subtilius,
1240 2193 1440 2240 interpretati
1464 2187 1552 2225 sunt:
1576 2204 1687 2228 rerum
1712 2204 1823 2232 tamen

81 2247 322 2298 expofirionem
338 2247 558 2296 negligentius
573 2249 762 2283 tractarunt.
813 2249 902 2282 Nam
924 2259 984 2281 nec
1009 2255 1160 2293 tempus,
1183 2244 1365 2293 locumque
1390 2252 1421 2278 et
1445 2252 1584 2278 aetatem
1605 2241 1625 2279 s.
1642 2246 1786 2283 heroum
1800 2246 1824 2285 s.

82 2302 225 2338 Homeri
244 2301 345 2335 vbiuis
361 2303 485 2350 riteque
499 2298 730 2341 distinxerunt,
750 2312 811 2335 nec
825 2298 866 2335 de
881 2308 996 2348 poeta,
1021 2310 1085 2346 qua
1099 2306 1216 2346 poeta,
1242 2292 1370 2346 semper
1386 2297 1473 2331 recte
1491 2294 1684 2333 iudicarunt.

186 2371 231 2404 Vt
246 2371 394 2418 primum
410 2380 521 2404 autern
538 2370 683 2405 Homeri
698 2369 885 2404 carminum
903 2369 1093 2416 interpretes
1107 2363 1316 2406 exstiterunt,
1341 2361 1530 2413 praesertim
1555 2379 1572 2400 a
1594 2375 1747 2415 tempore
1770 2381 1825 2406 eo-

59 2422 61 2424 ’
84 2434 182 2464 rum,
208 2424 262 2472 qui
281 2435 320 2457 ex
337 2418 446 2458 schola
466 2420 705 2463 Alexandrina,
731 2423 765 2456 in
790 2433 854 2468 qua
877 2420 1101 2468 interpretatio
1123 2418 1268 2452 Homeri
1294 2429 1369 2466 pars
1389 2415 1560 2453 doctrinae
1580 2431 1617 2454 ac
1639 2416 1826 2470 disciplinae

83 2471 147 2510 suit
164 2477 359 2525 praecipua,
384 2473 599 2525 prodierunt:
622 2473 732 2512 statim
747 2469 989 2510 obseruationes
1008 2473 1041 2504 in
1055 2481 1192 2519 poetam
1207 2479 1275 2506 tam
1291 2471 1439 2514 criticae,
1463 2483 1565 2520 quam
1587 2476 1825 2520 grammaticae

918 2525 951 2560 D
965 2521 986 2559 d
1000 2520 1022 2557 d
1053 2534 1071 2557 2
1668 2522 1828 2564 conscribi
