2071 2747
157 139 216 173 732
323 127 399 166 Lib.
412 127 465 164 II.
480 140 504 163 t.
516 125 647 163 XXV.
874 122 876 126 ⁸
896 123 1192 161 THVCYDIDIS
1647 121 1741 151 Vol-¹·
1757 121 1931 157 9-8762877

164 226 403 269 notationibus,
419 224 536 276 quibus
554 235 585 260 et
603 220 825 269 Thucydides
842 219 919 273 ipse,
937 233 968 258 et
985 219 1109 268 scholia
1127 218 1341 256 illustrantur.
1378 216 1556 256 Praemiffa
1574 217 1619 255 est
1634 221 1699 254 vita
1716 216 1933 265 Thucydidis

163 292 203 314 ex
214 278 420 315 Marcellino
435 292 514 314 curn
531 275 568 313 ls.
586 274 773 313 Casauboni
795 275 944 311 verlione
960 286 991 310 et
1009 273 1290 322 castigationibus,
1303 283 1335 308 et
1352 269 1496 310 subiecta
1511 273 1585 309 lobi
1594 274 1720 308 Veratii
1735 282 1937 322 argumenta

165 334 359 368 orationum
376 334 651 381 concionumque
665 328 897 376 Thucydidis,
925 327 1068 378 denique
1083 325 1312 376 chronologia
1328 325 1543 374 Thucydidis
1559 339 1658 377 atque
1676 335 1877 376 argumenta
1900 323 1938 360 li·

165 385 320 429 brorum,
337 400 356 421 a
372 383 504 421 Dauide
522 386 692 430 Chytraeo
709 385 918 419 concinnata.
1768 390 1771 393 ·

270 447 306 489 8)
335 444 469 480 Aemilii
493 442 610 486 Porti,
643 439 799 478 francos.
826 438 914 489 apud
931 436 1085 475 VVechel.
1114 448 1201 483 1594.
1220 434 1282 472 fol.
1310 439 1379 486 qui,
1403 439 1437 473 in
1463 439 1589 486 graecis
1615 435 1712 472 nullo
1735 436 1838 472 MSto
1864 431 1941 472 cod-

168 493 253 539 vsus‚
280 499 386 533 Henr.
402 498 560 547 Stephani
577 495 758 531 editionem
777 491 946 542 expreisit,
974 489 1033 526 nisi
1058 489 1215 540 quando,
1246 489 1354 539 (quod
1378 489 1494 540 passim
1524 489 1672 526 accidere
1697 498 1792 524 notat
1807 484 1941 524 Hudso-

167 552 259 597 nu8,)
285 554 397 586 erratis
420 551 675 600 typographicis
698 548 835 582 laborat.
895 543 1094 580 Versionem
1121 555 1233 578 tamen
1259 543 1397 579 latinann
1428 543 1501 594 post
1527 545 1736 593 Stephanum
1757 543 1941 578 accuratius
1992 574 1995 578 ,
2019 584 2022 586 q

168 601 349 648 recensuit,
373 602 523 639 adhibitis
541 605 573 637 in
590 598 768 637 subsidium
787 601 888 649 patris
907 596 953 633 sui
972 597 1133 645 Francifii
1153 597 1248 631 Porti
1263 595 1318 643 Η),
1347 596 1532 645 Cretense,
1556 599 1828 637 conum-mariis,
1855 607 1941 644 quae
1994 620 1996 625 t

167 659 246 694 huic
267 656 404 693 editioni
429 653 503 692 sunt
527 654 662 691 adiec'la.
716 652 877 700 Rancisci
899 652 999 688 Porti
1020 649 1253 686 adnotationes
1276 651 1310 685 in
1337 651 1603 701 Xenophontem
1630 662 1660 686 et
1682 646 1942 696 Thucydidem,

169 713 258 758 1586.
274 723 305 755 4.
327 719 359 746 et
383 722 471 758 ¹594·
494 705 556 744 fol.
586 710 751 744 Geneuae.

277 770 318 812 9)
348 766 503 804 Iohannis
523 763 695 811 Hua'soni,
727 761 849 810 [Thac.
876 782 926 789 —-
956 761 1032 796 libri
1049 759 1141 803 οξῖο,
1166 773 1224 809 gr.
1248 766 1277 795 et
1305 760 1365 797 lat.
1384 760 1596 809 cumsclzoliis
1614 762 1780 809 antiquis,
1806 760 1944 796 ἱεὶἶὶοηὶ.

172 823 231 856 bus
245 822 449 857 variantibus·
462 825 491 853 et
509 818 774 853 adnotationibus
793 817 939 851 virorum
955 814 1218 860 dofflffimomm,
1246 826 1325 848 cura
1342 816 1372 851 J.
1395 815 1504 862 Hzizfff
1506 815 1558 861 ·1i.]
1582 816 1735 850 Oxoniae
1756 828 1773 850 e
1789 815 1944 850 Theatro

173 872 422 915 Sheldoniano,
448 875 542 917 1696.
561 868 623 906 fol.
687 871 724 905 ln
743 871 805 905 hac
827 866 1099 919 praestantiffima
1123 865 1270 903 editione
1291 880 1429 916 graecus
1452 878 1627 903 contextus
1649 865 1853 913 Thucydid&
1889 864 1945 912 [if]
1998 896 2003 899 .
2031 888 2033 894 i

174 937 327 964 accurate
351 937 381 962 et
404 923 588 960 luculenter
608 919 777 973 expressus
800 922 972 958 exhibetur
994 935 1012 956 e
1034 920 1217 970 posteriore
1240 920 1431 956 recensione
1452 923 1496 956 Η.
1512 923 1691 971 Stephani,
1719 932 1750 956 et
1773 934 1884 956 recens
1913 921 1946 955 in

170 978 334 1017 'sedliones
351 978 535 1015 distinc‘lus:
561 980 594 1012 in
617 978 875 1025 vuiuscuiusque
895 977 1037 1025 paginae
1060 987 1118 1009 ora
1142 977 1305 1010 exteriore
1327 973 1507 1010 adnotatur
1527 988 1633 1010 annus
1658 985 1690 1009 et
1711 973 1851 1017 meniis,
1877 985 1946 1022 quo
1996 1001 1999 1003 ,
2030 963 2033 990 3

175 1032 305 1082 singula
329 1029 538 1073 acciderunt,
566 1043 605 1065 ex
632 1039 744 1065 mente
770 1029 815 1063 H.
836 1028 1019 1070 Dodmrlli,
1048 1027 1345 1076 chronologorum
1370 1028 1426 1063 ista
1452 1038 1557 1063 aetate
1581 1030 1751 1078 principis.
1829 1025 1947 1063 Verfio

176 1087 278 1122 latina
299 1085 428 1121 Aemilii
445 1085 536 1119 Porti
550 1085 633 1128 mm),
662 1095 780 1118 verum
797 1082 837 1117 ab
854 1078 1023 1117 Hudsono
1041 1082 1119 1116 hinc
1137 1079 1212 1116 inde
1231 1079 1425 1123 emendata,
1453 1081 1583 1117 collatis
1602 1080 1722 1130 gallica
1743 1080 1949 1116 Ablancour-

176 1141 211 1176 tii
227 1149 256 1174 et
274 1139 404 1187 anglica
420 1135 592 1176 Hobbesii‚
609 1134 688 1182 (vid⁴
700 1137 817 1172 Clerir.
834 1136 867 1170 B.
884 1138 925 1170 V.
945 1144 976 1170 et
994 1136 1035 1169 N.
1053 1136 1141 1169 XIV.
1162 1148 1194 1183 p.
1211 1135 1300 1178 242.)
1328 1148 1412 1176 non,
1431 1146 1464 1170 vt
1478 1135 1584 1184 vulgo
1601 1135 1670 1170 fieri
1688 1132 1781 1177 soler,
1798 1148 1816 1170 e
1839 1135 1948 1183 regio-

176 1206 237 1234 ne,
266 1189 316 1226 sed
339 1189 424 1226 infra
448 1192 574 1225 minori
598 1190 788 1225 charactere
809 1190 965 1238 ponitur:
994 1198 1025 1223 et
1051 1190 1083 1222 in
1107 1184 1247 1222 summis
1270 1190 1400 1237 paginis
1424 1191 1612 1224 notationes
1631 1187 1894 1237 chronologicae
1909 1199 1950 1222 ex

176 1243 354 1282 Dodwrelli
370 1245 550 1279 rationibus
570 1243 779 1278 exhibentur.
837 1239 987 1276 Versioni
1006 1238 1222 1276 subiiciuntur
1237 1244 1345 1276 variae
1362 1240 1521 1277 ledliones
1541 1252 1572 1277 et
1590 1242 1727 1276 notulae
1743 1244 1886 1284 criticae,
1908 1251 1950 1275 ex
2007 1278 2011 1282 Α

177 1298 343 1347 prioribus
361 1296 558 1332 editionibus
577 1297 724 1331 crnibus
741 1295 838 1331 MSS.
856 1293 956 1329 codd.
982 1305 1167 1343 excerptae.
1223 1295 1377 1344 Denique
1401 1297 1506 1330 imam
1534 1297 1676 1344 paginae
1697 1306 1827 1343 partem
1850 1306 1948 1330 occu·

177 1362 256 1402 pant
272 1363 390 1400 graeca
410 1347 544 1385 scholia.
600 1348 746 1384 praefixa
767 1345 840 1383 sunt
859 1350 952 1396 operi
971 1360 1099 1397 praeter
1117 1350 1232 1389 vitam,
1255 1345 1573 1389 notis'illustratain,
1595 1349 1705 1396 elogia
1721 1358 1753 1383 et
1770 1347 1888 1384 iudicia
1909 1344 1950 1382 de

177 1402 404 1450 Thucydide3
439 1402 603 1451 pluraque
626 1399 656 1437 se
677 1398 772 1437 fuisse
793 1399 952 1436 daturum
976 1403 1019 1436 ait
1043 1398 1228 1436 Hudsonus
1251 1414 1290 1435 ex
1313 1399 1481 1446 Dionyfio
1505 1398 1777 1444 Halicarnaffeo,
1812 1399 1873 1436 nist
1896 1402 1951 1436 hic

177 1457 296 1507 paullo
315 1458 516 1504 iniquiorem
534 1453 565 1490 se
585 1453 790 1495 ostenderet,
818 1457 1038 1503 criticumque
1056 1454 1226 1489 calamum
1244 1455 1276 1488 in
1294 1455 1467 1490 audlorem
1486 1452 1755 1503 probatiffnnum
1779 1450 1953 1490 ssrinxiffet

177 1513 306 1547 iuuenis
325 1508 432 1544 adhuc
448 1508 625 1557 iudiciique
643 1521 762 1557 parum
779 1504 901 1543 subusti
915 1536 923 1549 ,
950 1518 982 1542 vt
995 1518 1151 1542 notatum
1173 1507 1219 1540 H.
1236 1507 1401 1553 Slephcmo
1424 1507 1478 1542 lib.
1497 1510 1533 1542 ll.
1552 1504 1744 1544 schediasm.
1762 1521 1794 1552 4.
1818 1517 1848 1542 et
1872 1519 1951 1554 ope-

178 1577 292 1600 rarum
308 1565 341 1597 in
357 1560 561 1608 Dionysium
581 1557 799 1596 Halicarnass.
822 1574 893 1610 cap.
914 1563 961 1596 16.
991 1560 1042 1594 vbi
1067 1559 1178 1602 docet,
1202 1558 1406 1606 Dionysium
1431 1557 1540 1610 ipsum
1558 1562 1679 1595 imitari
1698 1559 1817 1597 deinde
1836 1558 1950 1608 digna-

179 1627 274 1659 tum,
302 1630 385 1666 quae
406 1626 499 1650 antea
521 1614 790 1664 reprehenderat.
846 1612 1006 1649 Adiunxit
1025 1616 1125 1649 ctiam
1143 1610 1349 1649 dodliffimus
1365 1611 1473 1649 editor
1492 1615 1583 1648 binas
1602 1613 1726 1650 tabulas
1751 1613 1953 1662 geographi·
1995 1620 1998 1622 ’

179 1683 245 1712 cas,
269 1669 308 1705 ad
327 1667 572 1714 Thucydidem
592 1665 849 1715 intelligendum
873 1663 1050 1713 facientes,
1083 1679 1184 1701 vnain
1210 1667 1387 1709 Graeciae,
1416 1680 1518 1716 quam
1543 1680 1582 1701 ex
1602 1665 1810 1712 Thucydide
1832 1676 1864 1701 et
1886 1663 1950 1701 Ed-

180 1721 300 1758 mundi
326 1722 450 1757 Halleii
481 1720 631 1756 chartula
656 1719 853 1762 delineauit;
900 1718 1041 1754 alteram
1070 1719 1217 1761 Siciliae,
1254 1732 1355 1769 quam
1384 1732 1424 1754 ex
1446 1719 1584 1755 Cluueri
1607 1720 1715 1756 Sicilia
1740 1722 1875 1770 antiqua
1897 1717 1952 1754 de·

181 1774 335 1826 promsit.
397 1773 447 1810 Ad
475 1773 601 1809 calcem
628 1771 769 1808 subnexa
796 1770 870 1807 sunt
897 1774 1055 1821 Epitonie
1073 1770 1300 1818 Thucydidis,
1325 1786 1341 1806 a
1358 1774 1510 1822 Georgio
1528 1775 1669 1812 Acar-io,
1696 1783 1727 1808 et
1752 1781 1951 1822 argumenta
2006 1804 2009 1810 ,

179 1833 404 1870 concionum,
422 1842 437 1862 a
455 1827 538 1862 lobo
550 1829 687 1862 Veratio
705 1822 904 1874 conscripta,
933 1836 963 1861 et
980 1827 1022 1860 Η.
1040 1827 1199 1873 Stephani
1217 1821 1460 1875 proparasceue
1475 1824 1516 1861 ad
1532 1826 1712 1862 leelionem
1732 1823 1951 1861 scholiorum.

181 1883 246 1918 His
264 1879 443 1917 succedunt
460 1880 657 1928 prolixiores
673 1878 822 1915 eiusdem
841 1880 998 1928 Stephani
1022 1889 1052 1914 et
1070 1878 1244 1922 Palmerii,
1273 1881 1327 1925 (ex
1343 1881 1411 1914 eius
1429 1880 1716 1916 exercitationibus
1741 1878 1781 1914 ad
1801 1881 1952 1929 optimos

182 1936 334 1971 nudiores
348 1937 515 1982 graecos)
533 1931 786 1974 adnotationes,
813 1945 898 1981 quae
913 1932 1110 1968 let‘lionibus
1126 1932 1324 1967 variantibus
1340 1929 1487 1968 interseri
1511 1946 1581 1969 non
1603 1942 1808 1982 potuerunt,
1834 1932 1952 1982 quibus

183 2001 221 2023 ex
239 1990 326 2022 Porti
341 1997 372 2022 et
391 1988 500 2022 Aeacii
519 1988 772 2020 commentariis
789 1995 889 2020 notae
905 1986 982 2019 hinc
998 1983 1074 2020 inde
1090 1984 1251 2020 delibatae
1262 2012 1271 2027 ‚
1298 1995 1330 2021 et
1351 1982 1507 2021 Hudson.
1522 1985 1688 2022 nonnulla
1711 1981 1953 2021 immiscentur.

182 2042 252 2075 Nec
269 2043 377 2074 minus
394 2040 577 2074 Camerarii
594 2036 936 2073 animaduerlionibus
952 2039 1004 2072 hic
1019 2037 1136 2073 locum
1153 2035 1306 2081 dediss'et,
1336 2036 1360 2073 fi
1379 2037 1516 2088 quidem
1534 2042 1602 2074 eius
1615 2037 1768 2074 libellum
1791 2050 1952 2074 notarum

182 2096 216 2127 in
245 2091 450 2137 Thucydide
474 2088 616 2126 nancisci
638 2089 803 2141 potuisset.
869 2089 1045 2126 Accedunt
1070 2102 1238 2141 praeterea
1267 2094 1375 2127 variae
1403 2091 1565 2128 lefliones
1595 2105 1635 2129 ex
1664 2091 1778 2135 [codd.
1800 2092 1951 2128 biblioth.

181 2142 442 2187 Norsolcianae,
477 2143 613 2193 collegii
634 2147 785 2194 corporis
809 2143 932 2180 Christi
961 2145 1074 2180 Oxon.
1099 2158 1137 2180 ex
1161 2145 1385 2191 Barocciano,
1421 2148 1477 2195 qui
1500 2148 1680 2181 conciones
1706 2156 1836 2181 tantum
1858 2158 1953 2180 com·

1785 2199 1952 2247 plec‘litur,
2008 2185 2027 2208 ε’

225 2257 259 2291 ΙΙ)
280 2258 312 2286 In
326 2257 451 2286 Drandii
466 2256 608 2286 Biblioth.
625 2255 733 2286 classica
749 2267 776 2297 p.
795 2259 860 2293 736.
883 2256 960 2286 male
979 2256 1039 2287 edi·
1135 2261 1210 2292 mm)
1241 2257 1464 2287 Emendandum
1487 2259 1547 2294 est,
1580 2258 1661 2299 quod
1686 2261 1715 2288 in
1739 2260 1862 2290 historia
1881 2268 1951 2300 ope-

182 2307 245 2330 tum
263 2299 416 2340 francisci
435 2300 541 2336 Petri,
564 2300 614 2330 vbi
640 2301 710 2330 hacc
733 2301 826 2329 editio
842 2310 1036 2331 memoratur.
1091 2312 1157 2330 rurn
1183 2301 1392 2337 eruditorum,
1422 2304 1600 2339 Baznagiana
1623 2312 1691 2332 ann.
1716 2308 1796 2339 ¹695·
1820 2304 1951 2342 Augusto

182 2343 355 2375 Iohannem
383 2354 502 2384 qnoque
534 2344 702 2385 Memjfium
740 2347 970 2374 commentarios
1006 2347 1036 2375 in
1091 2344 1188 2374 mense
1210 2356 1275 2386 pag.
1299 2355 1364 2381 549.
1390 2345 1483 2384 legas:
1509 2348 1556 2375 On
1580 2346 1690 2376 acbeve
1714 2346 1730 2378 :i
1753 2348 1870 2378 Oxford
1893 2357 1950 2376 une
1995 2335 2010 2346 ⁸

181 2386 373 2421 Thucydidis
395 2387 530 2415 historias
553 2387 709 2423 molitum,
740 2389 835 2418 innuit
862 2390 1037 2418 Dominicns
1090 2388 1231 2418 nouvelle
1257 2389 1371 2419 edition
1393 2390 1429 2418 dc
1451 2389 1653 2425 Thucydide,
1674 2390 1690 2420 ,ἦ
1717 2391 1782 2422 cote
1806 2393 1845 2422 du
1861 2393 1937 2421 Grec

184 2430 317 2462 Moluius
334 2432 361 2458 in
380 2429 495 2464 litteriS,
520 2430 555 2458 ad
574 2442 640 2459 enin
658 2431 741 2460 datis.
766 2434 867 2461 Veniet.
888 2442 933 2466 30.
952 2435 1035 2462 Nou.
1091 2443 1130 2462 on
1147 2442 1206 2463 ωσι
1222 2432 1251 2462 la
1266 2434 1382 2464 vernon
1404 2433 1494 2463 latine
1522 2433 1560 2462 du
1577 2433 1719 2465 Dodzcet.
1936 2413 1949 2454 -,

182 2480 265 2506 1622.
310 2473 386 2504 Vide
409 2472 544 2514 epistolas
561 2475 710 2503 Gudianus
734 2485 799 2515 pag.
818 2485 878 2509 130.
