2183 2747
626 176 877 214 EDITIONES
915 176 1247 214 ANACREONTIS
1378 179 1451 215 Lib.
1467 181 1515 215 ῘΙ.
1538 192 1561 216 r.
1577 180 1666 219 XV.
1771 194 1815 229 99

65 276 154 319 1736.
185 273 350 313 Venetiis.
379 284 409 318 4.
436 285 571 322 graece,
597 271 697 308 latine
713 282 743 308 et
758 272 876 308 italice.
908 271 1001 310 conf.
1018 276 1144 309 Paitoni
1163 274 1184 310 l.
1200 274 1222 310 l.
1245 284 1276 311 et
1301 274 1405 311 catal.
1422 275 1545 313 Bnnau.
1564 279 1588 313 Ι.
1611 292 1641 327 Ρ,
1661 285 1712 319 ga.

63 352 154 386 1740.
180 343 352 377 Maittarii
371 344 410 378 ll.
436 341 598 383 Londini,
626 354 658 385 4.
677 345 755 377 mai.
817 343 922 378 Auc‘ia
946 342 991 378 est
1014 341 1214 378 versionibus
1235 342 1342 379 latinis
1367 345 1522 394 Stephani
1546 356 1577 381 et
1601 346 1750 383 Andreae
1777 361 1814 383 ac

165 394 307 431 Scholiis
321 397 445 444 graecis
464 393 714 430 Butliillerianis.
747 391 850 441 [conf.
868 395 1039 444 Supplem.
1054 397 1142 432 Adit.
1161 395 1261 431 Erud.
1279 393 1363 446 Lips.
1383 406 1464 433 tom.
1485 400 1504 435 l.
1526 412 1556 447 p.
1577 411 1632 445 193
1650 397 1733 450 sqq]

63 478 154 515 1742.
179 468 323 504 Londin.
351 469 510 514 Trappii,
538 480 589 516 gr.
608 478 637 502 et
656 467 713 503 lat.
738 479 782 502 12.
810 489 861 494 —-
896 467 1015 504 eodem
1039 482 1127 504 anno
1148 468 1188 503 ab
1212 469 1305 517 Aug.
1325 470 1415 506 Mar.
1433 471 1615 512 Bandinio,
1641 485 1691 522 gr.
1714 473 1768 510 lat.
1787 485 1818 511 et

167 521 234 558 ital.
258 522 455 564 Florentiae,
481 528 513 562 8.
543 540 591 547 —-·
620 519 694 556 eod.
710 533 799 555 anno
815 521 1016 570 Burnesr‘una
1033 522 1089 556 111.
1114 535 1192 556 cum
1216 524 1319 566 notis,
1346 535 1396 572 gr.
1414 534 1445 559 et
1458 523 1513 560 lat.
1536 536 1579 560 12.

66 602 154 635 1743.
182 591 357 632 Lamiam,
391 589 594 632 florentiae,
629 586 855 625 recensionem
876 589 1106 627 Barnesianam
1127 590 1292 627 exhibens.
1323 590 1404 639 [vid.
1423 593 1584 642 Beytriige
1609 607 1668 629 zur
1691 594 1815 631 Histor.

169 641 228 678 der
250 642 463 680 Gelahrtheit.
482 646 503 678 1.
527 657 560 692 p.
578 640 645 688 43]

67 720 157 756 ¹744.
185 712 393 762 Glasguetfis
410 713 434 748 Ι.
451 724 501 760 gr.
517 721 548 746 et
562 710 616 746 lat.
633 721 680 746 12.

67 791 150 827 1751.
180 781 388 831 Glasgumsts
406 783 444 816 11.
469 778 581 817 fornia
610 781 762 815 minima.
821 779 930 816 Editio
955 778 1142 816 nitidissima
1167 780 1206 817 ad
1232 780 1457 819 recensionem
1478 783 1636 833 Stephani
1656 782 1815 834 expressa,

171 832 304 870 adiec‘tis
320 835 472 883 Sapphus
490 844 521 869 et
538 833 648 869 Alcaei
667 829 874 881 fragmentis.
902 847 966 869 rec.
987 845 1072 878 1757.
1091 846 1133 869 12.
1164 836 1354 871 correc‘tius.

67 919 152 955 1754.
178 908 382 956 Rfiheriana
399 910 420 943 1.
449 906 574 957 Lipsiae
586 936 596 950 ‚
622 913 654 946 8.
682 907 778 942 habet
791 907 970 943 lectionem
988 917 1019 943 et
1034 918 1128 943 notas
1143 909 1271 945 Baxteri
1289 922 1367 945 cum
1381 911 1538 960 Stephani
1553 921 1584 947 et
1599 911 1692 948 Fabri
1711 916 1815 950 anim-

170 959 426 998 aduersionibus.
481 959 544 996 Sed
560 961 686 996 auc'tior
709 970 739 996 et
761 959 975 1010 praestantior
994 960 1118 1010 prodiit

66 1037 162 1082 1776.
191 1035 226 1070 F
228 1034 398 1081 {filies-iana
422 1034 461 1068 ΙΙ.
487 1032 563 1069 ibid.
592 1040 624 1075 8.
641 1035 718 1068 mai.
746 1045 785 1068 ex
808 1030 996 1069 recensione
1020 1034 1147 1069 Baxteri
1171 1048 1248 1070 cum
1275 1035 1443 1079 eiusdem,
1467 1038 1643 1087 Stephani,
1669 1039 1761 1075 fabri
1783 1050 1817 1077 et

169 1085 348 1123 doctiffimi
366 1085 499 1122 editoris
512 1083 864 1127 animaduersionibus,
883 1086 1040 1122 omnibus
1055 1085 1252 1123 editionibus
1268 1088 1536 1139 praecedentibus
1553 1093 1674 1127 merito
1688 1090 1817 1141 praese.

169 1139 281 1176 tenda.
337 1140 375 1174 In
393 1141 506 1188 primis
520 1135 680 1189 praefatio
699 1137 870 1175 doetrinae
885 1142 1038 1174 varietate
1056 1149 1088 1174 et
1106 1139 1214 1175 iudicii
1228 1144 1382 1177 acumine
1397 1141 1675 1186 commendatur,
1704 1147 1736 1179 in
1752 1159 1816 1194 qua

171 1191 278 1229 editor
293 1189 334 1227 de
351 1190 416 1226 fide
433 1202 463 1227 et
478 1193 668 1241 antiquitate
685 1194 872 1227 carminum
893 1193 1213 1228 Anacreonticorum
1233 1191 1389 1230 subtiliter
1413 1193 1555 1245 disputat
1577 1210 1615 1231 ac
1640 1195 1681 1232 de
1700 1195 1814 1233 editio-

169 1256 252 1279 num
270 1243 543 1292 praestantiorum
558 1247 664 1294 pretio
685 1247 818 1293 egregie
845 1242 974 1280 ditl'erit.
1027 1243 1155 1281 Adiecit
1177 1245 1265 1281 iden]
1292 1258 1456 1296 praeterea
1484 1247 1704 1297 pleniffimam
1727 1247 1815 1299 frag.

169 1308 365 1332 mentorum
384 1295 619 1334 collectionem
638 1307 669 1334 et
686 1308 864 1348 poetarum
881 1296 1095 1347 quorundam
1111 1311 1311 1347 graecorum
1334 1303 1368 1335 in
1387 1303 1629 1336 Anacreontem
1650 1304 1815 1352 epigram.

169 1360 270 1385 mata.

63 1426 159 1471 1776.
186 1425 395 1460 Brunskfana
412 1426 435 1460 1.
454 1429 485 1460 in
501 1425 666 1462 Analeetis
681 1434 755 1461 vett.
773 1434 949 1475 poetarum
969 1427 1176 1463 Graecorum
1196 1426 1264 1464 vol.
1278 1428 1305 1462 1.
1331 1428 1542 1475 Argentorati
1556 1456 1565 1470 ‚
1592 1435 1624 1469 8.
1660 1427 1814 1467 Brunckii

167 1491 268 1527 oper-a
284 1490 315 1513 et
331 1477 437 1514 studio
454 1478 589 1514 lectioni
607 1482 855 1514 Anacreonteae
871 1475 1072 1523 obscuriori,
1099 1478 1209 1529 quoad
1229 1493 1287 1528 per
1310 1478 1472 1514 librorum
1491 1494 1592 1516 manu
1615 1478 1814 1531 scriptorum

167 1534 342 1579 penuriam
367 1531 436 1566 fieri
459 1535 625 1581 potuerit,
653 1532 711 1567 lux
735 1530 897 1580 quaedam
922 1531 1012 1581 quasi
1032 1546 1122 1569 noua
1148 1529 1280 1569 adfulsit
1303 1542 1335 1568 et
1356 1531 1586 1582 praecedentes
1609 1532 1814 1572 receufionec

165 1584 266 1619 veluti
287 1597 378 1619 noua
395 1587 560 1619 creatione
581 1582 720 1619 feliciter
742 1594 889 1620 mutatae
905 1580 990 1621 sunt.

63 1670 153 1704 1777.
183 1658 396 1706 Glasguerfis
413 1658 469 1691 ΠΙ.
499 1669 551 1706 gr.
578 1659 612 1692 in
629 1664 661 1698 8.

63 1744 155 1778 1777.
181 1731 495 1778 Magdthurgensis,
524 1738 543 1770 8
583 1732 617 1764 in
642 1726 737 1767 vsum
763 1727 952 1767 scholarum
975 1731 1074 1767 habet
1098 1741 1225 1769 textum
1249 1733 1494 1770 Baxterianum.
1558 1735 1657 1771 Hanc
1688 1741 1814 1789 excepit

167 1783 293 1822 claffica
317 1794 348 1819 et
373 1783 533 1833 palmaria
557 1781 657 1818 editio

65 1862 152 1902 ¹778·
184 1855 389 1891 Bruntkiema
406 1856 444 1889 11.
474 1856 705 1902 Argentorati‚
739 1854 901 1892 duodenis
926 1857 1096 1899 minimis,
1122 1858 1166 1892 vti
1190 1860 1255 1893 iam
1272 1858 1384 1894 habitu
1405 1868 1541 1895 externo
1566 1861 1815 1899 commendabi-

165 1909 222 1951 lis,
258 1911 301 1943 ita
324 1918 355 1942 et
379 1905 618 1942 adcuratitlime
643 1905 798 1957 expressa.
866 1910 1020 1948 Nouam,
1055 1924 1073 1945 a
1094 1908 1238 1946 lectione
1259 1912 1498 1947 Analedtorum
1524 1910 1686 1948 diuersam
1713 1926 1744 1950 et
1772 1915 1814 1953 ad

170 1975 287 1998 ornnes
306 1962 431 1995 criticas
448 1973 528 2008 opes
548 1960 759 1995 constitutam
776 1960 1005 1997 recenfionem
1020 1962 1158 1998 exhibet.
1214 1962 1526 1999 Animaducrfiones
1541 1965 1616 2001 licet
1640 1967 1751 2004 breues
1775 1982 1815 2006 ex

163 2016 320 2051 interiore
343 2025 478 2061 graecae
506 2012 641 2060 linguae
661 2009 790 2048 scientia
814 2024 845 2048 et
866 2013 1037 2050 venustatis
1063 2016 1211 2063 poeticae
1234 2012 1324 2050 sensu
1349 2014 1516 2065 profectae
1539 2017 1672 2054 laudem
1693 2022 1814 2058 habent

165 2066 337 2103 adcuratae
351 2064 561 2114 diligentiae,
589 2079 689 2114 quam
707 2065 844 2114 quilibet
860 2063 1035 2114 agnoscet,
1062 2069 1116 2116 qui
1134 2080 1185 2102 eas
1199 2081 1276 2102 cum
1303 2070 1356 2110 iis7
1384 2083 1466 2117 quae
1489 2072 1522 2104 in
1539 2072 1704 2109 Analec'tis
1725 2071 1811 2120 sunt,

167 2121 421 2169 comparauerit.
477 2118 640 2153 Lectionis
657 2121 745 2153 enim
765 2129 910 2154 mutatae
926 2121 1009 2154 ratio
1026 2118 1191 2162 redditur,
1222 2123 1413 2156 criticorum
1429 2125 1651 2160 corred’tiones
1668 2128 1700 2160 in
1716 2131 1811 2163 variis

166 2172 254 2208 libris
276 2170 425 2221 proditae
445 2169 599 2205 adcurate
624 2181 873 2213 memorantur,
896 2172 1054 2208 leetiones
1080 2171 1166 2207 Cod.
1185 2175 1256 2208 Vat.
1279 2183 1310 2208 et
1337 2171 1532 2222 suspiciones
1564 2177 1712 2214 Salmasii
1739 2179 1811 2216 dili.

191 2235 281 2260 enter
298 2235 329 2258 et
345 2224 472 2258 vberius
491 2220 695 2258 adseruntur.
751 2222 826 2261 Vid.
840 2224 921 2260 Bibl.
940 2226 1019 2258 Crit.
1036 2222 1218 2259 Amsselod.
1233 2235 1315 2260 tom.
1331 2228 1354 2261 Ι.
1371 2226 1437 2262 vol:
1454 2240 1483 2272 4.
1509 2242 1542 2278 p.
1561 2241 1616 2274 115.
1640 2241 1673 2266 ct
1694 2236 1809 2282 copio-

163 2237 211 2312 fas
230 2277 402 2312 relationes
419 2279 452 2311 in
467 2274 706 2325 Ephemeridd.
723 2278 798 2311 Litt.
826 2273 1095 2325 Norimbergens.
1115 2289 1206 2322 1779.
1229 2291 1263 2327 p.
1279 2289 1340 2322 443
1362 2276 1430 2329 sqq.
1458 2290 1490 2316 et
1512 2283 1548 2317 in
1569 2284 1806 2332 Ephemeridd.

163 2328 223 2365 litt.
249 2325 402 2364 Francof.
419 2341 506 2373 1779.
526 2342 548 2378 p
574 2334 631 2373 538
650 2325 714 2377 sqq.
770 2329 914 2378 Sequuta
934 2328 979 2364 est

27 2427 32 2437 .
66 2406 151 2448 ¹78¹·
179 2402 377 2447 Spalcttiana
396 2403 416 2435 i.
433 2403 497 2436 aeri
518 2398 614 2436 incisa
629 2402 782 2441 Romae,
806 2398 867 2438 fol.
886 2415 976 2438 max.
1030 2403 1133 2438 Pauca
1149 2412 1278 2440 tantum
1297 2405 1448 2454 exempla
1474 2405 1618 2457 expressa
1643 2423 1713 2447 non
1734 2425 1809 2449 ven⁴

163 2453 273 2492 dendo
284 2483 295 2497 ,
321 2451 376 2491 sed
391 2452 565 2504 largiendo
583 2452 754 2503 diuulgata
768 2451 852 2491 sunt.
879 2452 984 2502 (conf.
1000 2457 1132 2506 ephem.
1145 2457 1243 2493 litter.
1258 2455 1342 2509 Lips.
1360 2464 1448 2506 1784.
1460 2460 1552 2511 plag.
1568 2462 1662 2508 CII.)

959 2534 990 2571 N
1016 2545 1034 2569 2
1584 2548 1669 2584 1781.
1695 2542 1807 2592 Dege-
