2183 2747
760 92 951 132 HOMERI
1003 95 1144 132 HYMN
1147 98 1170 132 1.

86 196 180 229 vero,
208 190 316 234 quibus
338 189 424 232 plura
448 188 519 221 scire
541 189 653 232 volupe
676 190 727 226 fit,
759 190 937 233 expendant-

86 247 146 278 que
161 236 316 266 doelulimi
332 235 460 265 hominia
477 236 618 271 rationes,
643 233 758 264 erudite
774 234 935 277 explicitas.

86 279 169 310 Adde
190 282 316 310 Memor.
339 289 380 308 ac.
403 289 462 317 reg.
486 277 572 309 Paris.
597 277 658 308 vol.
674 281 752 310 XVI.
775 290 803 320 p.
818 289 858 318 97
875 278 935 321 sqq.

85 330 116 354 et
132 322 232 355 Clodiu·
248 322 310 354 diss.
326 323 362 352 de
376 321 554 353 sublimitate
570 324 667 352 Hom-¹
680 333 709 364 p.
729 331 769 356 ¹¹5
786 322 846 364 sqq.

127 368 274 408 Superest,
290 377 321 398 vt
336 366 371 397 de
381 366 506 407 Hymno
521 367 553 397 in
564 365 714 401 Cererem,
731 366 766 396 ad
783 377 870 407 quem
885 366 934 398 ad-

85 410 150 441 lusit
166 410 330 442 scholiastes
347 410 491 442 Nicandri
515 408 616 452 paullo
636 419 702 440 autc
724 412 882 447 excitatus,
906 419 935 441 et

83 465 119 484 ex
133 465 194 496 quo
210 454 402 496 Pausaniam
421 454 519 485 versus
541 453 684 495 quosdam
707 453 851 490 laudass'e,
874 457 934 485 iam

82 499 233 529 Fabricius
259 500 290 529 in
315 499 368 529 hac
398 499 584 540 paragrapho
612 498 802 537 significauit,
843 510 934 541 pauca

82 542 246 573 subiiciam.

125 587 168 617 Ab
191 589 326 618 Homero
349 585 413 628 ipso
435 585 519 616 illum
542 587 685 620 hymnum
709 597 768 616 non
791 585 847 616 esse
862 598 930 618 con-

80 631 249 668 tinnatnm,
279 629 327 661 sed
351 631 387 660 ab
411 632 524 660 incerto
547 633 671 672 antiquo
692 631 831 667 anfion,
855 642 930 662 aeuo

79 683 179 704 autem
201 674 439 705 Ptolemaeorum
463 677 616 710 Homero,
640 683 673 704 vt
687 677 784 704 maior
806 677 930 706 carmini

79 719 241 749 austeritas
261 721 451 760 pretiumque
475 717 699 754 conciliaretur,
737 718 929 760 suppositum,

78 761 237 795 Ruhnken,
266 765 296 793 iu
323 762 506 805 praefatione
539 762 575 792 ad
609 764 735 804 primam
766 762 928 793 editionem

78 806 194 836 abunde
209 806 383 848 liquidoque
399 806 618 836 demonstrauit.
665 806 792 844 Qiando
809 818 882 838 vero
904 810 928 838 is

78 851 241 886 existimat,
265 851 415 880 auclorem
435 851 537 884 hymni
563 852 655 879 statim
674 851 737 892 post
762 852 928 881 Homerum

79 894 126 925 vel
145 894 265 925 Hefiodi
291 904 385 924 aetate
406 893 527 929 vixisse,
551 894 587 923 ab
608 892 661 923 illo
678 893 807 925 dissentit
823 895 928 927 Grnd-

76 937 146 969 decla
162 937 181 968 l.
196 950 235 969 m.
250 949 315 980 pag.
332 942 382 973 46.
399 937 480 979 quod
503 939 533 967 in
555 937 706 979 splendido
724 938 760 967 de
781 940 926 973 mysteriis

76 981 229 1012 Eleusiniis
245 982 312 1013 loco
335 981 387 1012 vis.
405 989 457 1018 483
473 998 516 1005 ——
533 988 600 1019 487.
622 984 759 1012 notiones
780 985 925 1013 contineri

75 1026 253 1064 arbitratur,
286 1037 301 1056 a
328 1025 420 1071 prisca
443 1024 493 1056 illa
515 1033 610 1056 aetate
629 1024 738 1056 alienas
760 1034 789 1056 et
820 1025 925 1057 seriori

73 1069 169 1101 multo
198 1072 328 1112 tempori
361 1069 612 1106 accommodatas,
650 1080 742 1110 quum
771 1069 924 1101 subtiliora

72 1113 329 1156 philosophemata
348 1116 378 1144 in
403 1113 497 1144 teletis
519 1114 564 1143 his
585 1113 663 1143 tradi
684 1121 822 1155 coeptum
844 1114 922 1145 esset.

73 1160 235 1188 Enimuero
258 1158 355 1189 forsan
378 1157 425 1187 vel
449 1158 495 1187 hie
515 1157 641 1192 hymnus
665 1158 775 1187 constat
787 1157 922 1199 pluribus

72 1202 262 1241 fragmentis,
292 1209 343 1232 aut
363 1212 399 1231 ex
425 1200 490 1231 aliis
515 1201 650 1242 posthaec
671 1203 813 1242 repetitae
834 1210 922 1245 atque

71 1249 200 1276 intextae
216 1245 279 1276 sunt
293 1244 463 1287 particulae.
509 1244 609 1275 Plures
630 1247 709 1275 enim
728 1245 817 1275 huius
834 1257 920 1285 argu-

71 1292 163 1320 menti
177 1290 304 1324 hymnos
321 1288 394 1319 olim
411 1287 558 1325 exstitisse,
582 1296 611 1319 et
626 1291 657 1319 in
674 1289 720 1319 his
738 1288 844 1320 diserte
857 1289 919 1321 lau-

69 1333 134 1364 dari
161 1344 178 1363 a
194 1330 355 1376 Pausania
382 1332 432 1363 lib.
448 1335 469 1363 Ι.
489 1344 551 1374 cap.
565 1339 616 1372 38.
642 1343 687 1370 39.
723 1335 774 1363 IX.
799 1344 861 1376 cap.
880 1344 918 1371 3¹-

69 1379 186 1408 Cereris
203 1380 390 1413 encomium,
414 1377 495 1418 quod
511 1377 561 1407 sub
577 1375 715 1418 Pamphi
726 1379 848 1408 nomine
863 1381 918 1409 cir-

69 1420 305 1458 cumferebatur‚
336 1421 397 1463 ipse
419 1421 577 1451 Groddeck
594 1421 748 1458 adfirmat,
771 1429 800 1452 et
823 1422 859 1452 ad
883 1421 918 1453 il-

32 1482 34 1486 *
69 1464 124 1496 lius
148 1464 316 1507 exemplar,
354 1466 504 1501 nostrum,
541 1467 736 1495 Homericum
758 1465 850 1504 vulgo
873 1466 917 1497 di-

68 1511 168 1545 &um,
191 1508 247 1539 esse
264 1508 474 1550 perscriptum,
497 1509 537 1539 ob
557 1518 690 1539 narratae
712 1509 828 1539 fabulae
849 1521 916 1540 cum

67 1555 116 1590 iis.
132 1563 206 1594 quae
222 1563 237 1583 e
255 1554 376 1594 Pamphi
391 1553 502 1588 hymno
517 1555 649 1584 enotauit
666 1553 830 1590 Pausanias,
847 1565 916 1585 con-

67 1600 266 1634 venientiam,
302 1608 368 1627 cum
394 1595 573 1629 Ruhnkenio
603 1597 639 1627 ad
663 1596 714 1628 vff.
728 1608 779 1635 99.
801 1606 830 1628 et
855 1608 915 1635 105.

65 1641 236 1684 suspicatur.
279 1640 343 1683 lpse
365 1651 438 1671 vero
458 1649 663 1679 argumentum
687 1644 799 1676 Hymni
823 1644 916 1673 nostri

65 1697 96 1729 p.
112 1695 149 1722 43
165 1685 226 1727 sqq.
244 1685 400 1715 commode
426 1684 561 1727 explicat.
607 1688 761 1720 Hymnum
783 1688 914 1717 nostrum

64 1728 123 1760 effe
138 1740 172 1759 ex
187 1729 408 1770 antiquissimis,
431 1728 589 1759 secundum
605 1728 639 1759 cl.
656 1728 868 1772 Mitscherlich
884 1733 914 1761 in

64 1773 158 1815 praef.
181 1773 250 1802 edit.
281 1772 361 1803 illius
384 1784 413 1814 p.
430 1783 480 1803 20.
504 1784 570 1802 cum
593 1772 713 1818 simplex
735 1776 914 1804 narrationis

64 1817 140 1848 ordo
163 1818 366 1858 orationisque
387 1816 473 1846 docet
495 1816 627 1854 indoles,
657 1826 721 1848 tum
743 1819 913 1848 testimonio

64 1859 221 1892 Pausaniae
244 1862 400 1891 euincitur.
460 1862 570 1892 Contra
590 1861 737 1902 Ignarra
760 1863 790 1891 in
810 1864 913 1892 Emen-

65 1904 136 1936 datt.
169 1906 260 1935 nostri
291 1905 394 1939 hymni
414 1915 481 1946 pag.
497 1914 551 1941 239
575 1904 635 1946 sqq.
658 1904 728 1935 edit.
751 1905 912 1936 Mitscherl.

64 1959 166 1980 omnes
190 1948 316 1978 intendit
337 1959 445 1978 neruos
470 1950 598 1987 ingenii,
629 1956 661 1979 vt
684 1949 835 1986 ostendat,
859 1950 912 1985 hy-

56 2003 165 2024 ‘nuum
189 1993 320 2023 nostrum
344 2003 403 2022 non
423 1991 479 2022 esse
502 1995 588 2023 vuius
611 1995 698 2029 aeui,
721 1993 914 2035 eiusdemque

61 2038 182 2068 artificis
198 2047 287 2066 manu
310 2046 497 2073 contextum,
519 2036 568 2067 scd
591 2035 729 2067 Pausania
751 2036 846 2068 multo
867 2048 913 2068 re-

63 2083 243 2117 centiorem,
266 2089 295 2111 et
316 2091 352 2110 ex
375 2080 514 2111 Pausania
533 2082 685 2122 variisque
705 2083 912 2119 grammatico-

62 2135 128 2156 rum
141 2148 149 2161 ,
172 2126 224 2166 qui
241 2134 364 2155 aetatem
382 2136 440 2154 non
454 2123 567 2161 tulere,
590 2135 642 2154 nec
657 2133 754 2155 tamen
773 2125 911 2156 concolo-

63 2168 157 2205 ribus‚
170 2168 268 2198 frustis
283 2168 448 2204 consutum,
468 2170 514 2197 cui
531 2168 657 2209 proinde
671 2171 770 2210 potius
781 2169 910 2211 Rhapso-

20 2208 23 2214 ⁸
63 2211 145 2250 diae,
179 2212 269 2253 ‘quam
294 2211 416 2254 poeseos
435 2222 543 2241 nomen
564 2223 599 2242 ex
625 2223 698 2243 vero
727 2216 910 2244 conueniret.

61 2257 98 2287 At
112 2254 189 2286 enim
206 2255 398 2297 Apollonium
416 2254 565 2285 Rhodium
579 2255 712 2298 aliosque
726 2256 818 2287 multa
833 2259 910 2288 eius-

22 2312 25 2313 ’
61 2298 128 2330 dem
144 2299 208 2330 loca
223 2302 389 2330 imitatione
403 2298 554 2330 manifesta
569 2299 749 2342 expressiss‘e,
771 2301 912 2332 Ruhnke-

0 2353 26 2370 '-
63 2345 129 2374 nius
144 2353 176 2373 ac
193 2343 392 2375 Mitscherlich
416 2344 633 2380 monstrarunt,
657 2352 744 2386 atque
765 2346 912 2387 posterior

3 2406 27 2414 .»
62 2387 199 2424 Ignarrae
213 2390 341 2418 rationes
356 2388 478 2417 vberius
491 2389 673 2418 cxaminauit
691 2396 778 2429 atque
793 2392 909 2419 otiertit.

22 2439 28 2446 ⁶
63 2431 198 2472 Princeps
221 2441 312 2468 vero,
341 2434 394 2474 qui
415 2431 565 2470 detegeret
589 2434 740 2471 egregium
755 2432 812 2462 hoc
834 2434 908 2463 anti-

108 2481 174 2513 Vol.
188 2482 218 2514 Ι.

713 2563 731 2573 x

1469 101 1540 138 Lib.
1555 104 1605 139 II.
1624 116 1647 140 c.
1657 117 1685 139 2.
1786 120 1842 155 345

991 193 1112 233 quitatis
1127 193 1356 230 monimentum,
1381 193 1437 226 fuit
1451 196 1501 226 cel.
1521 197 1689 233 Malthaei,
1712 204 1741 231 in
1758 213 1839 244 prae-

991 235 1064 266 senti
1080 235 1226 266 Profcisor
1241 249 1410 276 graecarum
1430 240 1592 271 litterarum
1609 246 1637 272 in
1653 247 1838 278 vuiincriitate
1860 275 1863 278 .

990 281 1227 319 Wittebcrgenfi.
1275 284 1319 318 Is,
1343 293 1435 324 quum
1457 285 1551 315 adhuc
1568 289 1710 328 Mosquae
1728 288 1838 322 litteras

989 323 1108 354 doceret
1130 325 1239 361 bonas,
1264 326 1368 357 incidit
1389 330 1418 357 in
1442 329 1573 359 codicem
1597 333 1739 369 Homeri,
1771 333 1837 364 scri-

987 376 1071 412 ptum
1086 369 1206 410 quidem
1224 368 1275 399 sub
1292 371 1379 400 finem
1396 371 1499 403 saeculi
1514 376 1609 409 XIIII,
1630 375 1676 405 scd
1691 387 1726 406 cx
1744 385 1837 409 veter-

987 414 1066 442 rimo
1083 414 1382 456 praestantissimoque
1399 415 1518 447 duc‘lum
1529 441 1536 453 ,
1561 421 1612 459 qui
1629 430 1745 460 praeter
1761 420 1837 462 frag-

987 464 1119 486 mentum
1135 455 1252 493 nitidis,
1277 458 1371 489 editos
1387 462 1522 495 Hymnos
1536 464 1613 493 XVI.
1637 463 1752 502 vulgari
1776 465 1837 497 fere

986 499 1092 530 ordine
1109 500 1368 543 complectebatur.
1414 506 1447 534 In
1469 504 1522 535 illo
1541 506 1642 536 codice
1664 509 1708 539 Ji.
1731 510 1762 539 in
1783 510 1835 542 Ce-

986 554 1104 579 rerem,
1132 544 1226 586 (quod
1250 546 1351 587 prodit
1379 548 1577 579 Mitscherlich
1600 562 1627 592 p.
1646 561 1674 589 7.
1700 553 1838 594 praefat.)

986 588 1080 618 statim
1095 590 1158 629 post
1172 587 1368 627 fragmentum
1385 594 1421 621 H.
1436 594 1466 622 in
1484 595 1627 624 Bacchum
1638 619 1646 631 ,
1670 597 1751 637 quod
1774 601 1834 639 pri-

984 643 1066 661 mum
1089 631 1188 662 locum
1208 634 1340 671 obtinet,
1370 647 1448 672 non,
1480 638 1562 679 quod
1586 638 1782 672 Rulmkcnius
1805 645 1834 673 in

983 675 1076 717 praef.
1092 688 1120 717 p.
1137 679 1173 708 V.
1187 677 1321 714 docebat,
1345 681 1410 721 post
1424 679 1561 711 Vltimum
1580 685 1617 713 H.
1635 686 1731 721 xv1.‚
1757 688 1834 717 Mat-

984 721 1063 750 thaei
1084 723 1211 762 reperit,
1235 730 1263 752 et
1284 733 1341 752 vna
1365 735 1430 753 cum
1453 724 1620 764 fragmento
1642 727 1684 758 H.
1703 730 1732 759 in
1755 730 1834 762 Bac-

983 764 1073 794 chum
1095 773 1182 806 atque
1204 768 1294 795 variis
1318 766 1503 809 reliquorum
1526 770 1706 805 hymnorum
1730 772 1831 804 leftio-

982 809 1068 837 nibus
1091 819 1146 850 pro
1166 819 1218 846 ca,
1242 821 1299 851 qua
1323 812 1427 848 floret,
1451 813 1634 844 humanitate
1655 825 1742 857 atque
1760 816 1831 848 libe-

982 851 1116 889 ralitate,
1140 863 1229 894 quam
1252 865 1307 893 ego
1330 855 1390 896 ipse
1411 866 1548 898 expertus
1564 858 1646 895 sum,
1670 861 1745 891 misit
1759 872 1830 904 apo·

981 897 1126 937 graphium
1147 896 1181 926 cl.
1199 897 1377 930 Ruliukenio
1389 923 1397 935 ,
1422 903 1503 931 cuius
1520 913 1587 932 cura
1604 904 1730 944 prodiit:

1024 939 1157 971 Homeri
1178 941 1325 982 Hymnus
1352 943 1383 974 in
1405 943 1544 976 Cererem
1553 957 1566 981 ;
1595 952 1722 985 (graece)
1752 959 1832 982 'nene

977 984 1115 1023 primum
1133 984 1234 1016 editus
1249 995 1269 1016 a
1287 986 1413 1019 Dauide
1427 988 1622 1029 Rulmkenio‚
1645 994 1709 1033 (qui
1732 994 1828 1024 erudi.

980 1034 1021 1056 tas
1038 1027 1160 1058 subiecit
1177 1029 1401 1068 adnotationes,
1425 1041 1453 1062 et
1475 1033 1581 1064 adiecit
1601 1045 1636 1064 ex
1659 1035 1764 1067 eodem
1781 1049 1828 1068 co-

979 1070 1043 1100 diee
1059 1070 1256 1111 fragmentum
1272 1074 1374 1110 hymni
1392 1078 1422 1106 in
1440 1078 1602 1115 Bacchum,
1623 1089 1658 1108 ex
1681 1082 1762 1110 cuius
1779 1081 1827 1111 de-

977 1115 1093 1156 perdita
1109 1123 1191 1157 parte
1207 1117 1372 1150 Diodorus
1387 1119 1449 1151 Sic.
1466 1132 1575 1151 nouem
1592 1122 1691 1153 versus
1714 1125 1827 1156 conser-

977 1161 1077 1196 vauit,
1107 1160 1310 1203 hymnumque
1332 1165 1467 1194 Homero
1491 1165 1596 1196 diserte
1620 1167 1723 1198 tribuit
1738 1167 1788 1199 lib.
1805 1172 1825 1200 1.

977 1212 1014 1237 15.
1033 1214 1061 1244 p.
1081 1213 1120 1240 ¹9-
1141 1206 1191 1234 111.
1207 1208 1252 1240 65.
1270 1217 1298 1247 p.
1316 1215 1376 1242 235.
1401 1210 1452 1238 IV.
1469 1219 1495 1238 2.
1511 1221 1538 1250 p.
1555 1216 1620 1246 248.
1645 1211 1705 1241 vid.
1723 1211 1828 1244 Ruhn-

973 1245 1037 1279 ken.
1055 1249 1105 1288 qni
1121 1250 1209 1278 etiam
1223 1245 1325 1278 anm»
1336 1248 1390 1289 ὅξος
1406 1262 1471 1281 cnm
1490 1252 1680 1292 Wess'elingio
1698 1256 1826 1297 praefert

972 1289 1059 1320 alteri
1069 1314 1078 1328 7
1104 1291 1154 1329 [de
1169 1303 1227 1333 qua
1242 1293 1303 1324 vid.
1321 1294 1431 1324 Fabric.
1448 1298 1478 1327 in
1497 1298 1592 1334 uota‚]
1609 1295 1710 1328 Sum-or
1724 1301 1824 1340 κέρας.)

973 1333 1066 1373 Lugd.
1085 1337 1184 1366 Batau.
1203 1342 1285 1375 1780.
1310 1343 1335 1371 8.

1016 1379 1106 1416 Qiod
1120 1388 1218 1410 autem
1240 1379 1274 1410 cl.
1292 1379 1454 1414 Matthaei
1476 1385 1586 1415 interea
1608 1387 1823 1419 animaduerte-

972 1430 1036 1459 rat,
1059 1425 1152 1454 aciem
1169 1423 1325 1455 oculorum
1347 1428 1424 1456 inter
1449 1427 1671 1460 describendum
1692 1431 1823 1471 effugiffe

972 1467 1036 1507 post
1051 1466 1091 1496 vs.
1109 1474 1168 1503 198.
1183 1470 1289 1507 v(iginti
1306 1470 1423 1507 versus,
1446 1480 1475 1502 et
1497 1474 1561 1513 post
1577 1473 1618 1503 vs.
1635 1485 1696 1511 413.
1720 1487 1823 1514 vnum,

972 1511 1065 1540 statim
1083 1511 1118 1541 de
1133 1511 1186 1542 suo
1212 1523 1313 1542 errore
1337 1517 1493 1545 certiorem
1515 1516 1584 1547 fecit
1601 1519 1823 1557 Ruhnkcnium,

970 1562 999 1584 et
1016 1555 1091 1584 milit
1105 1555 1210 1585 melius
1232 1556 1406 1598 pleniusque
1428 1559 1606 1601 exemplum.
1653 1565 1722 1600 Qio
1744 1563 1822 1594 fae'to

969 1598 1049 1628 idem
1066 1601 1174 1629 iterum
1191 1600 1283 1630 edidit
1302 1603 1455 1635 Hymnum
1470 1602 1634 1644 pleniorem
1645 1629 1654 1642 ,
1679 1615 1822 1648 notasque

968 1645 1051 1683 auxit
1081 1651 1110 1673 et
1142 1645 1290 1685 praemisit
1309 1644 1351 1677 H.
1376 1645 1408 1676 in
1428 1645 1596 1679 Bacchum.
1665 1649 1822 1692 Inscriptio

967 1685 1038 1717 libri
1062 1695 1159 1717 autem
1176 1689 1246 1718 haec
1261 1689 1318 1719 est:

1010 1730 1144 1762 Homeri
1166 1732 1312 1772 Hymnus
1332 1733 1363 1763 in
1383 1732 1540 1771 Cererem,
1576 1745 1657 1767 nunc
1683 1738 1822 1778 primum

968 1773 1069 1806 editus
1083 1785 1103 1805 a
1119 1774 1248 1807 Dauide
1263 1775 1449 1807 Rulmkenzo.
1490 1777 1647 1810 Accedunt
1662 1781 1744 1813 duae
1758 1784 1822 1822 epi-

960 1818 1060 1861 stolae
1074 1819 1219 1856 criticae,
1243 1830 1283 1850 ex
1303 1820 1436 1851 editione
1451 1821 1572 1859 altera,
1595 1825 1701 1855 multis
1716 1828 1820 1866 parti.

968 1861 1024 1892 bus
1047 1864 1268 1902 locupletiores.
1299 1864 1390 1902 Lngd.
1408 1865 1469 1894 Bat.
1497 1872 1576 1903 1782.
1598 1870 1666 1897 mai.
1683 1875 1708 1902 8.
1760 1872 1818 1900 Im-

967 1908 1078 1936 mixtae
1101 1905 1165 1937 sunt
1187 1906 1422 1946 Wassenbergii,
1446 1910 1612 1946 Fonteinii,
1643 1914 1816 1947 wyttenba-

966 1950 1046 1987 chii,
1069 1951 1230 1987 Brunckii,
1255 1951 1405 1992 Vossiique
1429 1954 1626 1984 corrediiones
1646 1961 1734 1998 atque
1751 1961 1816 2000 opi-

967 1996 1081 2023 niones.
1105 1995 1240 2025 Subiecta
1256 1996 1296 2025 est
1305 1997 1426 2030 Hymno
1442 1997 1537 2027 verfio
1553 1996 1642 2029 latina
1660 1999 1816 2032 doe‘tissimi

966 2037 1011 2069 Io.
1024 2037 1122 2069 Henr.
1134 2038 1236 2082 Voffii,
1256 2040 1389 2069 Reaoris
1406 2039 1521 2071 scholae
1536 2043 1814 2085 Otterndorpianae.

1011 2081 1054 2112 Ab
1071 2093 1107 2112 eo
1124 2090 1274 2124 tempore,
1299 2093 1358 2124 quo
1375 2086 1505 2124 primum
1521 2085 1658 2124 vulgatus
1675 2097 1737 2119 erat
1752 2092 1815 2125 Hy-

966 2136 1050 2155 mnus
1069 2125 1136 2162 ille,
1160 2126 1258 2168 plures
1273 2129 1332 2156 viri
1345 2127 1426 2157 doch
1443 2130 1472 2158 in
1488 2129 1619 2166 edendo,
1643 2131 1814 2165 illustrando

964 2169 1209 2211 emendandoquc
1231 2173 1370 2207 Hunno,
1399 2181 1449 2202 aut
1470 2175 1644 2215 antiquitate
1664 2175 1742 2207 illius
1766 2178 1815 2208 de·

963 2213 1099 2243 struenda
1114 2213 1218 2244 versati
1242 2213 1316 2244 sunt.

1008 2257 1078 2288 Nic.
1101 2257 1262 2298 Ignarra,
1294 2258 1397 2288 donus
1420 2259 1527 2297 Italus,
1556 2261 1650 2292 edidit
1673 2265 1812 2295 Emenda-

964 2302 1060 2332 tiones
1077 2301 1181 2336 hymni
1197 2302 1342 2332 homerici
1357 2304 1387 2332 in
1403 2305 1552 2334 Cererem.
1576 2307 1707 2348 Neapoli
1732 2315 1812 2346 ιῑ84.

965 2347 1033 2374 mai.
1053 2351 1078 2378 8.
1104 2352 1132 2375 et
1154 2346 1301 2387 praemisit
1326 2346 1457 2376 eiusdem
1485 2350 1523 2378 H.
1546 2353 1701 2387 notitiam,
1735 2353 1811 2382 iudi-

964 2391 1060 2423 cium,
1084 2391 1186 2418 aetatis
1203 2389 1427 2420 diuinationem.
1473 2391 1559 2422 Illum
1576 2404 1698 2436 propter
1715 2395 1810 2426 locum

963 2431 1144 2471 Pausaniae
1159 2434 1209 2463 IX.
1227 2443 1266 2469 31.
1288 2434 1432 2468 hymnum
1448 2433 1566 2466 demum
1583 2448 1617 2467 ex
1635 2440 1763 2469 versibus
1782 2443 1810 2470 iu

1016 2478 1045 2510 Χ
1057 2489 1079 2513 x
1676 2484 1812 2514 Pausania
