2183 2747
61 170 327 224 miliana·
420 190 545 242 QVAE
572 190 795 229 rxsTANT
823 192 1082 232 ism-tiones,
1237 197 1313 235 Lib.
1328 201 1358 236 1.
1393 201 1627 240 c.XXXVJ
1738 217 1806 248 311

58 286 292 330 Hexametris,
318 290 429 337 paucis
452 285 647 337 quibusdam
669 288 792 325 notulis
813 293 1082 328 etconieetaneis
1104 295 1137 328 in
1158 297 1311 344 margine
1331 300 1474 335 auc'lam.
1530 300 1580 335 Ab
1601 311 1640 334 eo
1656 307 1808 348 tempore

56 342 102 384 is,
130 353 230 390 quem
245 338 329 382 dixi,
360 340 549 387 Opfitpaeus
571 341 610 376 ad
629 342 754 378 calcem
773 342 1014 388 Sibyllinorum
1038 345 1172 381 oracula
1188 348 1368 386 zoroastris
1388 365 1466 387 cum
1483 365 1572 388 noua
1587 350 1734 387 versione
1750 349 1806 388 sua

55 403 89 428 et
102 395 188 428 notis
211 391 378 441 vulgauit,
406 406 476 428 non
495 392 600 429 modo
617 394 688 442 [tf]
716 393 831 430 additis
851 392 982 432 scholiis
995 398 1163 434 Plethonis
1182 396 1237 435 sed
1251 412 1282 436 et
1296 402 1463 439 Michaelis
1476 404 1575 452 Pselli
1591 402 1639 446 ⁹),
1665 418 1749 454 quae
1765 418 1806 441 ex

53 444 136 481 Bibl.
153 446 253 494 Regis
266 444 394 482 Galliae
407 448 534 496 primus
551 447 665 482 Gracc.
681 447 735 482 lat.
751 446 850 484 edidit
870 446 964 485 Paris
983 458 1071 497 1589.
1085 457 1116 492 8.
1139 450 1249 488 recusa
1264 465 1349 501 1599
1359 453 1394 489 ²)
1414 467 1446 492 et
1459 460 1552 502 1607.
1571 465 1601 498 8.
1622 467 1652 492 et
1668 459 1805 494 Seruatii

52 496 180 534 Gallaei
201 511 279 534 cura
291 497 395 534 Amst.
412 502 508 545 1689.
523 512 552 543 4.
607 502 711 536 Porro
728 497 847 536 Psellus
870 502 1032 538 nonnulla
1049 503 1142 540 aliter
1160 504 1241 554 legit
1263 517 1294 542 ct
1310 507 1376 543 alio
1392 507 1525 559 prorsus
1545 509 1662 546 ordine
1681 523 1717 544 ac
1735 509 1805 546 Ple·

50 552 123 592 tho,
147 547 356 601 sequiturque
376 549 492 601 paffim
511 548 654 588 Psellum
669 555 878 603 Nicephorus
900 553 940 590 ad
956 555 1141 602 Synesium.
1194 558 1321 595 Eadem
1339 561 1529 610 Zoroastri:
1543 561 1697 606 oracula,
1724 576 1804 598 cum

51 599 222 652 Opsopoei
246 614 277 639 et
292 605 463 641 Marthani
486 603 653 649 veffione,
681 608 811 642 exhibet
828 607 1012 643 Lambecius
1033 611 1067 645 in
1084 608 1273 659 prodromo
1292 612 1457 650 Historiae
1470 615 1631 651 literariae
1647 629 1679 664 p.
1698 627 1741 661 94
1757 613 1802 665 sq.

48 657 320 706 principiumque
343 667 374 693 et
395 668 578 693 extremam
592 669 720 708 partem
739 656 946 696 scholiorum
961 658 1054 697 Pselli
1071 665 1192 712 pariter
1208 677 1247 699 ac
1261 663 1428 702 Plethonis
1443 667 1543 704 veluti
1557 671 1592 704 in
1607 667 1742 718 gustum
1757 668 1802 703 lc-

50 709 136 745 (lori
153 710 278 745 Graece
300 723 336 745 ac
353 711 466 746 Latine
483 707 582 747 offert
595 725 627 761 p.
647 723 697 757 113
714 709 758 762 sq.
789 713 955 762 [Repetita
968 710 1043 750 sunt
1059 717 1157 751 etiam
1178 715 1234 751 illa
1249 718 1392 754 Oracula
1407 719 1602 756 Zoroastrea
1621 723 1656 756 in
1675 717 1804 756 miscel·

42 760 113 797 lan.
131 762 246 798 Graec.
266 761 394 812 aliquot
408 760 556 812 scriptor.
585 765 814 808 Carminibus,
841 779 919 801 cum
941 763 1019 802 vers
1036 766 1092 803 lat.
1106 777 1137 803 et
1151 778 1220 804 not.
1237 769 1335 806 Malu.
1352 773 1527 809 Maittaire
1540 772 1632 810 editis
1645 771 1801 815 Londini‚

44 823 136 858 1722.
153 825 185 857 4.
210 814 327 863 Iaeg.].
381 814 479 851 Illam
500 829 580 851 vero
595 816 762 853 Plethonis
776 815 934 868 Psellique
952 817 1187 856 collec'lionem
1204 820 1308 871 longe
1322 826 1398 861 vicit
1411 825 1604 874 franciscus·
1618 827 1800 868 Patricius,

46 868 103 915 qui
118 879 188 901 non
204 862 291 902 solos
307 863 470 917 sexaginta
481 896 491 909 ,
519 865 573 904 sed
594 879 755 906 trecentos
770 872 885 919 viginti
906 871 980 922 plus
996 874 1105 907 minus
1129 870 1235 909 versus
1251 877 1479 914 Oraculorum
1495 876 1654 927 congessit
1668 891 1707 914 ex
1721 879 1801 914 Pro·

44 918 88 953 cli
104 919 317 967 Tlieologia,
342 922 602 956 Commentariis
622 924 658 958 in
672 922 922 967 parmenidem,
948 926 1132 961 Timaeum
1145 953 1155 968 ‚
1184 927 1304 977 Remp.
1321 938 1352 964 et
1368 930 1566 977 Cratylum:
1592 933 1642 967 Ex
1656 932 1799 967 Hermia

43 972 79 1007 in
94 970 301 1014 Phaedrum,
328 986 367 1007 ex
384 972 639 1023 Olympiodoro
662 977 695 1011 in
717 975 889 1011 Philebum
913 986 945 1013 et
962 979 996 1012 in
1014 977 1244 1022 Phaedonem,
1272 994 1312 1016 ex
1325 981 1481 1027 Synefio,
1508 997 1548 1019 ex
1571 984 1744 1033 Simplicio
1762 986 1798 1019 in

44 1034 201 1073 quartum
213 1022 450 1070 Phyfimrum,
474 1039 511 1061 ex
527 1024 704 1063 Damascio
720 1029 961 1077 etNieephoro.
1014 1031 1171 1080 Cumque
1190 1029 1327 1081 sparsim
1341 1033 1497 1071 dimidios
1513 1033 1607 1086 saepe
1621 1036 1674 1072 vel
1687 1035 1799 1086 singu-

43 1076 95 1111 los
109 1073 216 1112 versus
240 1077 328 1126 apud
353 1076 457 1114 difflos
478 1076 650 1128 scriptores
672 1078 853 1129 reperisset,
880 1095 943 1130 pro
959 1086 1148 1130 argumenti
1165 1084 1322 1122 affinitate
1340 1089 1522 1132 coniunxit,
1550 1099 1581 1124 et
1594 1092 1627 1125 in
1640 1087 1795 1124 vndecim

42 1126 202 1165 sectiones
223 1128 349 1173 diuisit,
375 1133 486 1166 Latine
505 1134 621 1174 vertit,
648 1142 680 1167 et
701 1133 846 1180 praefixa
869 1132 910 1169 de
926 1134 1100 1170 Zoroastre
1121 1133 1344 1175 dissertatione
1366 1141 1492 1177 Graece
1511 1155 1549 1177 ae
1563 1143 1675 1178 Latine
1696 1140 1798 1177 edidit

40 1184 77 1216 in
99 1195 189 1217 noua
211 1180 252 1217 de
274 1181 430 1218 vniuersts
447 1181 661 1233 Philosophia
677 1183 739 1226 α’),
764 1186 889 1221 Ferrar.
910 1199 991 1233 159¹·
1010 1185 1071 1222 fol.
1092 1198 1123 1224 et
1136 1191 1250 1225 venet.
1266 1202 1349 1237 1593.
1365 1189 1426 1229 sol.
1478 1195 1592 1230 Latine
1613 1207 1652 1230 ex
1670 1196 1799 1230 Patricii

39 1233 190 1269 verlione
209 1233 319 1270 recudi
340 1237 373 1270 in
390 1236 506 1283 Magia
527 1234 581 1271 sua
597 1233 827 1286 Philosophica
842 1239 1054 1275 zoroastrem
1074 1243 1195 1290 pariter
1207 1253 1305 1292 atque
1325 1245 1524 1282 Hermetem
1536 1243 1797 1297 Trismegistum

39 1289 169 1322 curauit
190 1285 321 1322 illustris
336 1288 498 1322 chritus
513 1289 725 1332 Ranzouius,
749 1291 874 1326 Hamb.
892 1303 975 1337 1593.
993 1299 1024 1332 8.
1077 1295 1248 1341 Leguntur
1269 1306 1300 1332 et
1317 1298 1441 1334 Graece
1461 1313 1498 1333 ac
1512 1301 1624 1335 Latine
1638 1312 1678 1335 ex
1696 1302 1797 1335 Patri-

37 1342 80 1374 cii
94 1337 238 1374 editione
253 1337 340 1388 apud
356 1340 556 1375 Lamberimn
571 1341 748 1390 prodromi
763 1343 846 1379 Hist.
860 1343 979 1379 literar.
996 1359 1027 1394 p.
1046 1358 1090 1391 97
1112 1343 1201 1396 sequ.
1236 1350 1332 1385 Tum
1349 1352 1384 1385 in
1399 1351 1545 1387 Historia
1562 1349 1794 1401 Philosophica

47 1391 186 1426 Thomae
199 1392 335 1426 Stanleii
355 1395 489 1428 tertium
508 1408 614 1443 nuper
628 1395 770 1444 Anglice
793 1394 879 1432 edita
894 1396 1001 1433 Lond.
1024 1410 1108 1440 1701.
1133 1396 1195 1434 fol.
1217 1410 1249 1436 et
1271 1404 1305 1436 in
1326 1403 1439 1438 Latina
1462 1403 1609 1440 verfione
1627 1404 1795 1440 Historiae

35 1439 268 1492 Philosophiae
293 1445 469 1480 orientalis
489 1444 633 1482 eiusdem
655 1447 808 1492 Stanleii‚
838 1447 997 1485 adornata
1013 1463 1032 1485 a
1048 1451 1195 1487 Iohanne
1219 1453 1364 1498 Clerico,
1407 1460 1463 1505 qui
1484 1467 1579 1493 notas
1601 1459 1699 1492 etiam
1722 1454 1794 1491 suas

36 1494 188 1531 oraculis
210 1493 395 1540 subiunxit,
422 1509 453 1533 et
473 1498 595 1534 menda
619 1499 781 1549 quaedam
804 1511 877 1537 tum
897 1504 932 1537 in
954 1501 1046 1551 ipsis.,
1075 1512 1147 1539 tum
1170 1507 1203 1539 in
1221 1507 1333 1542 Latina
1352 1507 1500 1544 versione
1515 1506 1660 1553 sustulit,
1688 1508 1793 1545 Amst.

33 1550 129 1593 1690.
158 1556 189 1590 8.
214 1548 289 1594 [nec
305 1563 376 1585 non
390 1553 425 1586 in
438 1551 571 1587 Stanleii
585 1552 717 1588 historia
733 1551 852 1604 philos.
869 1568 887 1590 a
901 1552 1101 1591 Godosredo
1116 1556 1252 1593 Oleario
1267 1557 1367 1595 latine
1383 1558 1490 1603 versa„
1525 1561 1650 1611 Lipsiae
1665 1574 1743 1605 1711.
1760 1574 1792 1605 4.

33 1609 115 1636 cum
130 1599 252 1636 Clerici
264 1603 352 1637 notis
368 1616 400 1651 p.
417 1611 491 1648 1178
508 1601 576 1655 sqq.
601 1605 729 1652 Harl}
788 1606 873 1642 Otto
888 1621 1022 1658 quoque
1037 1608 1208 1644 Hmrnius
1225 1612 1259 1646 in
1280 1610 1365 1648 libro
1386 1610 1530 1650 secundo
1547 1617 1792 1664 Antiquitatum

31 1653 222 1690 Barbaricae
243 1651 475 1705 Philosophiae
495 1654 542 1690 ¹⁷⁶)
567 1657 702 1694 oracula
718 1673 735 1693 a
751 1661 891 1695 Patricio
913 1660 1055 1697 cossetsta
1077 1662 1224 1708 exhibet3
1260 1672 1292 1699 at
1313 1677 1385 1700 non
1411 1678 1450 1701 ex
1475 1668 1602 1702 Patricii
1614 1695 1624 1710 ‚
1658 1664 1712 1702 sed
1735 1663 1792 1702 sua

31 1704 203 1748 verfione,
225 1713 323 1754 atque
337 1707 507 1752 Romana,
536 1720 570 1746 vt
590 1714 652 1754 ait,
676 1711 791 1759 ltngua
813 1711 956 1757 donata,
982 1720 1013 1748 et
1026 1713 1180 1761 rigidiori
1200 1715 1277 1750 lima
1294 1718 1453 1762 expolita,
1481 1725 1518 1754 vt
1533 1719 1792 1766 clarinsfmten-

31 1761 154 1794 tiorum
174 1759 279 1793 lumen
290 1759 438 1808 fulgeat.
496 1761 557 1797 Illa
570 1762 712 1799 Heurnii
737 1766 962 1815 interpretatio
988 1764 1105 1802 itidem
1119 1765 1241 1817 legitur
1265 1767 1352 1817 apud
1368 1771 1583 1807 Lambecium
1598 1786 1629 1821 p.
1646 1783 1707 1816 107
1722 1767 1789 1820 seq.

31 1812 160 1847 Verum
169 1809 302 1846 Stanleii
315 1810 451 1856 iudicio,
474 1816 551 1850 dum
567 1828 603 1851 ca
619 1818 742 1852 nititur
746 1815 837 1865 stylo
847 1818 1019 1854 Heumius
1032 1817 1239 1865 expolit·ae“),
1272 1831 1304 1856 et
1322 1822 1446 1859 meliori
1463 1823 1628 1859 latinitate
1642 1823 1790 1867 induere,

29 1876 110 1912 quae
120 1865 262 1912 genuine
274 1864 437 1914 acfincerc
454 1868 639 1904 tradiderat
653 1869 846 1913 Patricius,
872 1872 1058 1920 inquinauit
1081 1883 1117 1906 nc
1139 1875 1298 1919 corrupit.
1357 1874 1489 1912 Temen
1500 1883 1673 1923 praetcrea
1687 1878 1788 1910 conti-

1687 1940 1788 1964 naam

28 2009 124 2048 atque
151 2004 359 2038 conieffaneis
379 2006 500 2050 aliquot
516 2007 677 2046 illustratis
691 2031 701 2047 ,
727 2019 787 2052 per
806 2010 880 2044 Fed.
980 2017 1025 2049 z)
1043 2014 1086 2044 De
1110 2013 1164 2044 hac
1187 2021 1217 2045 et
1233 2011 1358 2056 reliquis
1381 2013 1449 2046 edd.
1470 2014 1507 2047 de
1525 2018 1696 2054 Zoroastre,
1728 2019 1785 2048 Ge·

25 2048 214 2086 Moratum,
237 2052 336 2081 Lutet.
352 2060 430 2090 ¹597-
450 2063 480 2089 4.
504 2052 609 2083 eadem
631 2064 736 2084 manus
758 2053 879 2094 elegans
933 2057 1043 2087 mistho
1060 2080 1068 2093 ‚
1099 2057 1260 2099 Obsopoeo
1275 2081 1283 2095 ‚
1319 2059 1434 2090 disserit
1460 2061 1548 2092 deae
1579 2063 1729 2103 Freytag.
1751 2064 1784 2092 in

26 2093 147 2124 addidit
162 2092 250 2124 aliam
268 2096 454 2129 verfionem,
478 2097 610 2127 verlibus
629 2100 755 2133 Latinis,
779 2109 879 2129 exem·
931 2100 1084 2142 Adparatn
1101 2100 1193 2132 litter.
1206 2104 1340 2132 ποιῇ-ΙΙΙ.
1355 2113 1384 2144 p.
1394 2113 1440 2141 95.
1453 2103 1516 2146 sqq.
1559 2105 1655 2137 Harl-

27 2135 80 2177 plo
102 2136 177 2168 olim
200 2140 379 2169 Bunauiano
393 2161 403 2175 ,
442 2150 522 2169 nunc
546 2140 714 2172 Eleaoralt.
736 2154 765 2172 v.
782 2143 877 2174 catal.
978 2152 1035 2181 aa)
1063 2144 1152 2175 Conf.
1174 2144 1386 2178 Nachrichten
1412 2157 1473 2178 von
1500 2149 1587 2180 einer
1607 2147 1784 2192 Halltsthm

26 2179 106 2210 Bibl.
120 2183 234 2212 Bunau.
251 2183 292 2212 T.
303 2185 325 2212 Ι.
342 2181 411 2214 Vol.
422 2184 444 2213 1.
461 2194 488 2223 p.
505 2187 549 2217 63.
564 2183 606 2225 sq.
653 2185 773 2226 Iacger.
932 2186 1116 2220 Bibliotlzek.
1133 2196 1204 2219 tom.
1215 2191 1237 2220 1.
1254 2199 1319 2230 pag.
1335 2200 1399 2228 205.
1412 2190 1475 2232 sqq.
1519 2192 1616 2224 Harl.

67 2228 105 2264 y)
130 2225 290 2256 Fabricius
307 2235 378 2255 orae
393 2225 521 2266 exempli
533 2227 796 2271 suiadscripserat:
821 2231 880 2260 Ha·
977 2230 1037 2267 hb)
1061 2232 1177 2262 Prodiit
1192 2232 1270 2262 liber
1283 2234 1336 2263 iste
1353 2235 1447 2273 Lugd.
1464 2237 1524 2267 Bae.
1544 2241 1627 2266 1600.
1643 2246 1682 2267 η.

26 2267 85 2298 beo
109 2276 138 2298 et
162 2267 222 2309 ipse
245 2271 346 2299 MSSta
372 2269 423 2299 illa
446 2269 532 2300 Pselli
555 2271 666 2302 scholia
685 2273 721 2301 τῖε
734 2274 881 2309 nemin
977 2278 1020 2310 cc)
1046 2277 1090 2305 Sic
1107 2275 1143 2304 de
1158 2275 1267 2306 fabulis
1283 2275 1396 2318 pilpaei
1412 2277 1586 2320 Philosophi
1603 2280 1685 2315 Indi,
1708 2288 1782 2320 quau

22 2309 116 2343 ᾧέλλκ
131 2309 163 2340 ἐς
186 2312 223 2339 ni
247 2311 319 2341 αἰτῶ
340 2314 424 2349 λέγω
447 2313 484 2341 r?
503 2313 654 2355 Ζωροοὶςμ,
682 2327 712 2354 4.
743 2319 775 2346 in
799 2316 878 2346 calce
932 2327 948 2346 e
963 2319 1076 2348 Perfice
1093 2317 1208 2348 Gallice
1224 2319 1343 2360 pridem
1362 2325 1453 2353 vertit
1467 2323 1646 2354 Gaulminus
1663 2331 1692 2353 et
1713 2331 1783 2354 ante

0 2367 1 2380 ι
23 2353 207 2396 adscriptum
228 2357 285 2386 est:
306 2357 384 2385 τέλος
397 2357 443 2389 τῆς
462 2356 585 2386 insa-cm
604 2359 653 2387 νῦν
667 2358 743 2399 παραὶ
753 2358 879 2396 χιλδαλ-
931 2371 1041 2402 paucos
1059 2372 1152 2391 annos
1170 2363 1268 2393 nescio
1284 2367 1352 2405 quis
1374 2365 1553 2403 elegantiori
1569 2366 1715 2398 sermonis
1730 2377 1781 2396 ve-

0 2393 1 2399 *
23 2409 58 2426 on
74 2396 213 2434 ὶογμαέταν
227 2401 261 2427 τί
275 2399 376 2432 ψέλλι.
399 2399 558 2430 Nonnulla
573 2402 655 2438 λέγικ
668 2406 699 2432 in
716 2402 767 2433 illa
784 2403 876 2445 Opso-
929 2406 969 2434 ste
986 2414 1104 2435 ornatas
1121 2409 1152 2436 in
1171 2405 1269 2437 lucem
1286 2409 1392 2445 emisit,
1415 2413 1474 2439 viri
1492 2410 1645 2440 cuiusdam
1664 2411 1781 2440 eruditi

25 2444 94 2482 poci
116 2441 296 2473 colleffione
312 2444 391 2473 haud
408 2445 499 2474 obuia
515 2456 550 2474 cx
568 2447 609 2475 [ο.
627 2448 791 2477 Laurentio
808 2449 876 2477 Phi·
929 2447 1073 2478 sententia
1089 2451 1147 2486 cst,
1170 2450 1262 2491 qu'on
1280 2452 1400 2493 agari,
1420 2452 1591 2486 fanciemu
1611 2453 1727 2495 verjion
1743 2463 1781 2485 m

22 2483 220 2526 hdelptucnfi
234 2488 318 2522 Lydo
335 2487 453 2528 profert
465 2490 508 2519 10.
518 2490 666 2520 Boiuinus
679 2500 744 2533 pag.
754 2495 818 2530 786.
835 2491 874 2521 ad
926 2492 959 2523 la
972 2497 1105 2523 mettant
1121 2503 1156 2524 en
1171 2495 1307 2526 meilleur
1315 2494 1476 2538 franfois.

22 2529 189 2568 exegeram
196 2533 230 2561 “.
270 2531 373 2564 Harl.
