2071 2747
129 117 190 146 voi.
202 119 222 146 ι.
233 120 418 154 ρ.«>ες1·9ο6
725 109 968 162 rsOCRArxs
999 127 1271 169 ORATIONES
1379 134 1453 172 Lib.
1465 138 1514 175 Π.
1531 152 1554 176 ι.
1569 141 1716 180 XXVI.

1820 155 1885 193 787

227 215 438 253 editionibus.
464 220 568 265 [tom.
589 220 629 254 Π.
647 218 721 256 edit.
739 219 839 256 rai-its.
868 225 1014 260 Venetae
1027 239 1089 274 per
1104 228 1176 263 Nic.
1193 227 1309 265 Ienson
1326 231 1504 271 Gallicum.
1524 242 1613 280 1478.
1632 235 1691 274 fol.
1710 243 1789 277 mai.
1816 241 1881 280 vid.

229 270 350 305 Goctz.
367 271 474 307 Mem.
491 271 640 308 biblioth,
657 273 871 310 D1·esd.tnm.
891 277 947 312 ΠΙ.
976 291 1009 327 p.
1027 290 1088 324 394
1110 276 1197 329 sqq]
1225 301 1274 308 —
1303 285 1401 331 Isocr.
1420 287 1474 321 Eu
1488 300 1566 332 ›g0r‚
1590 288 1692 326 edidit
1713 293 1880 340 Aq-ngrjm

231 321 431 367 Vidulizzur,
458 323 626 367 Islandus,
651 339 728 361 cum
754 327 906 363 breuibus
930 332 1037 370 notis,
1063 330 1217 368 Hafniae.
1236 346 1268 377 4.
1339 336 1429 373 nlius
1446 339 1589 376 Vidalini
1614 349 1877 383 commentarius

226 384 258 410 et
273 373 395 410 indices
412 379 445 411 in
464 378 656 426 Euagoraxn
683 380 758 415 MS.
776 382 808 414 in
828 381 977 418 biblioth.
999 383 1257 432 Rossgaardiana
1275 401 1307 435 p.
1327 400 1394 432 452.
1419 391 1545 428 Febris.
1599 392 1762 440 [Isocratis
1780 410 1876 435 oratt.

226 436 310 470 tres,
333 429 524 477 Euagoras,
554 433 587 465 in
612 430 803 480 l'hilippum
827 444 857 468 ct
881 432 921 469 dc
943 448 1034 484 pace.
1063 449 1189 485 graece.
1218 437 1313 474 Paris.
1342 440 1411 475 lod.
1428 443 1554 479 Badius.
1570 449 1602 481 in
1619 459 1649 490 4.
1676 450 1782 486 Catal.
1802 451 1876 488 bibl.

225 492 295 528 reg.
317 478 429 527 Paris]
501 483 686 531 Separatim
710 483 833 531 prodiit
860 486 915 521 illa
938 491 1046 523 oratio
1067 501 1203 537 giaece,
1228 504 1267 526 ex
1291 492 1424 528 officina
1441 496 1586 545 Rutgeri
1603 501 1723 547 Rescii,
1749 504 1875 539 Louan.

221 540 306 578 1538.
330 540 361 574 8.
391 553 441 560 -
468 547 519 583 gr.
537 538 569 570 in
586 532 680 570 vsum
704 535 916 581 scholarum,
951 538 1036 575 edita
1065 541 1104 576 ab
1130 542 1298 588 Ermstio,
1331 544 1475 594 Lipsiae,
1504 552 1594 595 1767.
1621 563 1653 589 et
1675 564 1768 590 antea
1793 569 1877 605 quo.

222 597 306 633 que,
335 582 464 629 nescio,
505 600 572 636 quo
596 601 696 623 anno.
763 591 901 639 Optima
926 602 957 626 et
978 592 1163 641 pleniffima
1187 595 1231 630 est
1254 596 1372 633 editio:

120 648 321 703 Ἱσοκςοίτες
334 651 508 705 Ἐυαεγὸξε
525 652 710 705 ἘὙκῶμιον
724 669 858 704 graece,
883 673 926 694 ex
942 661 1112 711 recczgfione
1127 663 1318 712 Hieronymi
1337 665 1379 701 V
1375 666 1471 712 αοζήί
1478 693 1488 708 ,
1514 681 1584 705 cum
1601 674 1755 710 varietate
1766 675 1872 713 Ιειῖἱοο

219 707 281 752 nis,
301 707 630 756 animaduetfionibus
653 717 683 743 et
702 710 802 745 indice
817 713 989 747 verborum
1005 725 1196 760 graecorum
1213 717 1418 765 cupiqfiffimQ
1441 720 1556 756 addita
1572 726 1708 774 vetfione
1727 728 1872 765 Guarini

215 760 426 805 perantiqua.
451 761 551 795 edidit
579 761 750 808 Christian.
771 763 946 811 Godofivd.
963 766 1146 814 Findexfin.
1168 769 1206 802 A.
1223 771 1261 803 A.
1281 770 1334 806 M.
1363 770 1507 820 Lipsiae,
1539 787 1628 820 1777.
1654 785 1685 820 8.
1716 780 1817 817 Harl.

116 825 282 873 Franc'isci
298 826 432 863 Cicereii
446 829 480 862 in
497 829 690 877 Euagoram
719 824 952 882 H.le11an]que
975 831 1124 870 Isocratis
1147 840 1408 874 commentarius
1433 839 1573 877 ineditus
1596 841 1660 880 suit
1675 846 1762 894 apud
1778 849 1871 885 Mar.

220 877 388 928 quardum
407 879 556 916 Gudium
571 881 645 918 ''⁷'’¹).
675 882 730 929 [if]
754 905 802 910 —
831 887 1034 935 Principium
1058 890 1204 924 imitatus
1229 890 1273 926 est
1292 890 1403 926 Cicero
1424 894 1459 927 in
1481 891 1650 933 laudando
1665 898 1781 938 Seruio
1797 902 1868 939 Sul-

218 932 309 981 picio
330 931 472 983 Philipp.
491 935 545 969 lx.
563 944 597 970 vt
611 933 795 972 obseruauit
810 937 964 973 Muretus
979 940 1051 977 vn.
1070 953 1118 987 ¹9·
1140 944 1255 978 variar.
1272 942 1408 979 lection.

117 1024 178 1076 ιο)
205 1024 339 1072 Ἑλένης
356 1024 522 1078 ἐγκώμιον
539 1034 636 1069 variis
660 1030 812 1082 episodiis
836 1033 980 1072 iucunde
993 1035 1208 1086 producium.
1262 1040 1351 1074 Nam
1376 1038 1467 1090 quod
1491 1053 1730 1091 argumentum
1749 1057 1869 1100 natura

221 1078 279 1116 sua
294 1081 401 1118 sserile
416 1080 524 1127 foret,
548 1099 708 1134 magnam
726 1088 882 1122 orationis
897 1099 1025 1137 partem
1042 1087 1209 1125 consumit
1223 1093 1255 1125 in
1272 1091 1526 1141 reprehensione
1541 1096 1781 1144 sophistarum,
1800 1090 1871 1138 lau.

200 1131 354 1170 „datione
370 1133 507 1179 Thesei,
534 1136 743 1174 excusatione
760 1138 892 1182 Paridis,
920 1154 956 1175 ac
972 1141 1070 1177 laude
1086 1142 1351 1191 pulchritudinis.
1394 1144 1524 1181 Confer
1540 1145 1581 1183 de
1596 1147 1652 1184 illa
1669 1147 1818 1188 Isocratis
1835 1164 1870 1192 et

219 1187 368 1236 Gorgiae
392 1190 519 1224 ratione
543 1202 740 1240 argumenta
760 1191 1017 1230 demonstratiua
1043 1195 1291 1243 amplificandi,
1322 1196 1467 1242 Vofflum
1490 1199 1640 1236 institutt.
1658 1203 1748 1238 Orat.
1764 1205 1820 1240 lib.
1840 1208 1868 1243 I.

217 1251 296 1288 pag.
314 1252 356 1285 51.
423 1242 607 1290 Separatim
628 1246 708 1279 haec
730 1246 836 1280 oratio
860 1243 969 1281 recusa
994 1260 1070 1281 cum
1098 1248 1282 1283 H.W01ffi
1307 1248 1456 1285 versione
1481 1264 1556 1286 ann.
1572 1255 1662 1298 1566.
1678 1266 1709 1298 4.
1738 1255 1868 1295 Fabi-ie.

219 1292 265 1327 Et
290 1291 331 1327 ad
355 1292 483 1330 calcem
508 1295 728 1344 Aristologiae
748 1295 943 1344 Euripideae
959 1300 1059 1334 Mislz.
1080 1301 1250 1343 Neandri,
1275 1300 1368 1337 Bam.
1388 1313 1471 1347 ¹559.
1486 1314 1517 1347 4.
1546 1323 1597 1331 -—
1622 1316 1715 1341 antea
1735 1320 1867 1356 graece,

219 1341 318 1380 Paris.
335 1344 422 1394 apud
441 1347 529 1383 Guil.
545 1342 745 1391 Morelium,
771 1360 852 1394 1550.
869 1361 900 1393 4.
927 1371 976 1377 -
1006 1364 1054 1400 gr.
1073 1349 1169 1388 Paris.
1187 1351 1277 1402 apud
1294 1353 1449 1391 Wechel.
1474 1366 1549 1401 1551.
1575 1355 1675 1404 [1557.
1698 1361 1769 1395 Cat.
1790 1361 1866 1399 bibl.

218 1397 302 1445 Reg.
318 1396 427 1444 Paris]
446 1411 477 1442 4.
505 1420 555 1427 -
583 1401 725 1436 Helenae
744 1411 775 1437 et
793 1402 959 1450 Busiridos
972 1403 1132 1447 laudatio,
1159 1418 1208 1454 gr.
1225 1416 1257 1441 et
1269 1406 1323 1443 lat.
1341 1419 1400 1454 per
1414 1407 1596 1444 &Volfiunr
1626 1411 1762 1448 Hanou.
1781 1415 1869 1461 1619.

216 1467 268 1476 —
295 1448 484 1485 Encomimn
500 1451 664 1495 Helenae,
691 1467 741 1502 gr.
760 1464 791 1489 et
808 1453 863 1489 lat.
889 1457 1044 1491 Venetiis.
1067 1461 1155 1501 1566.
1178 1469 1210 1501 4.
1245 1478 1295 1485 —
1327 1461 1420 1495 Orat.
1441 1458 1483 1495 de
1503 1459 1654 1496 laudibus
1677 1464 1827 1502 Helenae
1848 1480 1868 1504 e

217 1513 342 1549 graeco
359 1504 392 1537 in
408 1501 548 1539 latinum
571 1504 718 1542 traduc‘ta
729 1534 738 1548 ,
765 1507 813 1543 Io.
830 1507 933 1542 Petro
950 1508 1085 1556 Lucense
1100 1512 1287 1559 interprete,
1314 1531 1366 1537 —
1392 1510 1559 1548 Herodoti
1575 1513 1647 1550 libri
1666 1517 1720 1550 IX.
1734 1531 1752 1552 e
1765 1530 1817 1566 gr.
1832 1521 1867 1556 in

217 1552 275 1589 lat.
303 1553 442 1591 traducti
465 1556 643 1593 Laurentio
659 1556 806 1594 vallensi
831 1560 1025 1608 interprete,
1053 1563 1168 1598 Venet.
1188 1574 1278 1608 1494.
1300 1560 1362 1599 fol.
1390 1563 1432 1599 al.
1448 1563 1628 1602 editionem
1646 1563 1667 1601 s.
1683 1567 1704 1603 l.
1720 1578 1795 1606 eta.
1817 1573 1866 1606 in.

218 1604 305 1641 dicat
319 1608 437 1643 Goetz.
458 1610 493 1643 in
510 1609 659 1645 Memor.
677 1610 753 1645 bibl.
769 1609 943 1647 Dresdens.
967 1622 1052 1648 tom.
1069 1615 1126 1650 111.
1149 1628 1180 1663 p.
1198 1615 1251 1650 66.
1286 1634 1335 1642 —
1364 1618 1501 1651 Martini
1523 1617 1676 1654 Phileteci
1697 1621 1802 1658 verslo
1823 1622 1866 1660 ad

214 1659 310 1694 Piuin
329 1660 369 1694 ΙΙ.
393 1670 468 1697 mst.
487 1663 522 1696 in
539 1662 736 1698 bibliotheca
751 1662 1024 1711 Rostgaardiana,
1045 1678 1119 1714 pag.
1139 1678 1213 1709 470.
1238 1666 1340 1702 Harl.
1393 1670 1492 1704 Hanc
1515 1673 1701 1708 orationem
1720 1675 1866 1724 Gorgiae

217 1711 384 1747 Leontino
400 1713 512 1749 tribuit
527 1716 663 1752 Gesner.
677 1718 711 1751 in
726 1715 878 1753 Biblioth.
907 1717 1096 1756 Heumann.
1149 1717 1276 1755 Gallica
1299 1718 1403 1757 verfio
1424 1722 1508 1758 Enc.
1525 1723 1604 1759 Hel.
1630 1734 1661 1760 et
1683 1725 1784 1764 Bufir.
1807 1729 1866 1764 Pa-

213 1759 266 1798 ris.
290 1765 385 1808 1640.
400 1777 443 1800 12.
470 1767 567 1802 Beck.

115 1854 168 1907 11)
192 1854 345 1908 micuere,
370 1856 438 1894 siue
451 1858 522 1896 laus
537 1861 702 1908 Busiridis,
717 1863 930 1901 crudelissimi
947 1867 1193 1916 Aegyptiorum
1212 1870 1356 1913 tyranni,
1380 1868 1420 1905 ab
1434 1870 1581 1907 Hercule
1596 1873 1772 1918 interemti,
1789 1872 1866 1912 scri-v

219 1921 275 1960 pra
290 1910 330 1946 ad
342 1911 565 1958 Polycratem,
583 1915 828 1964 Atheniensem,
846 1915 1039 1968 sophistam,
1056 1918 1336 1968 redarguendum,
1346 1923 1401 1970 qui
1417 1921 1506 1958 idem
1523 1936 1762 1972 argumentum
1781 1925 1863 1964 infe-

150 2004 156 2007 ,
217 1963 313 1999 licius
328 1965 543 2007 trac'tauerat,
570 1978 602 2003 et
617 1969 758 2005 Socratis
772 1981 940 2019 praeterea
959 1969 1203 2007 accusationem
1220 1969 1405 2021 scripserat,
1433 1978 1522 2010 cuius
1544 1987 1690 2013 mortem
1717 1978 1862 2031 Olymp.

219 2017 324 2052 XCV.
344 2017 457 2053 acerbe
472 2017 545 2053 tulit
561 2016 735 2062 Isocrates,
762 2025 818 2063 ita,
842 2034 876 2058 vt
891 2023 992 2058 altera
1010 2022 1063 2058 die
1078 2024 1222 2072 pullatus
1236 2024 1403 2073 prodiret,
1429 2026 1506 2063 teste
1521 2027 1710 2066 Plutarcho.
1761 2033 1862 2082 Qic-

221 2068 299 2118 quid
316 2083 394 2105 vero
410 2084 472 2120 pro
487 2070 684 2108 celebrando
701 2072 846 2108 Busiride
863 2073 930 2110 siue
945 2074 1138 2122 PolycratiS,
1154 2075 1220 2111 fine
1236 2074 1384 2113 Isocratis
1399 2078 1565 2116 attulerint
1580 2084 1730 2130 ingenia;
1746 2093 1860 2122 tamen

217 2122 411 2157 illaudatum
435 2122 514 2159 dixit
540 2124 712 2171 Virgilius
730 2127 785 2160 111.
801 2127 926 2176 Georg.
943 2141 972 2162 v.
987 2139 1013 2171 5.
1042 2126 1132 2177 quasi
1155 2125 1242 2163 falfis
1265 2139 1297 2165 et
1317 2129 1428 2166 alienis
1457 2132 1667 2170 cumulatum
1696 2134 1859 2176 laudibus.

221 2173 396 2222 [Neandro
414 2175 534 2223 placuit
550 2178 631 2212 haec
649 2180 756 2214 oratio
771 2180 804 2213 in
820 2177 957 2228 praefat.
972 2178 1012 2214 a¹d
1030 2189 1210 2215 erotemata
1227 2194 1276 2229 gr.
1291 2195 1369 2230 pag.
1388 2194 1454 2226 232.
1479 2187 1607 2222 maiore
1626 2189 1697 2223 iure
1719 2188 1788 2225 aliis
1809 2203 1860 2235 ea,

219 2241 282 2263 nec
301 2241 371 2263 non
389 2237 484 2264 oratt.
503 2227 543 2264 ad
561 2230 755 2273 Nicoclem,
780 2242 895 2267 contra
918 2231 1084 2281 Sophistas
1104 2243 1137 2268 et
1157 2234 1393 2270 Panathenaica
1411 2233 1657 2286 displicuerunt.
1686 2239 1753 2277 vid.
1770 2242 1860 2277 Schi-

218 2280 304 2315 rach.
320 2277 390 2317 diss.
409 2282 449 2317 11.
464 2293 497 2329 p.
513 2292 555 2323 44
573 2279 616 2331 sq.
638 2296 744 2332 neque
761 2297 878 2319 omnes
894 2287 1014 2334 ingenii
1030 2281 1117 2320 lusus
1140 2281 1273 2322 fauente
1296 2289 1451 2323 Minerua
1473 2293 1670 2328 emittuntur
1689 2295 1724 2328 in
1737 2293 1860 2330 lucem.

217 2333 357 2383 Propter
372 2334 458 2369 hanc
474 2336 661 2371 orationem
680 2335 724 2371 V
719 2336 830 2386 alfius
845 2335 887 2372 de
902 2340 1013 2373 critica
1032 2339 1054 2372 ¹.
1071 2350 1140 2386 cap.
1160 2350 1201 2374 11.
1224 2351 1257 2387 p.
1273 2346 1326 2384 158
1345 2336 1391 2390 sq.
1418 2341 1606 2381 Emendatt.
1629 2359 1647 2382 a
1666 2346 1860 2383 Burmanno

982 2392 1153 2439 Ggggg
1181 2401 1200 2425 2
1390 2415 1409 2418 --
1771 2397 1861 2435 editt.

161 2447 238 2483 mni)
259 2445 395 2479 Transiit
412 2454 479 2476 cum
491 2443 614 2487 reliquis
631 2444 776 2479 Gudianis
788 2448 884 2480 msstis
901 2448 937 2493 ²¹¹.
946 2446 1091 2492 biblioth.
1109 2445 1380 2485 Guelferbytanam.
1401 2448 1499 2494 Harl.
