2183 2747
91 153 181 187 vota.
195 156 279 190 μακε
291 156 314 191 P
329 158 378 191 ἐν
796 154 848 193 1N
889 155 1149 194 HOMERVM.
1447 160 1518 197 Lib.
1538 162 1590 198 II.
1609 163 1678 210 c.5.'
1782 174 1843 212 387

89 249 212 286 codicis
230 253 348 288 Veneti
365 249 577 288 manifestum
597 250 644 291 iit,
671 248 805 295 scholia,
829 266 910 300 quae
927 252 1026 289 hodie
1042 255 1248 289 mentiuntur
1266 265 1393 290 nomen
1418 256 1572 301 Didymi,
1594 255 1674 294 falso
1691 261 1766 295 hnic
1789 261 1844 298 ad·

88 300 229 351 lignari:
257 319 334 340 nam
350 319 388 340 ex
405 304 465 339 illis
484 306 662 340 Marcianis
678 317 784 354 patet,
820 305 1009 351 Didymum
1035 318 1106 340 non
1129 306 1365 342 tantummodo
1390 305 1482 344 fuiss'e
1503 315 1778 358 grammaticum,
1812 324 1843 349 ct

88 357 375 406 etymologiarum
394 360 677 407 minutiarumque
701 369 911 401 venatore-1113
945 355 998 393 sed
1021 370 1158 406 quoque
1186 360 1287 393 varias
1314 359 1488 396 coutuliss'e
1511 362 1715 398 recensiones
1736 363 1759 399 s.
1778 365 1842 400 edi-

89 409 199 443 tiones
214 421 309 457 atque
327 420 429 446 artem
443 408 618 446 exercuiss'e
639 413 796 446 criticam.
826 409 943 456 Harl]
997 412 1271 446 Commentarios
1287 409 1416 460 insuper
1431 411 1577 450 confecit
1593 418 1626 450 in
1637 415 1844 464 Euripidem,

87 461 285 497 Scholiasses
302 463 342 498 ad
365 464 538 498 Hecubam
554 477 584 499 v.
602 469 680 507 887.
698 468 796 506 1036.
811 474 873 499 etc.
928 465 964 498 ln
982 462 1249 511 Aristophanem,
1277 467 1520 510 Phrynidrum,
1552 469 1683 510 Ionem,
1711 471 1843 518 Sopho-

89 511 191 555 clem,
218 518 423 551 Athenaeus:
447 517 563 551 Libros
579 513 768 567 ἐξηγήσεως
787 513 996 566 Πινδαρικῆς,
1024 517 1209 551 Lactantius
1226 515 1283 553 lib,
1302 519 1322 555 Ι,
1342 532 1412 568 cap,
1431 531 1485 555 22.
1540 521 1578 555 ln
1595 521 1842 567 Bacchylidem,

86 569 291 603 Ammonius
309 571 342 604 in
355 565 553 619 ὑπέμνημοι.
608 570 688 620 Περὶ
704 570 843 620 λυρικῶν
858 570 1016 613 neam-&m
1048 567 1200 614 Etymol.
1217 570 1387 619 Magnum
1414 575 1446 607 in
1467 568 1568 621 ὕμνος
1592 584 1623 609 et
1645 570 1838 625 προσῳδίᾳ.

87 617 423 657 Illustraueratetiam
438 620 612 668 scriptores
632 620 806 671 prosarios,
834 633 867 657 vt
883 621 1017 661 lsaeum‚
1045 621 1322 666 Demosthenem,
1349 623 1526 674 pluresque
1543 627 1724 669 Rhetores,
1750 628 1842 677 quod

86 669 175 707 idem
191 676 395 710 Ammonius
410 678 441 710 in
460 675 540 718 νῆες,
568 676 815 724 Harpocration
833 686 864 710 et
884 674 936 709 alii
953 673 1117 710 testantur.
1170 676 1222 710 Ne
1236 674 1277 711 de
1295 675 1365 712 aliis
1389 677 1529 722 Didymi
1555 676 1680 726 scriptis
1702 683 1734 715 in
1751 694 1843 730 prae-

87 721 168 759 senti
193 726 321 767 dicam,
359 740 503 776 quatuor
532 726 636 762 millia
657 730 747 763 enim
782 727 943 763 librorum
970 724 1125 776 scripsisse
1153 728 1263 762 Seneca
1283 730 1397 765 audior
1421 730 1465 766 est
1490 730 1636 780 Epislola
1660 739 1714 775 88.
1774 731 1841 769 Etsi

86 777 276 814 Demetrius
300 781 509 815 Troezenius
523 779 610 829 apud
624 781 824 816 Athenaeum
839 780 897 816 lib.
917 781 972 815 tv.
989 793 1022 829 p.
1045 791 1112 824 139.
1151 777 1338 826 Hesychius
1364 781 1497 818 illustris
1520 794 1551 820 et
1580 784 1694 821 Suidas
1712 783 1742 818 θ)
1774 795 1843 822 tan-

87 837 159 864 tum
178 843 373 879 computant
391 845 438 868 ter
460 832 553 868 mille
566 844 598 868 et
621 835 831 883 quingentos.
884 833 936 869 Ob
959 846 1060 881 quam
1083 829 1223 868 caussam
1246 834 1284 868 ab
1307 833 1427 870 eodem
1454 838 1627 873 Demetrio
1653 837 1756 873 dietus
1780 836 1844 875 fuit

86 879 365 930 βιβλιολάθας,
389 884 478 935 quod
495 883 541 920 sui
566 884 674 934 ipsius,
701 897 784 936 puto
802 888 836 922 in
852 895 900 922 tot
922 885 1032 931 libris,
1064 884 1202 926 oblitus,
1237 883 1476 937 saepenumero
1504 887 1562 926 fibi
1587 888 1842 928 contradixisset.

86 935 171 971 Vide
197 936 428 982 Quintilianum
443 939 497 974 lib.
520 940 545 973 1.
565 951 634 987 cap.
652 946 682 980 8.

105 1013 298 1048 Scholia‚quae
375 1009 415 1042 11.
452 1009 653 1057 Qanquam
675 1019 754 1043 vero
775 1020 816 1043 ex
839 1005 932 1043 dietis
956 1006 1098 1047 constat,
1122 1008 1318 1045 Homerum
1339 1023 1357 1046 a
1377 1007 1534 1054 Didymo
1554 1011 1621 1046 hoc
1645 1010 1843 1050 illustratum

86 1054 203 1098 ‘'flamf
247 1062 298 1097 ''.⁰'¹
321 1056 428 1104 fuitse,
455 1073 526 1095 non
543 1069 652 1095 tamen
671 1073 775 1109 aeque
791 1071 918 1096 certum
935 1059 991 1101 est,
1021 1060 1154 1096 Scholia
1169 1074 1295 1110 graeca,
1321 1076 1406 1111 quae
1421 1063 1590 1104 habemus,
1615 1063 1712 1100 illum
1728 1066 1841 1101 aucto-

80 1092 143 1125 [η’
160 1093 281 1127 Didymi,
321 1125 395 1147 rem
409 1109 596 1161 agnoscere.
651 1114 738 1147 Nam
757 1115 791 1148 in
807 1112 869 1148 illis
886 1126 955 1148 non
973 1112 1109 1154 exstant,
1141 1127 1224 1163 quae
1241 1128 1278 1150 ex
1296 1116 1438 1160 Didymi
1456 1117 1487 1150 in
1504 1116 1700 1152 Homerum
1723 1114 1841 1168 ἔξηγῆ.

86 1183 135 1205 σε,
151 1163 279 1215 profert
298 1164 510 1207 Ammonius,
542 1163 660 1200 deinde
684 1168 716 1200 in
741 1165 857 1200 iisdem
882 1163 1055 1200 laudantur
1074 1163 1247 1215 scriptores
1269 1167 1422 1212 Didymo
1447 1170 1608 1212 iuniores,
1634 1170 1840 1213 Plutarchus,

85 1221 238 1261 Coimus,
267 1219 420 1259 Galenus,
449 1215 628 1259 Pausanias,
657 1217 852 1253 lamblichus
870 1218 986 1253 etalii:
1014 1216 1100 1253 vnde
1123 1221 1241 1254 iuniori
1264 1219 1395 1256 cuidam
1420 1219 1575 1266 Didymo
1598 1222 1838 1266 Alexandrino,

85 1285 188 1322 quem
203 1267 348 1311 πιθανοὶ
363 1282 393 1306 et
406 1270 485 1321 περὶ
502 1268 751 1321 ἑξθργξαφίας
769 1267 924 1319 scripfiffe
938 1268 1051 1305 Suidas
1068 1273 1123 1313 ait,
1151 1271 1206 1306 illa
1223 1272 1379 1308 tribuebat
1393 1274 1558 1323 llleutstus
1572 1277 1603 1308 in
1618 1273 1697 1309 Bibl.
1715 1277 1839 1311 Graeca

83 1338 116 1375 p.
133 1337 226 1371 1359.
279 1322 342 1359 Sed
360 1335 392 1359 et
406 1325 473 1359 hoc
488 1323 642 1368 Didymo
660 1326 802 1359 iuniores
819 1320 891 1358 sunt
907 1325 1046 1359 Cointus
1062 1333 1092 1358 et
1110 1323 1326 1360 lamblichus:
1354 1338 1432 1360 nam
1457 1325 1684 1374 Apollonium
1707 1325 1838 1374 Dysco-

84 1379 170 1420 lum,
196 1379 251 1427 qui
269 1374 326 1412 sub
343 1378 393 1412 M.
415 1379 590 1412 Antonino
612 1378 706 1422 vixit,
737 1378 768 1410 in
785 1373 925 1421 Didymi
942 1373 1088 1414 Πιθανοὶ
1103 1373 1277 1425 scripfiffe,
1304 1376 1392 1413 idem
1415 1377 1529 1414 Suidas
1553 1382 1689 1416 notauit.
1747 1382 1839 1431 Qin

83 1435 183 1466 etiam
199 1430 369 1473 Didymus
388 1426 466 1478 ipse,
493 1430 766 1467 (Chalcenterum
785 1428 923 1478 intelligi
943 1442 1014 1464 non
1031 1429 1174 1473 dubito)
1202 1431 1234 1464 in
1256 1430 1398 1465 scholiis
1424 1431 1487 1466 illis
1513 1435 1748 1468 nominetenus
1771 1434 1840 1468 lau-

85 1483 178 1519 datur
194 1482 234 1518 ad
252 1481 342 1518 lliad.
358 1479 393 1520 α’.
411 1495 488 1525 400.
504 1477 542 1521 δ’.
559 1495 630 1528 475.
648 1493 680 1518 et
695 1480 735 1517 ad
753 1478 803 1530 χ’.
822 1484 890 1517 126.
925 1479 1026 1528 Qod
1047 1492 1155 1517 antem
1175 1483 1351 1517 Gisbertus
1367 1484 1517 1529 Cuperus
1537 1498 1575 1520 ex
1590 1484 1668 1521 loco
1689 1484 1727 1521 ad
1743 1484 1836 1522 iliad.

82 1533 121 1576 δ’.
137 1549 210 1581 379.
239 1535 488 1571 Schreuelianae
515 1533 690 1574 editionis,
718 1536 766 1580 (in
789 1534 858 1569 aliis
873 1537 962 1569 enim
982 1535 1063 1569 haec
1079 1532 1196 1569 frustra
1213 1537 1378 1583 quaeram)
1405 1535 1456 1571 vbi
1476 1532 1619 1585 Δίδυμος
1636 1536 1651 1576 ὅ
1676 1537 1837 1590 ἡμέτερος

82 1590 214 1633 dicitur,
240 1590 322 1625 haec
341 1585 496 1623 scholiaa
513 1585 654 1632 Didymi
679 1584 843 1635 discipulis
866 1587 1004 1622 colledh
1031 1584 1093 1622 esse
1121 1585 1339 1635 suspicabatur
1362 1588 1471 1623 lib.11.
1491 1593 1661 1626 Variarum
1686 1589 1836 1627 obserua-

83 1645 213 1678 tionum
232 1655 302 1690 cap.
318 1648 349 1683 ὃ.
371 1643 478 1676 virum
497 1637 803 1688 praestantissimum
819 1636 937 1675 fefellit
953 1637 1214 1675 additamentum
1231 1640 1376 1682 editoris,
1402 1641 1493 1689 quod
1510 1641 1641 1678 lineolis
1658 1643 1710 1678 ille
1726 1642 1835 1679 distin-

83 1698 130 1731 xit
145 1694 292 1744 quidem,
318 1703 465 1729 ceterum
483 1693 574 1728 malo
591 1706 698 1738 more,
725 1695 847 1742 graecis
862 1692 980 1734 verbis,
1007 1691 1046 1727 ad
1063 1695 1195 1741 antiqua
1212 1690 1334 1728 scholia
1351 1691 1508 1729 adtexuit.
1548 1696 1727 1731 Schreuelii
1742 1699 1835 1732 enim

81 1749 162 1783 haec
178 1747 274 1782 verba
289 1743 379 1781 sunt:
408 1743 544 1784 ἄλλοθι
560 1741 741 1796 παρέδωκε
758 1741 901 1794 Δίδυμος
919 1744 1120 1795 ὁὴμέτεςος,
1147 1747 1258 1791 (hunc
1281 1749 1403 1794 quippe
1427 1746 1556 1794 putabat
1576 1745 1638 1783 effe
1663 1748 1835 1785 auctorem

81 1798 307 1843 scholiorum,
333 1811 416 1847 quae
437 1797 645 1840 recensebat,)
673 1796 874 1846 συμμάχεςς
890 1794 969 1847 εἷναί
987 1796 1234 1849 συ-τξοιτιώτας
1249 1800 1314 1837 τῶν
1338 1796 1607 1848 πολιορκέντων,
1640 1798 1780 1844 βοηθὲς
1801 1798 1833 1840 δὲ

84 1851 148 1893 ‘ref
165 1851 374 1896 Βοηθέντοις
390 1857 461 1890 τοῖς
476 1853 765 1902 ‘nemaeum-thore,
793 1849 1026 1900 respiciturque
1047 1852 1085 1886 ad
1101 1852 1263 1887 Scholion
1292 1852 1383 1886 Iliad.
1402 1850 1451 1895 β.
1475 1853 1625 1902 Catalog.
1651 1865 1719 1896 3¹0-
1736 1865 1765 1890 et
1787 1851 1832 1902 «γ’,

84 1908 194 1951 188.‘)
249 1904 407 1939 Similiter
421 1901 523 1938 fraudi
541 1902 604 1939 fuit
623 1904 884 1939 additamentum
899 1903 1171 1939 Schreuelianum
1191 1905 1238 1939 H.
1258 1905 1442 1944 Dodwcllo,
1471 1908 1527 1952 qui
1550 1908 1580 1940 in
1607 1906 1833 1954 praelediioni-

84 1960 143 1995 bus
158 1956 411 1993 Cambdenianis
428 1969 459 2004 p.
476 1958 551 1998 386.
570 1965 603 1990 vt
619 1968 784 1992 recentem
802 1956 895 1991 valde
911 1957 1029 2005 probet
1045 1955 1248 1992 scholiorum
1269 1958 1394 1992 horum
1415 1956 1643 2001 collectorem,
1672 1957 1833 2001 obseruat,

83 2016 118 2048 in
136 2011 196 2046 illis
215 2013 306 2045 citari
330 2007 537 2055 Eustatfiium
557 2007 595 2043 ad
615 2008 704 2044 lliad.
726 2010 751 2046 έ.
769 2021 840 2052 203.
894 2012 936 2044 At
950 2010 1041 2044 enim
1063 2010 1195 2045 Merico
1211 2007 1410 2044 casaubono
1434 2011 1466 2044 in
1488 2008 1621 2046 diatriba
1644 2009 1684 2047 de
1707 2026 1831 2061 nupera

84 2065 229 2100 Homeri
250 2061 394 2098 editione
412 2075 441 2110 p.
461 2073 514 2104 44.
539 2059 696 2097 videntur
711 2063 790 2096 haec
805 2064 837 2096 in
854 2063 990 2097 Poetam
1005 2059 1130 2097 scholia
1144 2064 1328 2110 antiquiora
1343 2058 1404 2096 else
1421 2061 1591 2098 Eussathio
1608 2075 1638 2099 et
1659 2064 1698 2099 ab
1721 2079 1762 2101 eo
1785 2079 1831 2101 re-

82 2115 174 2166 spici,
201 2129 278 2151 cum
298 2117 330 2149 in
346 2112 408 2149 suis
430 2112 469 2148 ad
492 2115 685 2149 Homerum
716 2114 771 2161 {lffl
800 2116 1059 2150 Commentariis
1083 2111 1216 2149 subinde
1239 2113 1346 2149 laudat
1369 2111 1504 2161 σχέλια
1528 2113 1686 2155 παλαιοί.
1740 2117 1833 2154 ldtrn

75 2167 247 2211 obferunt,
276 2168 431 2216 pleraque
448 2165 583 2201 illorum
601 2165 806 2202 Euslathium
825 2170 858 2202 in
886 2165 961 2202 suos
982 2168 1244 2202 commentarios
1267 2165 1479 2208 t1·austul1ss'e,
1510 2167 1593 2204 adeo
1621 2179 1655 2203 vt
1681 2183 1719 2204 cx
1742 2173 1831 2206 hisce

84 2234 154 2258 non
173 2235 273 2270 pauca
293 2217 495 2255 scholiorum
511 2218 585 2254 loca
599 2218 767 2255 emendari
783 2218 917 2268 pollint‚
944 2217 1034 2267 quod
1050 2219 1174 2268 aliquot
1193 2218 1352 2266 exemplis
1372 2233 1403 2267 p.
1424 2223 1462 2264 56
1480 2217 1550 2269 sqq.
1571 2220 1721 2258 oslcndit.
1767 2223 1830 2258 Sed

83 2285 115 2309 et
133 2275 311 2321 Didymum
328 2271 401 2322 plus
424 2270 572 2319 fimplice
588 2274 656 2307 vice
672 2271 779 2307 laudat
794 2283 824 2307 et
841 2272 1045 2319 Eifiathiits,
1078 2273 1135 2318 [et‚
1163 2272 1251 2319 quod
1269 2284 1368 2318 graue
1383 2271 1425 2306 est
1443 2285 1689 2320 argumentum,
1717 2275 1831 2310 condi-

85 2337 138 2362 tor
156 2324 362 2362 scholiorum
382 2328 416 2360 in
431 2323 506 2361 cod.
525 2326 658 2361 Veneto
670 2322 873 2361 seruatorum
890 2335 921 2360 et
936 2325 1102 2372 antiquior
1116 2323 1328 2370 Eullathi02]
1363 2327 1498 2374 eiusque
1527 2324 1700 2378 ἐξηγήσως
1725 2325 1832 2364 adfert

931 2378 1015 2412 Ccc
1041 2388 1059 2411 2
1635 2379 1829 2423 Euslatliius‚

126 2453 156 2488 b)
182 2454 257 2484 Vide
272 2455 390 2486 §uidam
411 2457 440 2485 in
455 2456 630 2493 χαλίωρογη.
986 2451 1076 2482 nuisse
1098 2451 1301 2482 Schreucliana
1325 2453 1534 2492 additamenta,
1564 2459 1593 2486 in
1617 2458 1694 2488 Ac'tis
1720 2457 1829 2488 Erudit,

126 2507 153 2533 c)
167 2498 318 2529 Barncfius
334 2510 454 2542 quoque
470 2502 501 2530 in
523 2498 572 2529 sua
597 2497 728 2534 editione
748 2497 832 2540 saepe
861 2499 931 2529 reti·
987 2505 1062 2534 1712.
1078 2507 1104 2537 p.
1121 2499 1169 2527 62.
1190 2499 1332 2534 arguitur.
1357 2497 1453 2531 Harl.
