2183 2747
24 129 89 160 Vu'-
98 128 121 156 ἲ·
131 135 207 163 Ρ-ῐο·
217 127 237 174 ξ
247 125 292 158 ῑο3
506 124 722 165 MVSAEVS
774 125 1091 163 ATHENIENSIS.
1239 125 1311 162 Lib.
1323 127 1349 161 I.
1379 139 1402 161 c.
1418 126 1461 162 Χ
1461 126 1501 161 V
1499 128 1529 162 I.
1745 138 1794 169 121

25 226 91 272 «ἃς
111 226 376 277 αἰναφεςομένες
398 221 444 262 εὶς
467 226 626 264 Macrochir
654 221 817 276 χρησμὲς
843 225 1065 260 Onomacrito
1094 222 1132 257 ab
1161 219 1230 257 aliis
1264 223 1369 257 tribui.
1425 219 1601 258 Musaeum
1630 226 1713 258 inter
1740 236 1793 259 va-

23 293 89 323 teS„
121 280 188 317 siue
216 281 366 315 nociores
397 277 614 313 oraculorum
650 276 748 313 refert
778 280 877 313 etiam
901 278 1019 311 Strabo
1044 275 1111 311 Lib.
1132 276 1218 310 XVI.
1248 276 1295 324 [p.
1312 277 1385 319 762.
1403 273 1470 311 siue
1492 273 1541 310 cd.
1567 275 1686 310 Almel.
1716 289 1790 326 pag.

23 336 128 383 1106]
157 344 190 370 et
212 333 402 368 Hei-odorus
426 331 494 366 Lib.
521 333 609 365 VIU.
635 345 661 365 c.
686 333 740 376 96.
771 330 823 379 [p.
841 331 915 372 663.
938 326 982 378 sq.
1007 327 1057 364 ed.
1087 325 1283 376 VVelseling.
1308 341 1409 377 quem
1439 326 1542 373 vide.]
1598 330 1791 377 Orpheum,

24 389 149 426 Linum
170 396 202 422 et
222 381 402 421 Musaeum
427 381 468 418 de
489 381 607 419 diuinis
632 383 841 432 potestatibus
863 385 1055 417 vaticinatos
1085 380 1279 429 Platonique
1302 379 1451 416 laudatos
1471 391 1581 416 narrat
1600 379 1790 416 Chalcidius

6 455 58 492 -Ρ,
77 453 149 477 220.
201 439 361 476 Meminit
386 435 517 476 Mulhei
542 436 634 472 Plato
655 439 686 471 in
710 435 898 486 Apologia,
929 437 960 469 in
981 437 1080 476 lone,
1115 436 1148 468 in
1165 445 1193 468 2.
1217 432 1258 468 de
1277 436 1359 483 Rep.
1389 444 1420 469 et
1446 436 1479 468 in
1503 436 1702 482 Protagora,
1738 434 1790 469 vbi

26 488 182 535 τελετάς
201 507 242 531 τε
266 505 324 538 »φη
348 484 575 542 χρησμῳδίας
600 491 740 539 Orpheo
762 500 792 524 et
818 482 959 525 Musaeo
982 487 1078 523 tribui
1100 485 1242 522 testatur.

65 585 224 620 Praecepta.
299 566 499 614 Ὕποθῆκοᾳ
525 566 591 603 flue
618 568 795 613 Praecepta
815 567 860 601 ad
880 565 1078 611 Eumolpum
1101 563 1498 612 lc1·tium‚filiumfi1um‚
1524 562 1642 600 Suidae
1662 577 1793 602 memo.

291 631 377 663 rata,
405 621 470 663 ἔπη
485 616 522 659 δ’.
545 620 657 668 misus
679 619 892 667 quatermille.
947 619 1026 653 Hoc
1055 628 1140 667 opus
1166 614 1337 653 Pausanias
1366 616 1440 667 plus
1460 615 1603 667 simplici
1630 620 1699 653 vice
1723 631 1792 654 me·

27 685 160 717 morat,
191 685 222 710 et
244 687 262 708 a
287 675 418 710 Graccis
443 673 653 709 decantatum
678 672 827 715 testatur,
855 674 994 707 nomine
1014 668 1225 720 Ἐυμολπίων
1247 673 1435 706 carminum
1460 684 1490 719 p.
1508 677 1586 716 809.
1652 670 1794 707 Videtur

27 741 141 765 tamen
158 738 189 763 et
213 723 278 776 ipse
291 729 372 762 haec
387 725 428 762 ad
451 729 712 763 Onomacritum
733 723 855 761 referre
882 723 945 771 [if]
974 727 1006 759 in
1021 725 1134 759 Atticis
1148 738 1179 773 p.
1198 736 1242 770 53.
1268 723 1461 759 Lambecius
1480 737 1510 772 p.
1528 731 1591 769 185.
1615 721 1792 772 prodromi

27 781 181 818 historiae
200 779 333 815 litterar.
356 779 444 815 male
473 778 642 828 distinguit
663 774 849 822 ὑποθήκας
884 774 979 812 hasce
1000 777 1039 812 ab
1061 776 1248 826 Eumolpiis
1270 774 1398 812 Musaei
1426 777 1635 811 carminibus.
1689 778 1793 812 Fuere

28 846 59 871 et
79 832 240 882 Eumolpi
263 833 372 879 versus
393 839 443 866 ter
465 833 568 874 mille,
596 833 712 881 quibus
733 831 887 877 mysteria
903 832 1032 865 Cereris
1046 828 1240 872 tradiderat,
1268 840 1302 865 vt
1321 843 1361 865 ex
1375 828 1473 864 Suida
1497 832 1564 864 iam
1580 826 1677 879 supra
1698 839 1792 866 nota-

27 890 157 931 vimus;
197 887 258 920 hos
278 884 359 920 alios
382 884 485 932 longe
515 881 608 920 fuiffe
635 884 674 919 ab
697 883 885 933 Eumolpiis
914 882 977 918 istis
997 879 1125 918 Musaei
1149 883 1349 918 carminibus
1377 896 1447 918 non
1469 880 1576 918 modo
1599 882 1726 931 colligo
1752 895 1792 918 ex

27 954 69 976 eo
95 937 184 989 quod
206 950 365 972 numerus
390 933 544 972 versuum
570 948 709 986 vtroque
729 940 763 972 in
786 936 864 973 loco
891 932 1036 971 diuersus
1057 934 1119 978 est,
1155 932 1210 971 sed
1228 944 1259 970 et
1277 937 1394 972 audior
1421 945 1520 985 atque
1540 945 1790 984 argumentum.

27 994 80 1029 De
102 989 263 1036 mysteriis
285 992 374 1024 enim
398 987 553 1037 singulari
575 1003 676 1039 opere
697 987 852 1025 Musaeus
874 995 1004 1037 egerat,
1038 986 1129 1037 quod
1150 985 1236 1023 infra
1255 1001 1578 1024 commemoramus.
1639 990 1678 1023 In
1703 985 1791 1024 hisce

28 1057 140 1081 autem
163 1038 355 1085 ὑποθήκαις
377 1040 504 1077 videtur
521 1053 693 1092 praecepta
715 1041 756 1078 ad
777 1045 878 1077 vitam
898 1039 1072 1076 necessiiria
1093 1040 1290 1090 complexus
1315 1038 1409 1076 fuisse
1426 1051 1456 1076 et
1473 1041 1544 1077 fiiio
1565 1038 1738 1076 tradidiffe.

66 1137 186 1164 Hamus
203 1136 231 1160 ,·,,
293 1119 449 1167 Hymnus
467 1121 501 1153 in
528 1120 701 1162 Cererem,
741 1122 775 1154 in
797 1117 1061 1165 Lycomidarum
1083 1123 1225 1167 gratiam
1251 1117 1314 1164 (de
1340 1119 1456 1169 quibus
1475 1117 1640 1155 Meurfius
1667 1119 1734 1154 Lib.
1750 1120 1790 1154 11.

31 1166 158 1198 Cer-(rm.
291 1185 362 1221 cap.
382 1183 428 1218 19.
463 1174 595 1207 Atticas.
621 1173 707 1208 Lec't.
734 1182 765 1207 et
787 1173 938 1207 Kiihnius
959 1170 999 1206 ad
1019 1169 1192 1207 Pausaniae
1209 1169 1388 1207 Mess'enica
1407 1185 1478 1221 cap.
1494 1173 1538 1215 1.)
1563 1174 1791 1213 concinnatus,

291 1237 392 1274 quem
414 1221 523 1260 solum
547 1238 609 1275 pro
631 1221 759 1260 Musaei
781 1224 868 1259 illius
890 1221 987 1274 prisci
1011 1220 1132 1273 scripto
1157 1235 1247 1260 certo
1269 1238 1305 1259 ae
1329 1227 1476 1273 genuino
1502 1224 1598 1259 habet
1620 1221 1791 1259 Pausanias

30 1279 66 1312 in
83 1277 213 1318 Atticis,
249 1277 334 1326 [cap.
353 1289 404 1312 22.
428 1291 504 1326 pag.
521 1290 566 1323 53.
593 1278 740 1323 th·l.]7
772 1287 870 1327 atque
890 1280 1010 1312 iterum
1034 1275 1146 1312 laudat
1168 1279 1202 1312 in
1220 1274 1406 1313 Meffenicis
1422 1291 1454 1328 p.
1475 1284 1543 1318 281.
1576 1276 1700 1326 reliqua
1722 1280 1790 1312 vni-

28 1324 117 1363 versa
136 1328 175 1363 ab
199 1330 420 1366 Onomacrito
444 1327 572 1366 Musaei
597 1333 728 1366 nomini
752 1327 918 1380 supposita
940 1329 1080 1365 testatus.

35 1418 241 1446 Damorblsm-
294 1405 490 1458 Ἐξακὲσεις
512 1405 611 1448 νέα-ων
631 1407 699 1444 sine
725 1409 762 1444 de
785 1409 903 1443 morbis
931 1407 1084 1444 curandis
1104 1413 1280 1454 praecepta
1309 1417 1497 1444 memorata
1519 1407 1731 1458 Aristophani
1756 1410 1791 1444 in

26 1456 124 1516 ’Ἰὼ
156 1464 240 1490 7⁷⁰³·
292 1463 406 1503 Ranis,
417 1463 572 1509 [v.1033.]
584 1473 615 1498 et
630 1461 800 1497 Eussathio
815 1464 994 1511 prooemio
1010 1458 1189 1496 inlliadem
1206 1474 1237 1509 p.
1249 1472 1276 1504 3.
1305 1463 1342 1496 In
1353 1460 1525 1504 hoclibro,
1533 1463 1566 1496 ni
1580 1459 1694 1504 fallor,
1703 1459 1791 1497 dixe·

27 1498 72 1525 cep
85 1499 113 1518 α’
292 1524 358 1556 rat,
385 1512 426 1549 de
447 1515 541 1564 polio
565 1515 684 1558 herba,
713 1513 805 1564 quod
828 1528 868 1550 ex
887 1512 1028 1550 Musaeo
1051 1515 1167 1562 repetit
1193 1512 1432 1559 Theophrastus
1446 1514 1514 1549 Lib.
1530 1515 1585 1549 IX.
1610 1513 1682 1550 hist.
1698 1513 1792 1564 plan·

29 1575 88 1601 tar.
109 1579 180 1616 cap.
196 1579 242 1602 21.
278 1567 400 1602 Plinius
421 1568 489 1603 Lib.
508 1569 595 1603 XXI.
617 1581 688 1617 cap.
706 1579 735 1611 7.
753 1578 783 1602 et
799 1579 853 1602 20.
881 1567 949 1602 Lib.
969 1567 1073 1601 XXV.
1096 1579 1167 1614 cap.
1184 1577 1213 1600 2.
1247 1565 1360 1601 Schol.
1381 1566 1555 1615 Apollonii
1583 1569 1617 1601 in
1639 1567 1707 1602 Lib.
1732 1569 1789 1603 IV.

27 1617 47 1662 ἦ
66 1613 99 1657 δὲ
126 1616 313 1670 vignerii-&ccc
335 1615 457 1671 δένδρον
475 1637 509 1659 τι
533 1615 738 1660 ἀκανθῶδες
757 1617 977 1659 Ἀπόλλωνος
997 1614 1094 1661 ἴδιον,
1135 1617 1178 1656 ὥς
1202 1618 1363 1670 {wega-oq
1383 1621 1414 1656 ἐν
1441 1622 1546 1672 τρίτῳ
1569 1619 1636 1658 τῶν
1656 1617 1702 1658 εἷς
1715 1625 1791 1660 Μᾶ-

29 1673 123 1710 σαῖἲεν
147 1670 421 1724 οἱναφεξσμέιων.

70 1755 224 1790 Tluogonia.
303 1742 505 1789 Tneogom‘a,
539 1755 641 1791 quam
667 1753 834 1778 memorat
854 1743 998 1777 Laertius
1020 1743 1053 1775 in
1072 1742 1272 1790 prooemio,
1309 1749 1406 1788 atque
1433 1749 1468 1775 vt
1491 1738 1641 1776 Meurfio
1663 1738 1791 1776 videtur

292 1796 541 1843 Harpocration
571 1805 602 1829 et
631 1793 744 1830 Suidas
772 1798 805 1830 in
824 1795 974 1838 Μελίτη.
1036 1792 1130 1828 Idem
1153 1790 1282 1828 Musaei
1304 1805 1387 1840 opus
1409 1802 1491 1842 puto
1516 1790 1629 1842 respici
1653 1793 1692 1828 ab
1713 1794 1793 1828 Era-

30 1845 180 1882 tosthene
202 1860 272 1896 cap.
295 1859 340 1890 13.
394 1843 612 1882 Catasierisin.
645 1846 758 1894 [Idem
780 1845 937 1897 respicere
954 1846 1094 1881 arbitror
1119 1845 1259 1892 Pausian.
1280 1847 1375 1880 Attic.
1400 1859 1471 1895 cap.
1489 1857 1532 1890 ¹4·
1554 1860 1586 1895 p.
1602 1857 1652 1890 34.
1676 1842 1730 1881 sed
1751 1844 1793 1881 de

31 1903 100 1934 eius
124 1898 188 1935 fide
219 1898 352 1935 dubitat.
376 1899 493 1944 Hui-L]
570 1902 619 1934 Ex
641 1899 760 1936 eodem
778 1903 877 1949 petita
906 1898 1058 1934 videntur
1084 1899 1280 1939 Lambeeio,
1306 1910 1389 1946 quae
1420 1896 1462 1934 de
1488 1896 1612 1934 duabus
1641 1900 1792 1944 ’γενέσεσι

30 1953 161 1992 Μεσεῖἷν
185 1949 312 2001 profert
337 1951 532 1987 scholiastes
553 1952 725 2001 Apollonii
749 1952 873 1989 Rhodii
896 1951 937 1987 ad
962 1952 1029 1986 Lib.
1046 1953 1100 1986 ΙΙΙ.
1155 1949 1256 1986 Addit
1277 1951 1421 1986 Laertius
1436 1948 1614 1987 Musaeum
1636 1949 1793 1995 docuisse,

34 2001 164 2055 ἐξὲνὸς
187 2003 238 2044 τοὶ
265 2001 382 2045 ποὶνἿοι
404 2001 548 2052 Ὑιίνεεθοι]
573 2021 631 2052 Qu
655 2003 701 2044 εἷς
720 2003 852 2045 ταυτὸν
875 2000 1090 2051 οἱνοιλύεθοᾳ-

69 2095 234 2130 Titmiogra-
297 2085 576 2134 Τιτανογςοιφιά
594 2080 649 2127 f),
683 2088 774 2120 cuius
797 2083 919 2119 librum
948 2084 1081 2118 tertium
1104 2083 1179 2117 citat
1200 2079 1393 2117 scholiastes
1411 2079 1586 2130 Apollonii
1605 2082 1673 2118 Lib.
1693 2085 1747 2119 111.
1760 2081 1794 2115 Β)

29 2131 105 2166 μί’·
297 2137 450 2171 Recentis
471 2147 588 2186 poetae
609 2136 696 2173 Galli
718 2137 845 2172 Gucrre
867 2137 921 2173 des
947 2136 1066 2170 Titans
1083 2147 1205 2183 poema
1219 2162 1229 2176 ‚
1269 2133 1358 2169 velut
1380 2146 1419 2169 ex
1441 2131 1582 2170 Musaeo
1612 2146 1644 2171 et
1668 2133 1811 2172 Ouidio*

297 2187 523 2238 compositum
542 2188 685 2240 prodiit,
708 2189 821 2226 Leodii
840 2202 926 2234 1727.
946 2186 1010 2223 vid.
1027 2189 1133 2224 Mem.
1155 2185 1195 2222 de
1208 2187 1380 2223 Trevoux.
1403 2200 1430 2221 a.
1453 2198 1533 2231 1727
1547 2201 1580 2238 p.
1596 2191 1689 2235 1698.

1652 2249 1795 2295 Sphaera

70 2324 110 2365 s)
135 2327 180 2355 De
202 2325 440 2357 Titanomachia
463 2327 602 2363 Eumeh',
626 2327 685 2357 siue
708 2328 825 2357 Aretini
843 2325 887 2356 su-
983 2329 1026 2366 g)
1058 2327 1091 2354 In
1115 2326 1207 2355 tertio
1235 2325 1499 2366 Titanographiae
1529 2324 1609 2356 libro
1639 2325 1795 2357 Musaeum

33 2378 87 2410 pra
103 2379 164 2420 cap.
174 2379 200 2399 2.
215 2368 240 2410 §.
261 2383 289 2407 4.
337 2369 419 2400 Alios
438 2371 547 2420 de-hoc
565 2380 743 2410 argumento
765 2370 888 2412 scripto·
943 2378 980 2408 de
1001 2377 1118 2408 Cadmo
1141 2377 1229 2417 egisse
1244 2400 1254 2415 ‚
1284 2387 1386 2409 narrat
1412 2378 1546 2410 Eudocja
1568 2381 1601 2410 jn
1621 2378 1704 2415 xum}
1728 2388 1795 2421 pag,

35 2422 81 2442 res
105 2413 176 2442 vide
195 2412 338 2464 Vlaudatos
362 2414 398 2443 ad
422 2415 514 2445 Ouid.
531 2417 654 2446 Metam.
671 2418 708 2445 V.
732 2425 789 2452 32¹·
815 2424 887 2445 tom.
942 2437 1007 2468 248-
1031 2430 1127 2462 Harl.

32 2463 61 2485 2.
86 2466 151 2497 pag.
163 2468 228 2494 340.
253 2459 326 2489 edit.
343 2460 507 2489 Burmann.

82 2507 151 2540 Vol.
177 2509 206 2541 I.
1288 2501 1348 2549 Q
