2183 2747
91 136 156 167 Vol.
169 135 190 165 1.
214 144 238 172 r·
256 137 387 171 wrm
708 134 897 174 HESIODI
925 134 1221 173 THEOGONIA.

1475 136 1548 175 Lib.
1560 138 1607 175 II.
1621 148 1684 179 as.
1788 150 1846 191 585

95 233 329 308 nosszygnz:
404 233 477 269 XV.
503 230 595 269 Nihil
616 245 695 269 vero
718 231 808 269 aliud
830 231 1013 283 significare
1035 231 1189 268 videntur
1211 243 1358 268 veterum
1374 231 1600 282 Genealogiae
1622 248 1659 270 ac
1680 236 1846 288 Theogo.

93 314 157 338 niu
198 318 223 338 u
248 312 329 346 scopo
355 289 448 330 niae,
469 285 582 336 quales
604 297 732 335 practer
756 285 944 322 Hesiodum
966 281 1162 335 scripserunt
1184 285 1298 321 Abaris
1313 283 1380 327 Μ),
1422 283 1579 322 Musaeus
1595 291 1653 333 ²⁴),
1670 291 1843 338 ’Μητρογ-

88 351 262 387 fineibmqn·
277 352 330 378 He·
355 338 413 376 des
430 338 633 375 Atheniensis
642 334 682 370 ff)
695 367 702 380 ,
729 341 882 389 Orpheus
896 337 944 371 ¹³)
959 338 1118 382 Aristeas,
1144 337 1358 388 Epimenides
1373 335 1441 381 Μ’),
1466 341 1639 388 Antiphon
1654 338 1706 384 ¹¹),
1737 344 1842 380 Heca,

91 391 203 423 studea.
356 403 426 428 teus
441 389 505 439 ⁴¹),
530 389 672 427 Andron
689 389 744 440 ¹¹),
771 389 1010 428 Dromocrides
1023 394 1086 437 ’””“)
1097 421 1107 438 ,
1135 390 1296 426 Aemilius
1313 391 1371 438 [ff]
1386 392 1503 427 Macer
1516 394 1562 437 Μ’)
1573 418 1582 433 ,
1606 395 1753 444 itemque
1775 397 1842 439 alii,

97 445 179 482 nihil
204 449 340 496 inquam
363 443 516 481 videntur
538 443 722 494 significare
743 443 850 487 aliud,
882 458 984 495 quam
1009 441 1298 493 Cofinogoffiam,
1323 446 1544 493 φυσιογονῖαν
1569 458 1606 480 ac
1629 448 1843 497 Geogoniam

98 495 217 534 fabulis
232 501 369 549 poeticis
381 498 635 539 obumbratam,
660 507 694 532 vt
709 498 797 534 κᾶε
814 494 1025 533 obseruatum
1042 496 1087 532 est
1107 495 1291 533 acutissimo
1313 494 1518 547 Philosopho
1541 497 1681 534 Thomna
1699 502 1843 539 Bur-neto

97 553 133 587 in
157 550 397 600 Archaeologia
420 548 651 601 philosophica
675 564 749 600 pag.
764 562 837 597 297.
861 563 925 596 399
942 547 985 600 sq.
1012 559 1045 585 et
1068 552 1102 585 in
1116 551 1243 586 theoria
1265 549 1390 585 telluris
1405 549 1459 586 lib.
1478 551 1516 585 11.
1538 564 1609 600 cap.
1627 565 1657 597 7.
1684 553 1735 588 vbi
1761 557 1844 592 inter

97 604 159 640 alia
176 602 292 640 locum
312 602 475 652 insignem
498 606 532 638 in
552 603 778 653 Aristophanis
801 604 913 639 auibus
937 615 1011 652 pag.
1028 614 1096 649 395.
1122 601 1199 638 edit.
1215 603 1355 638 Froben.
1385 600 1516 640 confert
1536 616 1613 639 cum
1638 607 1776 655 Orpheo
1799 619 1845 646 at-

97 669 162 707 que
184 655 344 693 Hefiodo.
384 658 558 705 [compara
583 666 696 691 tamen
721 657 836 705 Heyne
857 658 891 692 in
912 651 1046 690 Excurs.
1064 657 1086 691 1.
1109 653 1149 690 ad
1171 657 1267 704 Virg.
1292 657 1373 691 Aen.
1392 656 1431 691 11.
1456 668 1532 704 pag.
1552 659 1616 697 263
1637 655 1707 708 sqq.
1747 671 1778 696 et
1809 664 1843 699 in

99 708 252 747 Biblioth.
268 707 327 746 der
339 709 427 746 alten
437 710 548 745 Litter.
565 707 633 746 und
643 707 746 745 Kunst
762 710 787 746 1.
796 721 874 760 pag.
891 719 930 755 45
947 705 992 759 sq.
1007 705 1098 745 Ined.
1115 707 1233 755 Har1.]
1263 706 1358 746 Adde
1366 708 1576 759 Simplicium
1586 707 1626 746 ad
1643 722 1669 754 3.
1684 710 1724 748 de
1734 714 1843 759 coelo,

1664 776 1850 805 COmmeut·

143 889 197 926 dd)
219 890 320 921 Suidas
336 889 501 931 in'Assupu.
523 890 649 924 Fabric.
680 891 716 922 cf.
739 888 944 932 Caerottfr.

98 933 210 976 Zaigfii
226 934 297 977 disp.
314 935 349 966 de
365 936 501 966 Abaride.
527 937 650 978 Lipsiae,
675 939 761 975 1706.
783 935 880 967 Harl.

138 1004 182 1036 ee)
205 1000 338 1029 Laertius
360 1001 390 1029 in
412 1001 580 1041 prooemio.

134 1062 185 1106 ff)
209 1064 303 1101 Vide,
331 1075 405 1106 quae
426 1067 485 1095 viri
504 1065 584 1095 doffl
608 1070 712 1095 notant
734 1062 771 1094 ad
793 1064 945 1094 Laenium

94 1109 124 1139 in
142 1109 324 1144 Pherecydc,
346 1117 374 1139 et
394 1108 511 1140 Suidam
528 1111 558 1138 in
571 1104 723 1148 Φερεκύδης.
761 1107 842 1138 Idem
857 1118 944 1149 opus,

95 1155 125 1182 ni
143 1151 240 1188 fallor,
262 1152 415 1193 respicitur
431 1153 467 1182 ab
482 1153 669 1183 Eratosthene
684 1154 713 1181 in
722 1150 943 1188 emanti-isnin,

96 1195 252 1226 scholiam·
270 1199 412 1231 Homeri,
437 1198 622 1232 Germanici,
647 1195 765 1226 Pindari
780 1202 808 1225 et
821 1194 942 1236 Apollo-

96 1242 155 1275 nii,
187 1239 304 1279 quando
326 1239 520 1274 Pherecydem
542 1239 670 1270 laudant.
709 1238 800 1278 [conf.
818 1241 942 1269 omnino

95 1283 195 1314 Stin-z
211 1286 240 1311 in
260 1285 437 1320 fragmentis
454 1284 627 1318 Pherecydis
644 1291 671 1313 et
687 1283 794 1323 Heyne
809 1282 844 1312 ad
853 1281 942 1324 Apol-

95 1325 191 1357 lodor.
208 1335 281 1367 part.
297 1329 346 1357 111.
363 1338 390 1368 p.
407 1337 464 1364 992
478 1326 538 1368 sqq.
554 1336 582 1357 et
596 1327 696 1368 paffim
711 1328 742 1357 in
756 1328 835 1357 notis
849 1337 881 1357 ac
898 1329 941 1357 in-

95 1370 159 1400 dice
186 1369 358 1411 scriptorum
383 1371 411 1400 h.
440 1382 468 1400 v.
507 1370 616 1408 Harl]

137 1446 199 1480 gg)
224 1441 268 1469 De
290 1439 344 1468 hoc
367 1437 429 1468 dixi
446 1437 531 1480 supra
548 1437 599 1469 lib.
616 1441 638 1469 1.
654 1449 716 1481 cap.
733 1449 774 1476 ¹9·

141 1503 194 1537 lili)
219 1503 295 1533 Vide
321 1502 356 1532 de
379 1501 559 1542 Epimenide
581 1501 666 1543 supra
689 1501 739 1532 lib.
762 1505 785 1533 1.
815 1513 877 1545 cap.
893 1504 944 1534 VI.

97 1547 124 1590 §.
148 1557 170 1583 3.
199 1556 227 1577 et
250 1547 284 1576 de
307 1545 430 1587 Aristeu
458 1545 508 1576 hb.
525 1548 547 1576 1.
577 1557 639 1587 cap.
656 1548 691 1576 11.
716 1544 740 1586 §-
764 1549 791 1576 6.
822 1546 945 1578 Fabric.

100 1592 136 1622 de
151 1593 205 1621 hoc
221 1599 248 1620 ct
270 1589 404 1632 pluribus
421 1598 555 1620 veterum
581 1589 838 1629 genealogiarum,
861 1591 946 1621 theo·

99 1638 253 1675 goniarum
276 1643 329 1663 etc.
353 1633 541 1675 scriptoribus
565 1632 650 1675 plura
669 1633 751 1664 dabit
772 1633 824 1665 cel.
838 1633 946 1676 Heyne

100 1679 120 1710 Ι.
136 1690 174 1710 m.
190 1686 264 1720 part.
280 1679 329 1708 111.
351 1688 415 1719 pag.
431 1686 605 1715 914—935.
633 1676 730 1709 Harl.

141 1745 177 1781 ii)
199 1747 334 1774 Irenaeus
355 1742 405 1773 lib.
420 1745 456 1775 IL
478 1754 520 1781 19.

145 1801 193 1837 kk)
217 1803 379 1832 Athenaeus
392 1801 443 1831 lib.
459 1804 510 1832 1v.
528 1803 652 1835 Fabric.
675 1802 857 1845 Stephanus
866 1804 948 1846 Byz.

103 1849 135 1877 in
148 1845 232 1881 &nois
250 1844 348 1874 laudat
369 1854 505 1885 quartum
528 1845 638 1877 librum
661 1847 811 1887 genealog.
832 1857 862 1879 et
883 1849 946 1880 De-

102 1891 231 1921 metrius
255 1887 290 1917 de
307 1886 413 1917 elocut.
430 1887 494 1918 sc&
512 1898 552 1918 ¹2.
568 1889 618 1920 dat
639 1891 797 1922 exordium
820 1891 948 1922 illarum.

102 1934 177 1964 adde
193 1932 277 1973 supra
301 1942 365 1972 pag.
385 1941 447 1960 201.
463 1939 523 1961 not.
543 1940 572 1962 et
592 1932 629 1963 de
651 1933 766 1964 duobus
785 1934 950 1966 Hecataeis

102 1977 267 2009 Casaubon.
284 1975 319 2005 ad
333 1975 513 2004 Athenaeum
535 1986 599 2017 pag.
617 1985 682 2013 ¹44-
699 1986 746 2013 54.
769 1976 864 2010 Harl,

148 2037 181 2072 li)
206 2034 300 2066 δεξιοὶ.
317 2034 467 2076 Apollonii
485 2037 506 2064 1.
523 2043 569 2071 45.
593 2035 704 2066 Confer
718 2037 949 2070 PLLindenbto-

103 2083 185 2121 gium
209 2079 244 2109 ad
269 2078 461 2110 Censorinum
488 2088 551 2119 pag.
569 2088 607 2114 33.
637 2078 760 2111 Fabric.
817 2081 950 2113 Andron

103 2121 356 2164 Halicarnasseus
372 2125 476 2152 citatur
490 2122 526 2151 ab
542 2122 669 2153 Eudocia
683 2134 711 2166 p.
723 2133 789 2160 439.
804 2132 832 2155 et
850 2127 874 2154 Ιν
889 2125 951 2154 ταῖς

104 2169 210 2207 &rofam
227 2167 361 2197 laudatur
375 2169 404 2195 in
421 2168 586 2196 Homericis
602 2165 690 2197 schol.
701 2169 857 2199 Marcianis
871 2169 950 2210 apud

105 2211 259 2243 Villoison.
278 2213 306 2240 in
322 2209 459 2241 Anecdot.
475 2220 517 2247 gr.
535 2211 570 2239 11.
593 2220 657 2251 pag.
673 2216 729 2247 185.
742 2220 805 2243 not.
834 2211 929 2245 Harl.

149 2271 228 2309 mm)
253 2269 383 2308 fulgent.
399 2271 436 2300 11.
455 2278 494 2306 ¹7-
519 2268 646 2303 Mythol.

150 2335 205 2365 nu)
229 2331 293 2361 Nisi
325 2328 402 2371 apud
433 2330 570 2359 Nonium
591 2340 652 2371 cap.
667 2338 708 2360 12.
729 2331 762 2362 in
778 2331 952 2371 picumnus,

109 2377 195 2415 (quae
209 2376 271 2403 auis
287 2374 326 2403 cst
342 2375 431 2403 Marti
447 2373 564 2408 dicata‚)
587 2372 742 2412 legendum
761 2374 952 2415 Ornithogo-

108 2418 182 2454 πίω,
211 2427 242 2448 vt
265 2417 330 2447 sane
352 2416 479 2447 videtur.
532 2417 642 2448 Confer
669 2416 735 2456 [ccl.
755 2418 952 2461 Wrrnsdorf.

108 2460 145 2491 ad
165 2469 264 2503 poetas
286 2460 334 2492 lat.
358 2463 466 2492 minor.
498 2468 568 2493 tom.
584 2463 636 2495 lv.
672 2460 842 2504 altenburg.
869 2468 950 2503 ⁸785·

155 2512 221 2545 Vol.
234 2513 264 2546 1.

996 901 1061 934 pag.
1081 896 1135 928 580
1151 890 1207 933 sq.]
1242 889 1436 934 Colomefium
1458 892 1495 923 ad
1515 892 1677 929 Gyraldum
1700 906 1765 938 pag.
1780 905 1843 938 217.

995 935 1078 966 Idem
1100 946 1128 977 p.
1145 945 1206 965 120.
1229 943 1310 965 notat
1326 934 1552 975 Cynaethonem
1569 938 1845 979 Lacedaemonium,

997 981 1080 1009 cuius
1105 982 1193 1009 etiam
1216 976 1378 1018 Ἡρακλείαν
1399 979 1497 1010 laudat
1518 981 1613 1011 Schol.
1628 982 1798 1024 Apollonii,
1821 988 1844 1017 1.

997 1035 1026 1053 v.
1048 1031 1122 1060 ¹357-
1147 1033 1207 1054 non
1235 1021 1448 1063 Theogoniam
1469 1022 1625 1066 scripsisse,
1658 1034 1690 1056 vt
1708 1027 1845 1061 adfirmat

999 1066 1177 1107 Gyraldus,
1202 1065 1284 1106 [dial.
1300 1066 1336 1096 de
1349 1069 1419 1097 vitis
1435 1075 1514 1109 poet.
1530 1078 1595 1109 pag.
1615 1070 1692 1107 120.]
1717 1069 1765 1100 sed
1790 1073 1844 1103 Te.

995 1111 1162 1151 legoniam.
1206 1112 1302 1151 Atque
1325 1112 1364 1140 ita
1387 1110 1504 1154 Voffius
1527 1122 1646 1153 quoque
1667 1123 1731 1154 pag.
1748 1124 1785 1150 13.
1808 1115 1845 1146 de

998 1156 1094 1196 poetis
1115 1157 1226 1193 graecis
1245 1164 1280 1184 ex
1303 1153 1419 1184 Eusebii
1442 1155 1552 1184 Chron.
1574 1155 1610 1184 ad
1629 1155 1747 1199 Olymp.
1766 1161 1801 1189 V.
1819 1170 1843 1195 3.

997 1208 1177 1239 quamquam
1197 1197 1352 1239 Meurfius
1366 1200 1417 1228 IV.
1439 1206 1479 1235 17.
1501 1197 1622 1228 Miscell.
1637 1201 1742 1231 Lacon.
1765 1203 1844 1244 apud

998 1243 1218 1277 Hieronymum
1246 1248 1274 1271 et
1299 1242 1466 1272 Marianum
1493 1243 1609 1272 Scotum
1635 1251 1718 1284 putat
1745 1244 1842 1285 legen.

997 1285 1068 1315 dum
1093 1285 1335 1325 Genealogiam,
1365 1287 1433 1326 quia
1452 1283 1629 1327 Pausanias
1650 1288 1686 1325 [1.
1706 1299 1770 1329 pag.
1787 1300 1842 1327 ¹¹9·

999 1329 1074 1359 adde
1097 1328 1170 1359 ibid.
1192 1339 1258 1371 pag.
1274 1337 1326 1364 15¹.
1351 1327 1432 1359 Mess-
1447 1339 1512 1371 pag.
1530 1335 1593 1362 282·
1608 1338 1637 1360 et
1657 1333 1742 1370 707.]
1759 1334 1842 1364 testa.

997 1380 1057 1410 tur,
1074 1383 1141 1402 cum
1158 1372 1348 1408 γινεαλογῖἱση
1362 1373 1443 1401 ἵησι.
1488 1372 1542 1402 Sed
1565 1374 1622 1403 hoc
1637 1376 1724 1404 etiam
1740 1377 1770 1406 in
1790 1377 1846 1409 Te-

996 1416 1122 1457 legonia
1136 1415 1231 1446 facere
1247 1417 1354 1458 potuit.
1399 1417 1449 1454 [At
1471 1418 1548 1445 enim
1575 1418 1606 1447 in
1627 1419 1709 1448 Hier.
1733 1421 1842 1452 chron.

997 1460 1035 1490 ad
1051 1459 1171 1502 Olymp.
1185 1462 1237 1490 111.
1259 1462 1358 1501 potius
1376 1458 1586 1500 Theogoniam
1607 1460 1662 1491 esse
1688 1460 1844 1501 legendum

999 1514 1033 1534 ex
1062 1503 1134 1534 locis
1158 1502 1313 1534 Pausaniae
1333 1510 1427 1544 patet:
1463 1512 1550 1544 atque
1577 1506 1638 1534 eius
1666 1505 1844 1547 Tlieogonia

998 1547 1100 1578 eadem
1123 1546 1198 1583 fuit,
1231 1557 1306 1588 quae
1329 1546 1521 1586 Genealogia
1541 1557 1660 1589 quoque
1688 1548 1764 1580 dieta
1794 1552 1842 1582 est.

997 1593 1027 1622 Si
1042 1590 1151 1632 scripfit
1168 1590 1381 1630 Telegoniam,
1410 1589 1481 1619 haec
1501 1589 1614 1620 diuersa
1635 1590 1691 1621 fuit
1714 1604 1730 1622 a
1753 1594 1845 1626 leeo.

997 1636 1109 1676 gonia,
1132 1633 1193 1664 vid.
1213 1632 1247 1663 cl.
1265 1634 1384 1665 Heeren
1398 1633 1433 1662 ad
1450 1641 1534 1663 vetus
1549 1645 1682 1665 manner
1699 1638 1745 1667 in:
1767 1637 1842 1670 Bibl.

1000 1679 1053 1709 der
1072 1677 1149 1708 alten
1168 1679 1300 1709 Litterat.
1316 1676 1375 1707 und
1394 1678 1499 1713 Kuust,
1523 1686 1597 1718 part.
1611 1679 1662 1710 1v.
1687 1691 1716 1722 p.
1734 1689 1769 1719 57
1787 1681 1843 1725 sq]

1000 1723 1119 1754 Constat
1147 1730 1243 1752 tamen
1271 1719 1384 1762 alioqui
1415 1720 1612 1759 Telegoniam
1646 1722 1780 1765 scriptam
1806 1726 1843 1757 ab

1002 1766 1188 1806 Eugamone
1204 1765 1374 1805 Pyrenaeo,
1397 1774 1485 1805 quem
1497 1764 1611 1806 Aesopo
1628 1766 1780 1809 aequalem
1800 1767 1844 1800 fa.

1002 1812 1041 1840 cit
1060 1808 1208 1843 syncellus
1231 1820 1295 1850 pag.
1314 1818 1376 1844 239.
1402 1812 1484 1844 (¹91·)
1510 1808 1630 1841 Fabric.
1689 1811 1844 1854 Hierony-

1002 1863 1070 1884 mus
1092 1855 1121 1883 in
1135 1853 1245 1883 Chron.
1265 1852 1365 1883 Euscb.
1386 1851 1422 1881 ad
1437 1850 1556 1892 Olymp.
1575 1852 1650 1882 Lm.
1676 1853 1844 1895 Eugamon

1002 1896 1193 1937 Cyrenaeus,
1217 1897 1269 1937 qui
1288 1896 1481 1935 Telegoniam
1491 1893 1631 1937 scripsit,
1653 1897 1845 1940 agnoscitur.

1002 1941 1118 1982 Scripsit
1132 1939 1223 1970 libros
1239 1942 1274 1969 11.
1289 1939 1470 1974 Τηλεγονιάι,
1494 1949 1621 1978 quorum
1639 1939 1779 1972 summam
1794 1943 1844 1974 de-

1002 1983 1046 2014 dit
1070 1984 1200 2015 Proetus
1221 1986 1250 2012 in
1271 1982 1483 2013 Chrestomath.
1505 1984 1588 2012 cuius
1610 1982 1807 2023 fragmentum
1828 1998 1845 2018 e

1003 2027 1193 2058 cod.Veneto
1210 2027 1366 2056 exhibetur
1381 2036 1397 2055 a
1412 2024 1654 2069 cLSiebenkeefio
1671 2030 1716 2059 in:
1733 2029 1842 2062 Biblio-

1001 2072 1074 2102 thek
1094 2071 1147 2101 der
1173 2070 1249 2100 alten
1271 2072 1428 2099 Litteratur
1450 2068 1509 2098 und
1531 2070 1637 2107 Kunst,
1674 2073 1844 2113 Gottingae,

1003 2118 1083 2154 1786.
1105 2122 1178 2156 part.
1195 2117 1217 2144 1.
1242 2124 1305 2155 pag.
1321 2123 1359 2148 42
1375 2112 1434 2153 sqq.
1463 2122 1529 2142 cum
1556 2116 1632 2144 notis
1663 2114 1697 2145 cl.
1724 2119 1844 2152 Heynii.

1002 2159 1047 2190 Ibi
1063 2167 1161 2188 autem
1176 2157 1309 2187 scribitur
1318 2156 1528 2196 Eugammon.
1571 2158 1614 2187 Ab
1628 2158 1683 2188 hoc
1698 2161 1846 2200 integrum

1002 2201 1114 2233 librum
1135 2201 1170 2230 de
1192 2200 1382 2241 Thesprotiis
1411 2209 1446 2231 ex
1478 2199 1598 2230 Musaeo
1626 2203 1845 2246 transscriptum

1003 2244 1107 2281 fuifl‘e,
1130 2244 1231 2286 prodit
1253 2242 1386 2274 Clemens
1399 2242 1491 2274 Alex.
1514 2244 1619 2274 Strom.
1643 2256 1687 2287 pr.
1706 2255 1788 2278 etex
1810 2260 1846 2280 eo

1003 2287 1112 2330 Euseb.
1126 2290 1260 2329 Praepar.
1276 2289 1327 2317 Eu.
1344 2288 1378 2317 X.
1396 2296 1416 2316 1.
1439 2286 1487 2316 etsi
1502 2288 1532 2316 in
1554 2288 1609 2318 hoc
1626 2289 1848 2330 Eugrammon

1003 2331 1111 2362 editur.
1156 2329 1294 2362 Fabulam
1312 2329 1347 2360 dc
1357 2329 1516 2369 Telegono
1529 2330 1566 2361 ad
1578 2342 1707 2364 mentem
1723 2336 1846 2374 Eugam.

1003 2377 1100 2406 monis
1117 2373 1277 2416 expressam
1290 2374 1405 2404 videbis
1422 2373 1500 2416 apud
1510 2374 1632 2416 Hygin.
1646 2375 1704 2407 fab.
1715 2387 1776 2417 ¹27·
1793 2390 1845 2410 no-

1003 2426 1081 2450 tante
1117 2420 1255 2452 Hcynio;
1284 2417 1358 2450 adde
1381 2417 1503 2451 Fabric.
1535 2419 1620 2463 supra
1640 2422 1663 2454 Ι.
1684 2425 1727 2454 ι6.
1746 2433 1775 2460 4.
1798 2425 1847 2455 fin.

1002 2462 1097 2494 Harl.

1057 2508 1117 2543 Ee
1143 2519 1194 2544 ee
