2183 2747
51 102 115 129 ναι.
128 101 145 127 ι.
164 107 188 131 p.
203 100 233 130 ,γε
251 99 317 131 rw
798 88 1018 127 PERIPLVS.
1182 83 1258 119 Lib.
1277 84 1304 118 I.
1332 95 1354 117 c.
1376 81 1445 117 VI.
1780 80 1818 126 '41

57 135 321 149 -————-

70 211 165 239 Graeci
179 211 262 236 ,ωηε-
315 194 370 230 XI.
428 189 530 243 Qod
551 203 631 228 vero
654 189 781 227 Graeca
803 188 935 224 vrbium
958 186 1097 222 nomina
1123 181 1234 218 obiicit
1255 183 1304 216 vir
1324 175 1548 219 doc‘hffimus,
1581 174 1665 212 nihil
1687 188 1816 212 moror.

50 257 102 308 ἀα
121 248 244 315 ‘’⁰7⁰'‘
343 249 431 284 Nam
452 246 550 282 multi
573 248 639 281 iam
665 240 895 284 obseruarunt,
916 242 1057 276 nomina
1078 236 1215 272 barbara
1239 248 1257 269 a
1278 234 1411 270 Graecis
1426 260 1435 274 ,
1470 244 1548 266 cum
1571 227 1625 265 sua
1656 242 1728 265 rem
1756 229 1819 266 lin-

46 292 84 345 g
101 290 265 351 33νὶζὲἲῖ
342 314 408 350 gua
430 309 581 342 narrant,
618 295 800 347 saepiisime
819 309 890 331 non
915 292 1021 330 modo
1044 295 1077 327 in
1100 292 1263 326 Graecam
1290 286 1377 322 flecti
1404 285 1694 325 terminationem,
1735 285 1822 318 auri-

48 355 77 380 ri
91 355 249 386 furuerunt.
346 355 472 404 busque
493 355 617 403 graecis
642 347 914 390 accommodari,
948 343 1002 383 sed
1027 356 1059 382 et
1080 357 1143 395 pro
1165 346 1200 378 iis
1217 344 1342 378 Graeca
1364 337 1454 375 idem
1473 336 1688 386 significantia
1711 332 1823 372 substio

207 436 211 437 γ
347 410 404 447 tui,
457 406 542 443 Vide
563 407 722 442 Grotium
743 402 785 440 ad
810 398 926 439 Genes.
944 402 998 436 XI.
1015 411 1040 435 1.
1094 398 1259 434 Huetium
1283 392 1497 429 demonstrat.
1523 388 1684 439 Euangel.
1706 403 1738 440 p.
1748 395 1821 433 287.

49 467 124 504 288-
146 459 222 496 edit·
243 459 436 511 LipfienssS,
465 463 601 497 Petrum
625 462 765 495 Petitum
785 455 826 493 de
848 453 1077 493 Amazonibus
1102 465 1129 486 c.
1146 462 1192 494 41.
1226 450 1415 485 Iohannem
1442 443 1614 481 Clericum
1641 440 1752 478 Indice
1780 440 1823 479 ad

50 511 306 565 Philosophiam
326 515 460 551 Stanleii
479 513 695 556 orientalem,
730 509 895 548 vocabulo
922 508 1054 543 Hecate.
1107 506 1160 540 Sic
1185 504 1385 540 Ammianus
1406 496 1624 535 Marcellinus
1652 495 1823 532 lib.XXII.

49 580 78 603 c.
95 574 144 609 18.
167 568 219 603 vbi
239 579 409 605 memorat
428 565 554 619 septem
575 567 655 604 ostia
675 565 840 608 Danubii,
874 575 958 613 quae
977 574 1036 612 per
1049 559 1247 605 Scythicum
1260 555 1344 592 latus
1359 560 1540 602 erumpunt
1563 553 1596 585 in
1615 562 1725 593 mare,
1753 561 1826 585 non

49 621 208 668 Scythica
227 625 368 658 nomina
391 619 505 665 affert,
537 618 591 658 sed
615 624 676 663 ait,
714 616 745 655 se
765 617 821 653 illa
841 628 993 658 narrare,
1034 619 1070 648 vt
1094 614 1307 658 interpretata
1327 607 1411 656 fimt
1437 604 1588 641 uocabula
1614 603 1739 638 Graeco
1751 601 1825 650 ser⁴

50 687 150 711 mone.
206 678 265 711 Vir
287 673 438 712 summus
459 677 660 717 Bochai-tus,
699 675 756 723 qui
775 673 915 709 nomina
935 665 1025 718 apud
1044 668 1253 702 Hannonem
1277 663 1375 699 obuia
1396 673 1435 696 ex
1457 659 1638 694 Phoenicio
1666 654 1827 692 idiomate

50 726 191 764 illustrat
207 728 264 765 lib.
284 732 308 766 Ι.
343 731 518 773 Chanaan,
542 743 613 779 cap.
628 740 676 774 37.
698 739 769 763 non
789 726 855 761 hoc
874 732 1005 759 tantum
1020 722 1145 771 capite,
1174 715 1229 755 sed
1244 727 1276 754 et
1298 714 1373 751 alibi
1393 716 1427 748 in
1441 709 1630 748 doetiffimo
1652 706 1710 745 suo
1725 721 1828 759 opere

51 779 162 818 literas
186 786 369 819 nominum
392 785 603 819 Graecorum
631 794 702 818 non
722 792 798 815 raro
817 772 951 813 confert
976 788 1057 811 cum
1079 772 1182 810 literis
1209 772 1392 807 nominum
1419 766 1682 802 Phoeniciorum
1696 791 1707 806 ,
1747 774 1829 799 cum

52 831 142 871 forte
162 835 247 872 nihil
270 837 392 872 habent
411 849 492 872 curn
512 835 691 871 Phoenicia
709 833 826 881 lingua
845 829 1065 871 commercii,
1097 824 1157 862 nisi
1176 823 1268 875 quod
1288 836 1328 859 ex
1350 819 1406 856 illa
1428 818 1490 855 smt
1513 820 1547 853 in
1561 816 1714 865 linguam
1728 817 1831 852 Grae·

52 902 131 924 cam
150 888 315 976 terlanslata.
369 891 484 939 Itaque
497 892 607 941 potius
623 896 716 925 erant
735 881 942 938 quaerendae
956 894 1053 920 voces
1070 881 1268 918 Phoeniciae
1282 873 1431 916 eiusdem
1444 870 1706 923 significationis,
1727 880 1831 922 quam

54 954 159 978 carun
184 955 239 977 em
266 941 450 979 literarum.

94 1046 273 1082 Nonestapi.
325 1035 397 1070 X11.
452 1032 516 1069 Sed
537 1043 571 1069 vt
594 1031 635 1068 de
657 1034 830 1069 Hannone
849 1029 958 1066 dicere
983 1038 1164 1078 pergamus
1179 1053 1189 1068 ,
1222 1019 1260 1059 Is.
1280 1018 1412 1057 Voffius
1434 1034 1466 1070 p.
1484 1031 1527 1064 52.
1551 1013 1736 1053 Obseruatt.
1751 1014 1832 1050 Var.

57 1086 132 1109 ''m“
351 1085 597 1137 compendium
617 1095 749 1121 tantum
768 1083 889 1136 peripli
911 1086 979 1118 eius
1000 1076 1161 1131 superesse
1184 1076 1349 1117 affirmat,
1382 1074 1484 1110 multo
1511 1073 1592 1107 enim
1609 1068 1735 1104 auffius
1757 1067 1835 1102 olim

345 1139 466 1188 fuiſje,
507 1139 621 1174 exinde
643 1139 796 1186 colligas‚
827 1135 918 1184 quod
945 1134 1113 1180 complura
1135 1132 1226 1179 legas
1259 1140 1299 1163 ex
1324 1127 1381 1163 illo
1414 1125 1576 1174 defluum,
1617 1134 1699 1170 quae
1726 1127 1833 1156 tamen

58 1186 115 1225 boc
134 1195 276 1237 tempore
299 1193 332 1227 in
358 1192 414 1228 illo
441 1205 504 1228 non
524 1194 679 1227 inuenitis.
711 1232 713 1234 μ
743 1193 921 1240 Qaenam
946 1200 1027 1223 vero
1050 1184 1113 1222 fint
1133 1184 1190 1220 illa
1213 1180 1413 1232 complura,
1450 1191 1521 1214 non
1540 1174 1641 1213 addit.
1716 1175 1835 1223 Neque

57 1240 114 1278 illa
136 1256 276 1293 vsquam
299 1244 423 1282 exstare
441 1256 546 1297 puto:
584 1259 665 1281 nam
685 1242 778 1295 quod
799 1240 894 1279 Mela
915 1237 1082 1291 quaedam
1103 1234 1250 1288 profert,
1284 1248 1367 1284 quae
1390 1236 1424 1268 in
1443 1233 1616 1268 Hannone
1632 1241 1704 1264 non
1717 1225 1836 1276 legun.

57 1304 130 1337 tur,
163 1295 294 1333 Vossius
317 1297 384 1349 ipse
406 1302 440 1335 in
461 1302 548 1335 notis
569 1313 600 1349 p.
616 1310 685 1343 305.
709 1294 880 1338 obseruat,
908 1307 988 1331 eum
1010 1305 1073 1327 non
1094 1302 1191 1326 vnum
1205 1288 1302 1336 sequi
1324 1287 1540 1327 Hannonem,
1578 1282 1636 1326 secl
1662 1280 1736 1316 illos
1759 1291 1837 1327 quo.

55 1359 118 1397 quc
133 1347 291 1394 Graecos,
311 1355 367 1400 qui
381 1353 557 1388 Hannonis
572 1351 835 1399 periplwm'(non
854 1347 912 1396 [if]
928 1344 1124 1396 singillatim
1138 1338 1374 1391 interpolando
1390 1348 1421 1374 et
1436 1333 1677 1385 interpolatum
1691 1329 1837 1376 edendo,

57 1398 114 1439 sed
137 1405 205 1439 eius
226 1407 468 1443 narrationibus
493 1405 557 1443 alia
578 1408 612 1442 in
632 1401 694 1441 suis
716 1401 840 1454 scriptis
866 1396 1122 1449 adiungendo,)
1157 1396 1258 1430 variis
1278 1394 1492 1440 inquinarunt
1507 1387 1654 1436 fabellis.
1709 1386 1762 1422 De
1786 1398 1837 1421 ce-

57 1464 131 1492 tero
151 1453 259 1494 fateor
278 1459 414 1496 nullum
437 1474 493 1496 me
514 1462 688 1510 Epitomes
710 1460 745 1494 in
763 1456 833 1500 illa,
853 1452 983 1492 tametsi
994 1453 1099 1494 breui,
1123 1449 1304 1486 Hannonis
1326 1446 1516 1481 narratione
1529 1439 1706 1489 vestigium
1723 1437 1840 1488 depre-

58 1508 221 1554 hendere,
257 1525 360 1561 quam
378 1516 414 1550 in
431 1513 561 1563 templo
585 1513 736 1555 Saturni,
775 1509 904 1551 tabula,
932 1517 967 1543 vt
986 1506 1143 1545 coniicio,
1163 1496 1353 1552 suspensam
1373 1511 1444 1535 non
1464 1497 1564 1532 nimis
1587 1491 1757 1544 prolixam
1774 1487 1840 1528 esse

60 1568 220 1614 oportuit.
276 1566 385 1604 Plinio
415 1581 487 1603 non
514 1564 701 1617 inspecium
727 1561 791 1601 esse
814 1562 995 1600 Hannonis
1019 1555 1191 1607 Periplum
1207 1555 1351 1590 coniicio
1369 1565 1409 1587 ex
1429 1552 1479 1585 his
1504 1551 1572 1583 eius
1595 1546 1700 1582 verbis
1730 1544 1785 1581 lib.
1795 1546 1838 1580 V.

59 1629 90 1652 c.
107 1630 131 1654 ι,
193 1618 303 1656 Fuere
325 1627 358 1656 et
381 1621 557 1656 Hannonis
578 1615 898 1667 Carthaginienssum
928 1613 1035 1649 Ducis
1059 1608 1297 1652 commentarii,
1336 1604 1474 1639 Punicis·
1494 1601 1590 1636 rebus
1603 1598 1839 1648 florentiffimis

58 1669 231 1716 explorare
253 1675 408 1709 ambitum
429 1672 568 1722 Afiicae
590 1673 674 1719 iuffi,
709 1683 801 1720 quem
815 1669 922 1717 secuti
945 1666 1091 1713 plerique
1113 1676 1128 1698 e
1149 1661 1285 1697 Graecis
1306 1656 1482 1704 uestrisque
1505 1660 1537 1689 et
1554 1652 1619 1688 alia
1642 1651 1767 1700 quidem
1778 1650 1839 1698 fa-

61 1723 176 1771 bulosa
197 1732 227 1760 et
250 1730 343 1762 vrbe,-
365 1727 485 1763 multas
509 1729 548 1762 ab
572 1739 605 1762 eo
631 1724 777 1761 conditas
800 1724 843 1758 ihi
862 1719 1060 1768 prodidere,
1085 1726 1223 1764 quai-um
1246 1724 1299 1748 uec
1321 1710 1474 1746 memoria
1496 1706 1563 1742 vlla
1585 1717 1640 1740 uec
1668 1702 1839 1751 vestigium

61 1783 166 1815 extat.
219 1781 446 1831 Qaecunque
471 1783 572 1830 igitur
590 1778 665 1816 alibi
687 1792 727 1814 ex
748 1778 921 1813 Hannone
941 1768 1072 1824 profert
1089 1768 1231 1807 Plinius,
1269 1778 1340 1800 non
1360 1776 1401 1800 ex
1420 1757 1491 1811 ipso
1511 1760 1700 1799 Hannone,
1729 1753 1784 1792 sed
1798 1767 1840 1794 ex

65 1830 293 1882 Xenophonte
313 1831 540 1884 Lampsaceno
561 1832 614 1869 vel
636 1832 706 1868 aliis
727 1832 860 1867 Graecis
880 1828 1045 1864 Romanis
1054 1837 1117 1874 que
1137 1818 1348 1870 scriptoribus
1370 1813 1495 1857 hausit,
1521 1814 1566 1849 vti
1588 1810 1721 1847 Solinus
1744 1808 1842 1847 effi.

63 1887 132 1920 ssiO·
188 1886 326 1923 Constat
349 1896 462 1922 tamen
485 1900 563 1923 cum
585 1899 624 1922 ex
645 1883 766 1923 eodem
779 1883 875 1919 Plinii
897 1880 996 1922 loco,
1024 1889 1097 1914 tum
1113 1890 1130 1912 e
1148 1872 1259 1916 Mela,
1283 1868 1358 1907 falli
1376 1864 1590 1909 salmasium,
1608 1877 1688 1900 cum
1706 1874 1841 1914 p21242.

67 1937 255 1975 Exercitatt.
277 1938 359 1975 Plin.
381 1937 541 1990 scriptum
561 1941 742 1975 Hannonis
766 1936 928 1973 veteribus
949 1947 1021 1969 non
1044 1924 1219 1966 innotuisse
1239 1934 1343 1976 putat.
1398 1924 1515 1972 Neque
1535 1929 1650 1955 tamen
1670 1931 1711 1954 eo
1733 1918 1769 1952 in
1787 1915 1841 1951 lo·

66 2003 108 2027 co
131 1992 308 2028 Salmasius
330 1993 497 2037 affirmat,
531 1995 632 2030 etiam
649 1989 709 2028 suo
731 2002 886 2041 tempore
908 1987 1087 2023 Hannonis
1108 1978 1276 2033 periplum
1298 1981 1333 2013 in
1360 1975 1473 2012 lucem
1498 1971 1655 2009 nondum
1681 1966 1843 2021 prodiisse

67 2058 129 2081 nee
148 2043 342 2090 innotuisse,
374 2057 409 2083 vt
428 2045 488 2097 ipsi
510 2047 659 2083 tribuunt
683 2044 725 2081 V
721 2044 812 2091 offius
832 2041 874 2079 ad
894 2039 1027 2078 Melam
1051 2053 1082 2089 p.
1098 2047 1171 2081 302.
1192 2043 1224 2070 et
1242 2029 1437 2070 Harduinus
1462 2025 1505 2064 ad
1531 2023 1705 2075 scriptores
1733 2036 1752 2058 a
1776 2021 1839 2058 Pli-

67 2101 125 2135 nio
145 2097 308 2136 laudatos.
364 2102 449 2137 Sane
469 2099 605 2151 quidem
629 2096 793 2135 eiusmodi
813 2093 958 2147 periplus
974 2092 1170 2131 Hannonis,
1197 2100 1266 2137 quo
1286 2084 1456 2133 nauigatio
1476 2094 1494 2117 a
1511 2076 1656 2116 Gadibus
1673 2075 1715 2113 ad
1734 2076 1841 2111 finem

69 2152 209 2189 Arabiae
227 2149 445 2197 describatur,
478 2163 512 2190 vt
535 2156 580 2189 ait
599 2152 730 2188 Plinius
749 2151 804 2187 lib.
818 2152 858 2186 11.
881 2163 908 2184 c.
923 2150 976 2193 67.
998 2144 1099 2182 hodie
1120 2154 1191 2178 non
1211 2149 1316 2177 extat:
1351 2150 1452 2178 narn,
1479 2146 1581 2184 quem
1605 2131 1784 2171 habemus,
1813 2131 1838 2162 is

69 2205 173 2254 longe
195 2208 276 2242 citra
305 2216 495 2243 extremum
528 2203 661 2243 Africae
687 2205 967 2255 promontorium
995 2195 1149 2234 consistit.
1204 2193 1320 2228 Scribit
1343 2201 1457 2227 tamen
1482 2187 1678 2222 Martianus
1704 2193 1839 2232 quoque

68 2258 212 2307 Capella?
227 2259 282 2295 lib.
298 2262 354 2295 VI.
375 2275 407 2310 p.
424 2273 494 2296 201.
518 2257 573 2295 sed
599 2258 695 2295 Plinii
716 2255 805 2293 haud
825 2254 923 2292 dubie
943 2252 1075 2301 vestigia
1103 2246 1230 2284 secutus
1246 2277 1257 2293 ‚
1291 2246 1519 2282 Hannonem,
1560 2237 1645 2274 dum
1674 2237 1838 2271 Punicum

69 2309 204 2349 floreret
225 2315 433 2363 Imperium,
461 2315 682 2350 Mauritaniae
701 2308 861 2352 circuitu,
886 2321 924 2343 ac
946 2304 1065 2343 dehinc
1087 2299 1266 2338 Meridiani
1288 2296 1391 2333 flexus
1405 2289 1542 2331 excursu
1560 2293 1594 2327 in
1615 2289 1753 2326 Arabiae
1775 2298 1839 2323 ter·

70 2367 181 2401 minos
200 2366 330 2416 prolixa
353 2365 541 2403 admodum
562 2368 776 2410 nauigatione
798 2356 991 2414 peruenisse.
1046 2352 1137 2408 Qid
1157 2354 1293 2403 itaque?
1326 2362 1368 2385 tm
1390 2347 1517 2384 eandem
1546 2345 1679 2380 itu-anit
1702 2342 1840 2392 nauiga-

70 2420 189 2453 tionem
210 2419 353 2464 Hanno,
388 2428 419 2456 et
441 2420 505 2456 alio
517 2407 671 2469 prodidit
683 2417 831 2467 scripto,
869 2413 959 2462 quod
981 2410 1086 2448 Plinii
1108 2420 1184 2444 aeuo
1213 2401 1398 2453 exstiterit?
1435 2399 1493 2436 An
1518 2405 1634 2434 temere
1658 2395 1696 2432 iel
1721 2392 1839 2482 effugit

117 2479 186 2514 Vol.
207 2480 238 2514 I.
1193 2459 1218 2497 F
1813 2457 1838 2480 ιε
