2183 2747
572 168 778 208 senona
811 167 909 206 Mss,
944 168 992 206 m
1024 168 1285 207 HOMERVM.
1415 167 1636 213 Lib..¹1.c.3.
1741 176 1806 213 ⁴05

56 268 114 304 m.
130 269 168 305 Y.
183 280 236 306 πο.
252 270 307 319 qui
322 266 366 304 est
381 264 448 318 ipse
471 265 578 304 codex
595 265 790 318 Augustini,
813 265 962 303 Fabricio
980 263 1141 302 laudatus,
1201 266 1250 301 Ex
1273 266 1338 302 hoc
1359 277 1425 314 ego
1450 262 1565 301 codice
1578 263 1800 314 'prooemium

50 319 207 371 descripsi
225 325 412 371 integrum,
439 334 581 370 quarum
606 318 782 370 specimina
804 315 937 356 sortass'e
960 318 1141 370 aliquando
1167 317 1256 354 dabit
1277 321 1357 355 haec
1383 316 1589 354 bibliotheca.
1644 316 1802 351 Contine·

54 384 109 410 tur
123 386 251 424 praeter
267 388 302 410 ea
319 376 353 409 in
368 371 466 410 codd.
486 372 562 409 bibl,
577 387 645 423 reg.
662 371 756 409 Paris.
772 374 867 417 ²64⁴·
885 383 968 418 2705
985 382 1015 409 et
1031 384 1130 416 2707.
1157 373 1284 407 Labbeo
1298 374 1367 407 iam
1382 374 1578 407 memoratis
1601 372 1632 404 in
1648 367 1725 404 Bibl
1743 381 1801 403 no-

52 441 93 463 va
107 428 205 462 MSS.
223 442 257 477 p.
276 439 338 465 110.
353 437 385 462 et
401 438 465 471 134-
520 429 574 463 An
591 440 629 462 ex
644 429 709 462 hoc
728 439 829 476 opere
845 422 994 461 desumta
1015 423 1095 468 fint,
1123 438 1206 476 quae
1229 422 1284 461 sub
1303 423 1399 461 titulo
1418 423 1667 471 Allegoriarum
1681 420 1802 469 mytho-

49 481 232 527 logicat-um
249 478 348 516 edidit
362 478 441 515 Fed.
457 479 645 522 Motellus,
668 479 822 516 nondum
835 481 996 528 comperi.
1046 479 1128 515 Sunt
1146 475 1254 514 versus
1277 479 1329 514 Li.
1346 489 1510 519 numero,
1534 479 1588 526 qui
1612 473 1652 510 de
1676 473 1800 522 allego-

52 534 100 568 ria
125 543 230 582 agunt
247 528 413 574 vniuerse,
439 531 561 568 eodem
584 543 693 568 metro
717 532 859 568 iambico
883 529 904 570 s
921 531 1083 581 politico,
1105 541 1140 568 vt
1161 529 1332 567 videantur
1355 528 1418 566 effe
1437 531 1673 579 prooemium,
1709 524 1799 576 quod

50 583 122 622 fiue
136 587 271 628 anfion
296 584 364 621 fiue
377 584 478 628 alius,
503 581 612 622 nescio
630 588 721 636 quis,
747 587 884 621 carmini
907 585 1067 634 praefixit.
1128 585 1167 620 In
1187 582 1262 620 cod.
1279 581 1432 621 Escurial.
1451 580 1564 618 saltem
1588 594 1659 617 non
1684 579 1800 628 legun-

50 648 115 674 tur.
126 642 143 659 ‘⁴
195 640 301 675 Porro
315 652 364 674 nr.
381 651 410 683 7.
437 666 453 680 ,,
465 638 568 673 Iliaca
582 637 649 675 siue
665 651 801 674 carmen
815 636 856 673 de
872 638 966 673 rebus
981 637 1159 679 Troianis,
1181 635 1322 673 versibus
1336 638 1552 677 hexametris,
1576 646 1716 670 omnem
1733 631 1798 667 bel-

50 689 74 728 li
91 691 235 727 Troiani
259 689 408 727 fabulam
431 690 635 740 compendio
657 690 889 740 complexum.
941 691 979 725 In
1003 687 1170 725 codicibus
1195 692 1282 725 varie
1306 687 1505 726 inscribitur:
1532 682 1798 723 vindobonensis

50 743 149 780 habet
163 741 302 784 Ἰωαὶννε
319 744 562 793 Ύροιμματικέ
573 745 621 784 n?
637 741 773 793 Τζὲτζε
796 739 845 782 τοὶ
864 739 932 794 ‘neo‘
955 738 1087 794 Ὀμῆξε
1108 759 1166 791 χρη
1183 738 1250 781 ἴσα
1271 744 1427 794 παρέχει
1441 738 1597 792 ’Όμηρος
1610 741 1717 789 μέχρι
1739 752 1798 784 »φα

49 797 113 839 τῆς
137 794 302 836 ἁλώσεως·
325 796 344 840 ἡ
364 793 473 848 μικροὶ
492 794 638 847 με’γοὶλη
663 797 700 845 (l.
728 792 987 848 μικρομεγσὶλη)
1003 793 1130 834 Ἵλιοις.
1182 795 1381 832 Matritensis
1403 797 1512 844 regius
1535 790 1643 833 Ἰωοὶν.
1667 807 1724 842 ‘ye-
1751 790 1800 830 τέ

49 847 112 897 T(-
134 846 420 900 ἧμικροὶἼλιας,
443 863 510 899 quo
528 851 645 885 Iliadis
656 862 782 896 paruae
802 852 941 886 nomine
964 848 1115 883 laudatur
1137 851 1235 883 etiam
1260 861 1277 883 a
1299 849 1430 884 Labbeo
1455 858 1488 883 et
1513 846 1593 882 aliis.
1646 844 1750 880 Pleno
1766 852 1798 879 ct

50 913 131 937 vero
148 902 244 938 titulo
262 899 444 938 inscribitur
461 905 493 937 in
508 904 678 938 Huetiano
696 901 829 941 codice,
855 903 915 949 (vti
934 901 1054 950 legitur
1071 904 1104 936 in
1118 900 1193 936 edit.
1210 901 1398 943 Schirachii,
1428 914 1465 936 cx
1481 898 1555 936 cod.
1573 896 1798 947 Augustano.)

51 952 224 991 consentit
242 954 352 990 titulus
369 958 449 1004 regii
467 953 701 998 Londinensis,
730 955 977 995 Pramum-ica,
1005 954 1179 988 Homerica
1193 963 1225 989 et
1239 952 1486 1001 Prsthomcrica.
1540 951 1668 988 Scilicet
1692 950 1797 985 conti-

49 1017 105 1042 net
120 1009 184 1042 hoc
199 1021 353 1050 carmen,
381 1005 541 1043 trifariam
557 1005 700 1043 diuisum
711 1035 720 1049 ‚
743 1015 843 1053 parte
859 1009 883 1042 1.
898 1002 950 1046 ταὶ
966 1003 1032 1056 ‘neo‘
1049 1002 1198 1055 Ὀμῆρε,
1222 1006 1486 1044 Anteliomericn,
1512 1003 1532 1040 s
1548 1001 1671 1040 caussas
1687 1012 1717 1038 et
1732 1003 1797 1037 ori-

49 1062 142 1108 gines
158 1059 233 1095 belli
251 1061 414 1103 Troiani,
439 1074 458 1095 a
472 1064 641 1096 natiuitate
660 1059 736 1095 inde
753 1058 895 1102 Pan‘dis,
921 1071 1021 1108 Vsque
1038 1058 1078 1093 ad
1093 1071 1219 1093 annum
1236 1059 1275 1093 X.
1290 1058 1387 1105 belli,
1414 1058 1465 1093 vbi
1488 1059 1602 1106 incipit
1625 1056 1699 1092 Ilias
1722 1055 1797 1090 Ho-

48 1115 150 1148 meri:
174 1121 270 1159 partc
284 1114 323 1148 11.
340 1111 392 1151 τοὶ
415 1109 546 1164 Ὁμήςε
570 1111 636 1148 fiue
652 1113 843 1154 Homerica,
869 1121 1067 1160 argumenta
1089 1112 1224 1146 xxun.
1247 1108 1500 1160 rhapsodiarum
1524 1110 1686 1145 Homeri:
1714 1117 1796 1153 par-

48 1171 79 1200 te
93 1166 150 1201 ΙΙΙ.
166 1162 216 1204 ταὶ
236 1162 494 1216 με9““ομηξον,
521 1179 570 1201 res
594 1164 635 1200 ad
654 1166 800 1200 Troiam
821 1163 944 1214 gestas,
972 1178 990 1198 a
1015 1175 1125 1199 morte
1150 1162 1226 1199 inde
1247 1165 1401 1199 Hectoris
1424 1161 1464 1198 ad
1490 1163 1574 1198 vrbis
1596 1174 1696 1211 vsque
1713 1161 1796 1195 exci-

46 1215 140 1253 dium
158 1229 190 1254 et
204 1217 346 1254 reditum
362 1220 568 1254 Graecorum
579 1245 589 1259 ,
613 1216 703 1267 quod
719 1216 763 1252 est
778 1227 1015 1265 argumentum
1031 1215 1312 1265 Paralipomenon
1327 1218 1439 1265 Qinti
1458 1216 1643 1261 Smyrnaei.
1660 1232 1711 1240 —
1733 1214 1796 1247 Ex-

47 1269 106 1306 stat
121 1272 185 1306 hoc
200 1284 335 1306 carmen
353 1273 538 1306 maximam
555 1281 684 1321 partem
701 1269 862 1306 ineditum
874 1283 884 1303 .·
912 1276 942 1312 i)
959 1272 993 1304 in
1009 1267 1082 1307 cod.
1096 1267 1279 1304 Matritenss
1301 1271 1412 1318 regio,
1441 1267 1515 1305 cod.
1531 1268 1599 1303 XX.
1622 1279 1690 1316 quo
1713 1277 1792 1300 cum

47 1322 116 1359 aliis
130 1325 319 1359 continetur
335 1326 513 1372 integrum.
539 1343 589 1350 —-
619 1320 784 1359 Versuum
801 1335 960 1358 numerus
977 1324 1010 1356 in
1023 1322 1186 1370 prioribus
1203 1321 1367 1371 partibus,
1393 1334 1472 1370 quas
1494 1317 1550 1356 sub
1573 1314 1718 1359 Ἰλῖοιδος
1739 1335 1793 1367 μι-

46 1375 134 1426 κςσῖς
150 1374 246 1411 titulo
263 1375 520 1426 comprehendit
542 1374 670 1419 codex,
695 1374 834 1411 traditur
848 1372 911 1411 effe
925 1382 1002 1420 897.
1021 1374 1369 1417 Posthomericorum‚
1395 1375 1468 1423 (qui
1493 1383 1604 1408 tamen
1632 1382 1792 1406 numerus

43 1424 144 1464 salsus
160 1427 237 1475 est,)
254 1431 328 1473 776.
356 1426 447 1465 conf.
467 1431 578 1464 Iriarte
595 1427 701 1465 Catal.
723 1443 754 1478 p.
771 1435 822 1470 82.
857 1449 910 1455 —-
942 1429 977 1473 2)
999 1430 1033 1462 in
1056 1426 1131 1462 bibl.
1149 1425 1345 1469 Bodleiana,
1372 1427 1446 1469 vbi,
1473 1424 1532 1460 nisi
1555 1437 1691 1460 carmen
1713 1425 1793 1458 inte-

0 1513 1 1524 ,
42 1492 162 1530 grum,
189 1478 303 1516 saltem
315 1495 389 1531 pars
407 1483 464 1521 ΙΙΙ,
487 1495 550 1531 qua
568 1479 641 1517 vsus
661 1481 706 1517 est
730 1479 952 1523 DodWellus,
978 1477 1042 1516 esse
1064 1478 1159 1515 debet
1180 1482 1324 1528 integr23
1357 1480 1391 1525 3)
1406 1482 1440 1514 in
1462 1481 1554 1527 regio
1578 1472 1792 1521 Londinenfi,

0 1543 2 1583 l
41 1534 301 1570 Antehomerica
316 1548 394 1570 cum
409 1532 551 1571 scholiis.
580 1533 645 1570 vid.
663 1534 769 1570 Catal.
786 1531 829 1570 of
838 1535 893 1570 the
909 1534 1006 1570 MSS.
1023 1529 1064 1569 of
1076 1534 1130 1569 the
1147 1535 1249 1581 Kings
1265 1533 1422 1577 Library‚
1447 1545 1478 1581 p.
1496 1544 1564 1577 257·
1590 1527 1664 1565 sunt
1677 1539 1790 1564 tamen

0 1586 3 1613 ἲ
40 1582 157 1621 saltem
172 1583 280 1622 versus
296 1599 370 1631 240.
431 1590 471 1634 4)
496 1590 531 1622 in
554 1586 629 1624 cod.
645 1587 859 1637 Augustmo,
885 1599 924 1623 ex
948 1599 1015 1634 quo
1037 1584 1132 1621 fluxit
1153 1586 1376 1635 apographon
1397 1599 1415 1619 a
1437 1583 1629 1618 Schirachio
1650 1579 1788 1617 editum.

0 1617 4 1663 l
41 1640 298 1690 Antehornerica
319 1639 394 1689 post
417 1637 497 1676 vers.
521 1653 572 1686 29.
598 1637 774 1683 lacunosa,
807 1650 872 1684 233.
893 1636 1001 1677 versus
1023 1639 1160 1682 habent3
1199 1640 1402 1680 Homerica,
1428 1649 1498 1672 non
1522 1637 1635 1670 minus
1659 1632 1788 1675 mutila,

40 1688 149 1727 versus
173 1704 239 1735 233.
293 1694 367 1728 Pars
392 1694 448 1728 111.
473 1692 571 1743 plane
595 1693 691 1728 abest.
716 1711 770 1720 —·
800 1697 834 1737 5)
857 1695 891 1727 in
911 1690 986 1728 cod.
1001 1690 1195 1727 Vindobon.
1216 1697 1291 1735 308.
1315 1687 1404 1739 apud
1424 1684 1606 1725 Neffclium
1628 1696 1711 1736 part.
1728 1686 1787 1720 lv.

0 1748 2 1786 ἴ
39 1745 106 1780 Hic
121 1758 138 1779 a
155 1744 221 1780 fine
238 1748 337 1794 partis
356 1748 476 1796 prioris
494 1744 608 1782 itidem
625 1744 851 1782 desiderantur
865 1744 993 1794 aliquot
1010 1741 1118 1780 versus
1133 1757 1211 1780 cum
1227 1753 1319 1794 parte
1333 1743 1373 1778 ΙΙ.
1390 1744 1515 1790 integra
1527 1769 1537 1784 ‚
1564 1740 1657 1776 nulla
1671 1749 1785 1774 tamen

0 1790 3 1834 ¹>
38 1800 73 1833 in
94 1795 206 1833 medio
231 1796 359 1833 lacuna.
412 1801 488 1834 Pars
511 1800 568 1834 ΙΙΙ.
589 1801 716 1848 integra
741 1806 818 1844 780.
844 1794 953 1834 versus
976 1797 1095 1847 explet.
1156 1798 1414 1833 Antehomerica
1444 1792 1518 1829 sunt
1547 1789 1701 1829 versuum
1725 1802 1786 1837 351.

0 1847 10 1890 il
41 1849 192 1900 adeoque
207 1847 323 1886 desunt
339 1853 373 1886 in
387 1851 454 1887 fine
470 1863 520 1897 59.
538 1848 667 1895 versus,
694 1865 779 1902 quos
793 1851 890 1888 habet
906 1850 1134 1900 Augustanus,
1159 1848 1225 1899 ipse
1240 1861 1352 1885 tamen
1369 1850 1404 1883 in
1424 1844 1537 1882 medio
1555 1844 1703 1881 mutilus.
1732 1862 1785 1870 —

0 1898 11 1957 {l
39 1904 208 1940 Lacunam
224 1901 297 1938 cod.
315 1903 496 1952 Augustani
513 1917 530 1938 a
545 1917 573 1941 v.
588 1916 639 1951 29.
654 1903 764 1955 explet
784 1905 884 1941 haec,
912 1917 1013 1954 quam
1034 1905 1109 1946 hic,
1135 1908 1183 1944 (n.
1202 1905 1235 1937 in
1257 1901 1336 1937 Bibl.
1354 1899 1412 1936 der
1434 1899 1522 1935 alten
1543 1900 1686 1934 Litterat.
1701 1896 1784 1942 etc.)

38 1955 215 2005 vulgamus
234 1955 411 2004 particula,
439 1970 456 1992 e
471 1954 544 1991 cod.
564 1953 727 1993 Caesareo
744 1953 903 2006 descripta
921 1971 939 1992 a
953 1956 993 1991 cl.
1010 1957 1153 1992 Heeren.
1204 1957 1303 1991 Nunc
1320 1956 1438 2002 igitur,
1465 1951 1488 1988 si
1510 1950 1610 1987 addas
1633 1962 1690 1986 eos
1711 1961 1782 1984 ver.

0 2023 2 2027 ’
34 2004 106 2057 sus,
129 2009 244 2058 quibus
263 2021 301 2043 ex
317 2008 512 2057 Augustano
527 2010 654 2046 auctior
667 2008 712 2045 est
730 2009 908 2045 Schirachii
927 2007 1046 2052 editio,
1074 2008 1318 2044 Antehomertca
1343 2009 1469 2055 integra
1493 2015 1607 2047 erunt,
1640 2000 1784 2038 versibus

37 2072 98 2106 410
123 2058 281 2097 absoluta.
334 2065 372 2097 In
388 2062 455 2097 fine
474 2064 562 2097 enim
578 2061 662 2098 nihil
676 2059 800 2109 deesse,
825 2060 924 2098 docet
938 2072 969 2098 et
992 2064 1145 2098 carminis
1168 2063 1201 2096 in
1224 2059 1299 2096 edit.
1317 2060 1547 2106 Schirachiana
1572 2053 1782 2105 subscriptio:

12 2152 15 2176 1
38 2115 140 2153 τέλος
154 2114 222 2152 τῶν
238 2109 306 2164 πζιό
322 2111 452 2165 Ὀμῆςε
468 2115 516 2154 ‘rix‘
530 2112 684 2163 Τζέτζε,
711 2125 744 2151 et
757 2117 945 2150 carminum
963 2116 1170 2166 Cypriorum
1185 2123 1434 2161 argumentum,
1460 2113 1494 2146 in
1507 2109 1586 2146 Bibl.
1604 2112 1656 2145 cit.
1671 2108 1738 2144 vol.
1754 2108 1781 2144 1.

13 2179 17 2220 ζ
35 2178 67 2216 p.
83 2169 135 2210 36.
152 2167 326 2216 vulgatum
343 2171 426 2203 inter
445 2166 567 2203 inedita
582 2168 701 2204 Procli.
727 2187 780 2194 --
806 2169 892 2203 Bene
908 2181 1040 2218 quoque
1055 2169 1210 2202 cohaeret
1224 2167 1358 2201 Tzetzis
1380 2167 1523 2199 narratio
1539 2166 1573 2198 in
1588 2162 1780 2198 Homericis

14 2232 17 2255 ι
37 2231 114 2254 curn
134 2219 199 2255 fine
215 2222 566 2256 Antehomericorum.
605 2220 703 2256 Deest
718 2223 817 2270 igitur
833 2234 922 2256 nunc
938 2221 1021 2256 nihil
1037 2231 1164 2269 praeter
1177 2221 1442 2254 Homericorum
1458 2217 1561 2252 finem
1579 2216 1618 2250 ab
1636 2212 1726 2250 iliad.
1741 2217 1780 2250 Σ.

16 2306 17 2322 ἦ
37 2272 139 2307 initio.
166 2292 217 2299 —
243 2269 427 2315 Versuum,
450 2275 506 2322 qui
523 2271 764 2315 desiderantur,
788 2287 826 2308 ex
841 2271 914 2309 cod.
934 2270 1117 2308 Matritenfi
1133 2269 1229 2307 facile
1245 2270 1289 2306 esi
1304 2273 1385 2306 inire
1399 2282 1591 2306 numerum.
1643 2268 1731 2303 Nam
1755 2264 1779 2300 fi

16 2326 201 2375 turiusque
248 2328 323 2361 artis
347 2323 455 2361 versus
478 2322 612 2361 fuerunt
636 2333 720 2371 897,
747 2322 912 2361 subductis
935 2337 996 2369 410
1020 2325 1378 2367 Antehomericorum,
1402 2320 1567 2373 sequitur,
1593 2321 1778 2356 Homerica

37 2371 130 2412 suiss‘e
143 2338 299 2414 verfiipum
318 2386 393 2423 487.
412 2390 556 2428 qnorum
573 2391 638 2414 221.
653 2378 801 2427 vulgauit
816 2379 1032 2413 Schirachius.
1086 2373 1213 2412 Desunt
1227 2379 1327 2425 igitur
1345 2379 1488 2412 omnino
1504 2372 1559 2410 vss‘.
1576 2375 1651 2408 266.
1675 2381 1708 2407 vt
1722 2368 1778 2406 ad-

34 2439 163 2477 pareat,
188 2432 221 2463 in
243 2435 396 2467 extremis
418 2427 600 2480 rhapsodiis
624 2429 720 2468 valde
742 2428 918 2468 verbosum
941 2427 1035 2466 fuisse
1058 2432 1326 2480 epitomatorem.
1378 2429 1524 2466 Vltimus
1541 2423 1650 2463 versus
1675 2423 1719 2460 ess
1741 2425 1777 2457 in

19 2479 104 2531 feod-
119 2482 246 2519 Matrit.

21 2609 28 2747 ,R

883 2551 1016 2598 Eee3
1689 2550 1776 2583 καλεῖ
