2071 2747
715 16 734 39 0

350 142 643 181 ORATIONVM
675 141 1011 180 DEMOSTHENIS
1046 141 1185 179 CODD.
1221 142 1361 178 MSSTI
1415 143 1487 182 Lib.
1501 144 1548 178 II.
1569 157 1591 178 c.
1609 142 1761 179 XXVI.
1816 149 1872 185 831

277 239 357 285 [De
372 239 518 288 epistolis
537 239 708 276 Demosth.
730 239 800 274 vide
819 237 910 288 supra
930 238 1000 274 Lib.
1014 238 1054 274 11.
1071 251 1098 272 c.
1113 239 1152 273 X.
1182 251 1283 284 iir.15.
1319 239 1397 278 vol,
1414 241 1436 274 I.
1459 253 1531 290 pag.
1549 244 1620 281 682.
1648 251 1678 276 et
1695 252 1775 289 quos
1794 241 1869 274 citat

123 290 256 340 Toylor.
275 294 308 326 in
327 292 577 341 prolcgmnenis
595 292 634 327 atl
655 293 928 338 Demosthenem,
953 306 970 326 a
989 291 1122 326 Reiskio
1139 289 1242 333 editis,
1270 294 1300 326 in
1318 293 1396 328 Vol.
1409 294 1495 329 VIII.
1512 303 1683 328 oratorum
1699 305 1806 341 graec,
1834 303 1866 340 p.

118 356 192 389 724.
219 344 458 382 Demosthenis
475 347 632 395 epistolae
651 348 791 381 citantur
808 348 842 380 in
862 356 966 380 vetere
983 343 1090 380 lexico
1113 342 1185 384 bibl,
1207 343 1348 381 Coislin.
1377 358 1450 395 pag.
1467 353 1540 394 483.
1568 345 1686 391 ΗΜΛ]

593 450 723 487 Codices
747 451 864 485 Mssti
890 456 919 484 et
946 450 1114 485 Editiones
1140 447 1374 496 Demosthenis.

218 531 378 577 [Codices
395 544 498 575 manu
513 543 662 567 exaratos
679 532 864 582 permultos
882 543 953 568 tum
967 531 1209 573 Demosthenis,
1224 541 1300 568 tum*
1312 529 1490 574 Aeschinis,
1519 535 1573 582 qui
1589 531 1660 582 posi
1675 541 1820 568 moitem
1835 535 1870 567 in

113 583 233 635 pluteis
251 582 439 633 scriniisque
454 587 718 631 coniuncliores,
752 600 852 634 quam
877 590 910 620 in
933 588 996 620 vita
1018 583 1170 627 fuerunt,
1199 587 1264 620 iam
1287 583 1500 622 contulerunt
1524 588 1650 634 praeter
1673 587 1868 621 Mammium

114 648 147 673 et
167 637 354 672 Moreiium
378 636 418 672 ad
442 637 622 672 editionem
647 639 873 680 Lutetianam,
901 638 1046 684 Taylor.
1066 638 1175 673 Reisk.
1194 647 1225 672 et
1240 641 1362 686 Anger.
1415 639 1544 672 Praeter
1566 652 1600 672 ea
1617 638 1762 683 Taylor.
1787 650 1868 687 quo-

112 703 339 739 rumcumque
356 692 509 724 notitiam
525 703 576 724 aut
595 694 802 726 mentionem
819 689 960 726 nancisci
976 693 1101 738 potuit,
1131 703 1187 726 eos
1211 703 1328 726 omnes
1353 687 1497 726 recenset
1512 692 1544 724 in
1569 690 1816 738 prolegomenis
1841 687 1867 725 s.

111 745 223 793 potius
242 742 381 777 illorum
399 740 612 791 fragmendx,
639 757 722 793 qnae
744 745 850 778 Reisk.
876 743 946 793 poll
971 743 1056 778 illius
1084 754 1231 778 mortem
1253 741 1354 778 edidit
1379 745 1412 777 in
1426 743 1496 780 vol.
1511 743 1598 777 VIII.
1616 754 1738 778 orator.
1756 756 1865 791 grace.

111 808 192 844 pag.
210 797 418 840 697-706.
476 797 586 830 Paucis
601 798 719 844 igitur,
747 810 786 831 ne
812 799 881 831 otio
902 807 931 831 et
948 797 1060 831 charta
1081 797 1278 838 abutamur,
1305 795 1399 831 nobis
1417 793 1588 844 expedire,
1611 805 1661 838 et,
1687 808 1768 843 quos
1788 792 1867 830 scire

112 849 225 889 iuuat,
252 851 343 883 cuius
359 849 468 883 aetatis
485 859 516 882 et
531 861 612 897 quot
630 860 659 884 et
676 862 753 898 quas
773 860 938 884 oratsones
963 847 1080 896 singuli
1098 847 1386 898 comprehendant
1401 847 1550 890 codices,
1579 860 1635 883 eos
1659 846 1699 882 ad
1721 850 1868 882 triumui-

110 913 167 936 ros
194 900 269 936 illos
296 900 445 935 laudatos
468 901 621 949 ablegare
641 901 728 937 licet.
782 903 875 950 Qos
899 900 995 937 codd.
1018 900 1164 943 Pariiin„
1201 904 1255 950 qui
1281 902 1360 937 0510
1383 897 1538 942 fuerunt,
1576 898 1725 935 adhibuit
1752 901 1866 935 Morc-

111 952 194 996 lius,
225 955 282 988 eos
310 953 456 996 Taylor.
481 956 513 988 in
537 951 673 1002 praefat.
696 952 736 989 ad
763 954 938 990 Dcmossh.
965 965 1046 988 tom.
1064 955 1120 989 III.
1142 951 1297 989 recenset.
1351 956 1479 988 Praeter
1501 966 1538 988 ea
1559 951 1614 988 ille
1631 950 1751 987 ibidem
1767 951 1867 987 codd.

113 1008 344 1049 Pannonium,
383 1007 555 1055 exemplar
579 1005 792 1042 admirandae
819 1007 998 1048 vetustatis,
1026 1017 1056 1041 et
1073 1006 1316 1055 Augustanum.
1340 1019 1486 1054 quorum
1512 1004 1670 1041 lectiones
1697 1006 1868 1049 Hierony-

110 1072 185 1094 mus
207 1058 354 1094 wolfius
371 1058 507 1101 adtulit,
534 1070 564 1094 et
581 1072 658 1101 eos,
686 1073 702 1094 e
721 1060 837 1108 quibus
851 1057 917 1108 ipse
932 1058 1076 1104 Taylor.
1101 1056 1272 1100 hauserat,
1307 1069 1362 1093 aut
1384 1057 1541 1094 lectiones
1568 1067 1750 1106 acceperat,
1775 1055 1867 1106 paul-

108 1111 146 1147 lo
165 1110 267 1146 fufius
289 1109 448 1147 defi-idm.
502 1111 564 1146 Sed
583 1111 812 1156 Taylorianae
836 1123 948 1147 tamen
973 1110 1152 1147 recensioni
1179 1113 1384 1146 mentionem
1411 1108 1659 1146 nonnullorum
1681 1120 1868 1145 msstorum

109 1163 314 1207 adjiciemus,
343 1175 374 1200 et
388 1165 529 1199 breuiter
546 1164 813 1211 enumerabimus
837 1164 986 1209 codices,
1004 1167 1038 1200 in
1057 1162 1191 1200 diuersis
1207 1164 1409 1199 bibliothecis
1425 1163 1574 1198 latentes,

213 1261 332 1296 Romae
354 1261 389 1295 in
411 1259 561 1295 biblioth.
579 1262 736 1296 Vaticana
759 1269 790 1296 et
815 1259 898 1296 olim
925 1262 1058 1308 reginae
1082 1262 1234 1302 Sueciae‚
1263 1258 1370 1294 modo
1395 1257 1523 1307 plures,
1556 1255 1664 1293 modo
1692 1259 1864 1306 pauciores

109 1316 275 1350 orationes
296 1323 327 1348 et
343 1313 498 1362 epistolae
516 1315 645 1349 iuntstae
659 1312 833 1348 Demosth.
849 1310 1068 1355 etAeschinis,
1088 1311 1254 1348 interdum
1268 1309 1398 1347 scholiis
1417 1311 1561 1360 stipatae,
1580 1313 1681 1346 etiam
1697 1307 1860 1345 versiones

107 1365 332 1415 quarumdam
350 1368 554 1406 orationum,
571 1379 673 1401 manu
688 1376 849 1408 exaratae,
866 1364 1106 1400 custodiuntur.
1150 1364 1379 1410 Taylorianae
1397 1366 1544 1406 notitiae,
1562 1376 1601 1398 ex
1620 1359 1862 1398 Montfancon.

80 1443 84 1445 <
106 1418 263 1454 Biblioth.
289 1439 338 1445 —-·
367 1429 550 1454 msstorum
578 1418 726 1459 haustae,
759 1416 857 1452 addas
884 1432 901 1453 a
922 1431 976 1453 me
998 1420 1032 1452 in
1054 1418 1245 1466 Prolegom.
1267 1415 1522 1452 introdtnstionis
1549 1418 1584 1450 in
1608 1414 1720 1450 histor.
1748 1416 1783 1449 L.
1801 1415 1858 1449 Gr.

106 1470 182 1506 edit.
200 1473 239 1506 II.
258 1483 333 1518 pag.
352 1472 398 1506 61.
416 1481 623 1506 memoratos
639 1469 735 1506 codd.
754 1473 786 1504 in
803 1470 950 1506 biblioth.
972 1471 1171 1512 Barba-ina,
1198 1471 1248 1513 (in
1261 1483 1326 1518 qua
1341 1471 1440 1504 etiam
1459 1465 1604 1504 seruatur
1626 1465 1864 1502 Demosthenis
1885 1488 1890 1491 <

105 1522 206 1560 editio
226 1536 310 1569 1549.
329 1530 358 1565 8.
375 1537 453 1567 cuin
467 1526 556 1558 notis
570 1525 704 1567 mstis.)
721 1525 885 1558 variarum
902 1532 997 1558 oratt.
1014 1520 1181 1558 Aeschinis
1193 1550 1202 1564 ‚
1230 1520 1462 1558 Demosthenis
1483 1531 1565 1556 orat.
1589 1519 1629 1555 de
1654 1532 1800 1559 corona,
1826 1520 1861 1553 it.

104 1574 146 1611 de
159 1575 341 1625 legatione.
366 1596 417 1603 --
441 1577 474 1610 in
491 1575 644 1612 biblioth.
661 1575 837 1623 Angelica‚
865 1574 1042 1612 Demosth.
1060 1577 1167 1610 variae
1182 1584 1279 1611 orntt.
1309 1593 1356 1602 —
1379 1576 1415 1610 in
1435 1573 1582 1609 biblioth
1604 1573 1773 1620 chigiano,
1794 1572 1861 1606 De-

103 1627 230 1665 mosth.
249 1639 347 1664 oratt.
364 1627 598 1674 Olynthiacae.

203 1724 392 1760 Florentiae
413 1727 447 1760 in
471 1723 621 1760 biblioth.
645 1726 798 1760 Laurent.
830 1722 908 1759 teste
930 1723 1109 1770 Raudium,
1145 1732 1229 1760 tom.
1247 1722 1269 1756 I.
1291 1720 1373 1772 plut.
1390 1722 1443 1758 IX.
1467 1719 1541 1757 cod.
1567 1720 1666 1757 XXX.
1690 1716 1855 1766 Dcmostfi.

103 1784 201 1812 oratt.
218 1786 282 1812 tres
298 1775 530 1822 olynthiacae,
557 1779 666 1827 prima
682 1777 864 1827 phiiippica
882 1785 914 1812 et
929 1775 970 1812 de
984 1790 1120 1813 corona.
1144 1797 1196 1802 —
1222 1776 1304 1824 plut.
1322 1777 1378 1809 lv,
1397 1772 1472 1810 cod.
1490 1774 1609 1808 XXIV.
1632 1786 1708 1822 pag.
1726 1784 1798 1816 547.
1823 1781 1856 1807 et

102 1827 181 1865 cod.
197 1829 346 1863 XXXIII.
364 1841 395 1877 p.
416 1841 481 1874 555.
495 1829 671 1866 Demoslh.
690 1840 772 1866 orat.
789 1827 944 1865 funebris.
975 1849 1023 1856 ——
1052 1839 1139 1864 tom.
1153 1829 1192 1862 II.
1218 1827 1300 1877 plut.
1316 1829 1399 1863 LVI.
1417 1825 1490 1863 cod.
1508 1827 1560 1862 111.
1584 1839 1614 1875 p.
1632 1837 1707 1872 299.
1733 1822 1854 1873 fragm.

102 1891 186 1917 orat.
200 1878 424 1918 Demossh.de
439 1878 520 1917 salsa
534 1881 721 1931 legatione,
749 1882 830 1931 plut.
849 1882 933 1917 LIX.
951 1880 1026 1917 cod.
1044 1883 1100 1916 lv.
1117 1893 1194 1930 pag.
1213 1893 1280 1926 490
1298 1877 1342 1929 sq.
1363 1876 1466 1915 sedec.
1487 1889 1581 1914 oratt.
1597 1876 1774 1913 Demosih.
1803 1896 1853 1903 —

102 1932 177 1970 cod.
194 1933 282 1968 VIII.
301 1947 332 1982 p.
349 1944 426 1978 494.
443 1944 540 1969 oratt.
555 1947 609 1979 29.
639 1955 689 1962 —
714 1933 788 1970 cod.
809 1935 863 1969 IX.
883 1948 914 1983 p.
931 1936 1008 1980 496.
1027 1935 1104 1970 odio
1121 1943 1216 1969 oratt.
1233 1946 1310 1969 cum
1327 1929 1467 1967 scholiis.
1500 1952 1552 1958 —
1579 1929 1653 1966 cod.
1671 1931 1707 1965 X.
1732 1930 1773 1964 ib.
1798 1941 1852 1964 act.

101 1996 198 2023 oratt.
213 1984 388 2022 Demossh.
414 2006 467 2012 —
493 1985 578 2034 plut.
591 1987 673 2022 LIX.
695 1986 770 2023 cod.
788 1987 875 2023 XIX.
892 2001 926 2036 p.
945 1989 1011 2032 535.
1031 1997 1127 2023 oratt.
1144 1998 1189 2030 23.
1209 1999 1285 2021 cum
1303 1985 1427 2020 libanii
1441 1986 1643 2032 argumentis
1667 1992 1696 2018 et
1720 1981 1851 2031 leiani

100 2041 136 2075 in
150 2035 276 2088 septem
293 2038 563 2074 enarrationibus.
591 2058 644 2064 ——
670 2037 742 2074 cod.
761 2040 864 2075 XXV.
880 2050 955 2088 pag.
974 2049 1048 2083 544.
1070 2048 1165 2075 oratt.
1180 2049 1223 2073 21.
1247 2048 1278 2073 et
1300 2039 1357 2073 vl.
1380 2036 1470 2087 epist.
1492 2034 1669 2072 Demossh.
1695 2055 1746 2062 —
1774 2031 1850 2070 cod.

100 2093 239 2127 XXVII.
255 2106 288 2141 p.
304 2093 376 2137 546.
395 2100 491 2126 oratt.
511 2103 556 2134 17.
576 2102 656 2126 cum
673 2091 796 2126 Libanii
813 2093 1030 2139 argumentis.
1054 2111 1104 2117 —
1131 2088 1206 2125 cod.
1225 2090 1342 2125 xxix.
1358 2101 1474 2138 p.549.
1493 2098 1557 2124 tres
1573 2098 1673 2123 oratt.
1695 2106 1747 2113 --
1773 2084 1848 2122 cod.

100 2145 251 2180 XXXIX.
268 2158 298 2193 p.
315 2155 379 2189 571.
395 2142 510 2178 decem
529 2153 624 2178 oratt.
652 2162 703 2170 —
731 2141 804 2178 cod.
823 2144 906 2178 XLI.
923 2154 986 2178 tres
1003 2152 1099 2178 oratt.
1116 2141 1294 2178 Demofih.
1319 2161 1369 2168 —
1397 2140 1473 2177 cod.
1491 2140 1606 2176 XLVI.
1622 2154 1653 2189 p.
1670 2150 1742 2185 577.
1766 2149 1847 2175 orat.

100 2196 142 2234 <Ie
163 2194 247 2232 falfa
271 2196 438 2244 legatione
464 2206 579 2231 contra
604 2192 814 2231 Aeschinem.
849 2215 902 2221 —-
934 2193 1010 2229 ibid.
1029 2193 1102 2230 cod.
1121 2195 1253 2229 XLVII.
1274 2191 1397 2243 septem
1423 2203 1518 2229 oratt.
1534 2191 1708 2228 Demossh.
1734 2213 1785 2220 -—-
1813 2194 1846 2226 in

98 2249 165 2285 vol.
180 2250 236 2284 111.
250 2248 334 2298 plut.
352 2249 422 2284 XC.
441 2261 475 2297 p.
495 2260 564 2294 419.
581 2246 655 2284 cod.
672 2248 759 2283 XVI.
777 2257 877 2283 oratt.
892 2246 1019 2282 decem.
1046 2267 1098 2274 —
1123 2245 1202 2282 ibid.
1218 2245 1293 2284 cod.
1311 2247 1409 2282 LXII.
1433 2259 1468 2295 p.
1484 2256 1563 2289 420.
1577 2243 1755 2281 Demossh.
1772 2242 1845 2287 (fit-j·

99 2311 181 2338 orat.
205 2310 321 2336 contra
344 2298 618 2350 Ctesiphontem,
642 2310 673 2335 et
691 2297 921 2350 fragmentum
946 2310 1030 2336 orat.
1055 2298 1097 2334 de
1123 2312 1258 2335 corona.
1320 2300 1449 2334 Citatur
1468 2311 1602 2348 quoque
1616 2297 1795 2334 Demossh.
1812 2298 1843 2330 in

95 2352 198 2391 florii.
218 2351 352 2389 sentent.
371 2363 455 2388 tom.
471 2353 493 2388 I.
511 2365 590 2403 pag.
605 2365 674 2398 253.
691 2363 725 2389 et
740 2365 818 2389 cum
833 2349 991 2388 Aeschine
1008 2356 1040 2387 in
1055 2351 1133 2388 viol.
1150 2348 1299 2401 compos.
1316 2349 1393 2386 ibid.
1407 2363 1483 2400 pag.
1503 2362 1581 2396 549.
1606 2370 1655 2377 —-
1685 2349 1843 2396 Aes-him..-

96 2405 253 2457 epistolae
272 2407 330 2440 IV.
346 2407 380 2440 in
395 2403 461 2441 vol.
482 2407 521 2441 II.
537 2418 613 2455 pag.
629 2416 693 2451 351.
710 2418 759 2441 nr.
778 2416 824 2452 19.
841 2415 905 2441 tres
920 2415 1014 2440 oratt.
1029 2416 1108 2440 cum
1126 2400 1256 2440 scholiis
1273 2402 1348 2439 ibid.
1364 2416 1438 2453 pag.
1457 2415 1526 2446 423.
1549 2416 1597 2437 nr.
1614 2408 1644 2444 8.
1666 2412 1698 2437 et
1717 2415 1748 2450 p.
1769 2411 1840 2443 444-

92 2472 143 2498 nr.
158 2471 189 2505 3.
216 2479 270 2489 --·
294 2459 404 2496 orado
426 2468 542 2495 contra
564 2456 815 2510 Ctesiphontem
840 2468 871 2494 et
885 2457 1044 2509 apologia
1071 2455 1112 2493 de
1133 2455 1261 2507 perfide
1284 2457 1371 2493 obita
1392 2454 1433 2492 ad
1458 2456 1650 2506 Philippum
1665 2453 1840 2502 legavfone.

1761 2517 1837 2541 Cum
