2183 2747
0 160 48 189 rot.
58 160 78 191 ¹.
88 161 175 196 260⁰
637 161 827 198 THESPIS
858 162 1094 200 TRAGICVS

0 194 176 211 ...ι-ο-

1274 162 1350 198 Lib.
1368 163 1414 201 II.
1428 175 1451 198 t.
1467 162 1581 201 XVI.
1687 169 1742 202 161

0 258 91 304 ξι’·ιὲθη
108 257 124 296 ὅ
140 255 276 310 τράγος
291 255 407 299 §Sasu
425 254 615 301 rmnnxc'rc,
635 253 829 307 ’Ἄρχοντες
844 254 1019 305 Ἀθήνῃσιν
1034 254 1184 299 'Anteia
1199 259 1247 298 τέ
1262 260 1423 310 πρστὲρες,
1451 261 1517 295 hoc
1535 259 1579 297 est
1596 259 1736 312 Olymp.

0 312 51 348 ,X-
72 325 102 358 4.
120 310 189 348 flue
210 314 293 349 Lxl.
312 326 337 348 1.
391 308 522 348 Confer
546 310 739 356 [Stantemm
758 314 792 346 in
810 313 872 348 vita
889 313 1022 350 Solonis
1038 326 1107 362 cap.
1125 313 1163 347 X.
1182 325 1258 362 pag.
1275 325 1314 359 50
1330 309 1391 362 sq]
1416 314 1596 364 Alcurfium
1619 317 1654 349 in
1678 317 1738 351 So-

0 473 58 506 lum
73 474 146 506 illud
164 474 220 515 legi
238 477 268 506 in
285 475 372 506 editis
387 482 481 515 negat.
506 474 663 506 Bentleius
679 476 709 504 in
725 472 834 516 Apolo-

0 522 34 556 ;ia
49 530 105 561 pro
122 519 184 551 diss‘.
199 520 234 550 de
251 519 386 561 Epistolis
403 519 563 550 Phalaridis
586 531 614 561 p.
632 529 690 554 23¹·
711 517 834 549 Fabric.

0 561 6 592 ἶ
30 562 186 594 secundum
220 566 493 605 interpretationem
519 563 667 603 Lennepii
704 561 834 598 latinam,

0 606 149 638 'hal-iridis
166 607 284 649 Epistol.
300 607 486 643 adiuuetam,
509 618 537 648 p.
553 615 726 644 130—174.
749 607 833 635 Bent-

0 653 38 681 eii
53 660 224 690 argumenta
242 654 421 681 examinauit
436 660 464 681 et
477 650 646 690 tragoediae
659 658 721 679 arte
736 648 832 678 excul-

0 705 34 724 ae
47 696 191 725 maiorem
208 695 259 725 diu
275 704 341 725 ante
358 694 542 736 Thespidem
558 702 683 724 aetatem
701 693 833 723 adserere

0 737 120 769 'amnuit
142 738 176 769 el.
201 741 241 770 Μ.
266 739 309 770 Io.
326 739 388 770 Iac.
404 738 496 769 Meno
522 738 648 774 Valett,
685 737 833 768 Hambur-

0 782 97 819 gensis,
118 785 149 813 in
172 785 208 814 11.
225 782 373 824 disputatt.
396 793 466 814 num
491 780 620 823 Thespis
642 780 833 820 Tragoediae

0 827 91 857 ιυᾶοι·
106 826 209 857 haberi
223 827 317 868 possit.
341 825 498 864 Erlangae,
523 832 600 864 1788.
621 835 650 861 4.
696 827 752 854 Hic
774 835 834 854 non

0 878 87 906 ucat,
109 881 228 900 omnem
244 872 394 901 historiam
410 878 438 900 et
461 869 689 899 controuerfiam
710 868 746 898 de
767 876 834 898 ortu

0 914 155 952 ragoctliae
168 914 302 956 persequi
320 923 348 944 et
363 923 534 952 argumenta
556 914 592 944 ab
606 922 730 954 vtraque
752 920 835 953 parte

0 957 102 988 ›rolata
118 968 250 1000 repetere
265 968 352 1000 atque
375 957 550 999 expendere.
597 958 676 987 Mihi
700 955 833 992 sufficiat,

0 1001 25 1031 le
39 1004 132 1032 initiis
150 1001 229 1032 illius
242 1013 332 1044 pauca
343 1025 352 1038 ,
375 1012 468 1042 eaque
487 1011 563 1042 quae
584 999 709 1030 meliora
726 1002 832 1030 certio·

0 1055 78 1088 aque
94 1045 250 1083 videntur,
273 1045 412 1084 colligere
428 1056 459 1074 ac
473 1044 593 1075 referre.
638 1046 743 1075 Omnis
767 1044 833 1074 dra·

0 1091 93 1120 natica
109 1090 220 1132 poesis,
241 1100 317 1131 quac
330 1101 346 1120 a
361 1089 569 1125 dithyrambis,
591 1089 649 1118 siue
665 1089 781 1123 hymnis
798 1086 833 1118 il—

0 1136 24 1164 'ts
39 1137 67 1165 in
90 1134 195 1164 Bacchi
215 1135 362 1164 honorem
385 1133 553 1163 vindemiae
567 1140 701 1174 tempore
716 1140 831 1161 cantare

0 1177 101 1213 blitis,
130 1180 276 1215 originem
298 1178 402 1213 duxit,
433 1177 611 1218 pedetentim
636 1178 712 1218 cepit
740 1177 833 1206 incre-

0 1230 87 1251 uenta
101 1230 128 1251 et
143 1221 179 1250 ad
194 1221 405 1262 perfefflonem
423 1222 557 1262 deinceps
573 1223 663 1250 venit.
706 1220 834 1255 Chorus,

0 1267 43 1306 gui
64 1264 162 1293 laudes
184 1265 288 1294 Bacchi
307 1267 462 1306 praecipue
491 1266 613 1300 cecinit,
644 1262 729 1293 valde
761 1266 834 1293 anti·

0 1317 84 1348 gnus,
110 1310 166 1336 iam
181 1307 292 1337 Thesei
313 1307 507 1349 probabiliter
527 1316 621 1338 aetate
635 1309 761 1343 exstitit,
786 1306 834 1337 scd

0 1350 152 1380 idmodum
172 1350 272 1387 rudis,
293 1360 322 1381 et
347 1352 572 1393 incompofltus‚
594 1351 631 1381 ab
653 1353 762 1381 Arione
783 1361 834 1380 au-

0 1403 51 1424 tem
72 1393 214 1436 aliisque,
243 1400 288 1427 (vt
309 1394 411 1436 supra,
434 1406 526 1436 quum
547 1394 583 1425 de
606 1394 706 1439 lyricis
722 1396 836 1433 egimus

0 1436 161 1482 praesertim
185 1438 220 1468 de
240 1441 348 1468 Aricne
371 1447 400 1468 et
419 1439 600 1475 Soefichoro,
622 1441 680 1468 iam
695 1441 837 1477 cognoui-

0 1489 79 1519 nus‚)
107 1481 212 1512 melius
242 1483 480 1512 constituebatur.
537 1482 760 1517 Turnemt'nus,
794 1484 836 1516 (in

0 1536 68 1557 roua
97 1526 167 1556 edit.
188 1525 258 1556 libri
280 1528 470 1562 Brumoiani,
506 1527 640 1557 The—atre
663 1525 713 1555 des
736 1528 838 1562 Grecs,

0 1580 22 1613 p.
37 1574 100 1607 45.)
115 1578 216 1612 putat,
239 1580 364 1599 mortem
381 1571 484 1599 Bacchi
501 1568 548 1599 seu
564 1570 687 1600 Osiridis
702 1580 755 1611 per
769 1571 836 1604 Ty-

0 1613 120 1656 phonem
141 1614 225 1643 occisi
248 1614 396 1643 interdum
420 1612 504 1643 fuiss‘e
527 1613 718 1647 celebratam,
755 1613 836 1654 quod

34 1659 89 1688 stea
102 1660 213 1696 tragico
227 1657 364 1687 dramatis
380 1665 553 1696 argumento
567 1657 735 1698 praebuerit
755 1667 838 1686 occa-

0 1668 112 1733 ἵζηται.
155 1703 215 1739 Qui
231 1702 338 1731 choros
362 1702 515 1731 Bacchicos
537 1700 719 1737 efficiebant,
741 1703 763 1730 ii
781 1703 837 1730 mi-

0 1746 45 1779 Ιίο
63 1745 91 1777 se
113 1746 297 1780 inficiebant,
328 1744 376 1775 vel
400 1743 529 1774 faecibus
553 1745 638 1775 rubri
656 1747 738 1781 vini,
762 1744 836 1779 (vid.

0 1786 109 1822 Horat.
123 1790 159 1820 de
176 1791 209 1820 A.
226 1791 255 1820 P.
271 1796 363 1827 ναῖς
373 1787 433 1830 sqq.
450 1788 485 1818 de
501 1787 665 1830 Thespide‚
686 1788 790 1819 Rbull.
800 1790 836 1819 11.

0 1840 72 1873 ¹·55·
92 1834 194 1876 ibique
218 1831 383 1863 Broukhus.
405 1842 434 1863 et
456 1835 578 1869 Heyne,
607 1831 648 1874 IJL
665 1830 836 1872 Casaubon.

51 1879 180 1913 Satyriea
204 1877 301 1912 Poefi,
324 1875 375 1906 lib.
391 1879 413 1907 1.
427 1887 489 1918 cap.
507 1886 542 1906 n.
562 1887 591 1918 p.
610 1886 633 1906 ιι
652 1875 712 1917 sqq.
736 1875 838 1917 ibique

31 1920 38 1925 ‘
73 1923 80 1928 '
150 1930 178 1951 et
193 1920 363 1955 Rambach.)
384 1919 461 1950 vnde
483 1931 590 1950 nomen
609 1917 755 1960 τρνγᾳδιάε
772 1930 839 1949 ena-

36 1962 42 1966 *
74 1966 123 1996 est.
168 1967 277 1996 Drama
297 1967 388 2002 igitur
410 1963 559 2005 quoddam
580 1963 654 2001 fuit,
682 1963 731 1994 sed
755 1963 838 1993 rude.

2 2002 123 2051 ”espis-
143 2010 256 2039 inuenit
278 2016 307 2038 et
327 2007 433 2038 adiecit
455 2005 615 2044 ἐπεισόδιον,
635 2009 664 2038 h.
680 2018 705 2037 e.
721 2008 839 2038 histrio-

0 2052 98 2087 uns.
113 2053 262 2088 morem,
285 2054 356 2092 qui,
379 2051 449 2082 dum
469 2052 576 2081 chorus·
598 2051 712 2093 aliquot
726 2051 840 2081 vicibus

0 2095 171 2173 gistau,
194 2107 247 2138 per
259 2095 414 2126 interualla
429 2095 558 2126 fabulam
578 2095 614 2125 de
635 2096 768 2131 Bacche,
791 2093 840 2125 vel

27 2140 37 2149 ⁶
70 2141 137 2177 deo,
152 2149 202 2171 aut
218 2141 309 2170 heroe
325 2142 477 2171 recitaret·‚
500 2150 586 2181 quae,
603 2151 693 2180 quum
711 2138 841 2181 plerum-

72 2183 146 2215 nihil
160 2195 226 2214 cum
242 2184 346 2214 Bacchi
369 2183 504 2214 laudibus
529 2184 650 2214 haberet
670 2193 838 2219 commune,

3 2228 11 2235 “
53 2238 177 2264 nomen,
213 2225 372 2263 ἐπεισόδιον,
406 2228 546 2258 obtinuit.
605 2227 735 2269 Thespis
766 2237 839 2257 vero

88 2294 100 2309 ,
120 2282 212 2314 quum
226 2271 329 2302 ludum
351 2280 450 2311 ageret
473 2270 492 2301 s.
509 2270 640 2301 fabulam
662 2270 741 2301 suam
755 2271 839 2301 doce-

22 2350 27 2356 .
54 2336 66 2352 ‚
85 2317 197 2358 primus
218 2315 333 2346 hircum
354 2317 465 2358 aceepit
484 2317 610 2357 praemii
633 2316 736 2349 instar,
760 2314 843 2344 dedit

110 2368 176 2390 uem
197 2361 325 2390 nominis
344 2359 540 2401 tragoediae.
585 2361 662 2390 Hinc
684 2358 842 2399 Diogenes

99 2427 106 2435 .
121 2404 174 2434 111.
188 2406 234 2438 56.
248 2402 366 2440 scribit,
389 2403 589 2442 tragoediam,
613 2403 672 2433 fine
685 2405 783 2445 potius
800 2401 841 2431 fa·

131 2444 165 2476 ro*
181 2444 313 2483 παλαιὴ,
330 2457 346 2477 a
360 2445 422 2477 solo
439 2448 532 2477 choro
546 2446 630 2478 fuiss’e
645 2448 750 2482 aftam,
765 2446 842 2488 post-

130 2512 142 2528 ,
166 2486 275 2532 ῧῖερη,
301 2499 402 2523 autem
423 2489 561 2535 Thespia
586 2489 729 2524 inuenisse
751 2499 844 2521 vnum

0 2558 2 2570 ,-
35 2537 117 2574 ²701.
130 2542 180 2575 II.

1656 366 1736 404 lone

889 475 1080 510 histrionem,
1103 482 1135 505 vt
1149 469 1421 506 chorus'interdum
1435 475 1637 517 requiesceret.
1682 477 1734 509 Ille

888 529 961 548 vero
983 518 1193 555 interlocutor,
1223 519 1304 561 quod
1329 530 1361 549 ea
1385 520 1518 556 dicebat,
1548 531 1624 562 quae
1655 522 1736 553 nulla

887 571 950 592 arte
977 563 1154 604 composita,
1187 562 1235 593 sed
1263 571 1491 605 extemporanea
1516 573 1615 601 erant,
1654 565 1734 595 αὐτο.

887 604 1088 642 σχεδιάσματκ
1105 605 1255 648 protulisse
1273 616 1300 637 ct
1315 607 1468 646 tragoedia
1482 606 1531 636 ἐπ’
1548 606 1635 649 cipp-15
1654 609 1734 640 αὖτο-

885 647 1048 685 σχιδιαςικὴ
1067 649 1161 680 sertur
1181 651 1217 680 ab
1243 651 1404 693 Aristotele
1425 654 1456 682 A.
1472 653 1500 682 P.
1524 653 1575 683 1v.
1598 656 1626 683 6.
1673 656 1734 685 Ne-

887 704 943 734 que
958 703 1055 724 tamen
1072 693 1121 724 illa
1138 691 1273 730 μονφδιά,
1296 693 1363 724 illae
1381 694 1516 731 fabulae,
1539 696 1575 726 ab
1593 697 1735 728 histrione

887 740 1043 774 recitatae,
1072 740 1171 777 grauis
1194 737 1309 780 semper
1329 738 1455 780 seriique
1480 743 1662 778 argumenti,
1685 740 1734 772 sed

887 780 1072 822 frequentius
1093 781 1237 813 ioculares
1259 790 1309 812 aut
1338 782 1468 813 dieteriis
1488 783 1658 826 insulfisque
1681 787 1732 824 fig.

889 827 993 855 mentis
1017 824 1142 855 refertae
1164 825 1314 856 videntur.
1366 828 1447 857 Nam
1460 826 1572 863 Solon,
1594 832 1646 870 qui
1670 838 1734 860 tum

889 870 1002 899 ciuitati
1017 878 1080 899 erat
1093 867 1275 911 praesentis,
1301 869 1454 900 hominem
1475 871 1631 912 prohibuit
1650 872 1735 904 fabu-

887 912 928 943 las
942 913 1048 942 docere
1070 921 1099 942 et
1114 915 1234 943 vocauit
1255 911 1319 943 illas
1334 912 1469 944 inutilem
1489 913 1735 958 falfiloquentiam

887 955 918 985 ἐς
935 955 1062 993 dvm-pexi
1079 954 1125 988 τὴν
1147 953 1344 992 ψευδολογίαν,
1364 958 1433 987 teste
1449 956 1588 999 Diogene
1605 959 1733 993 Laertio

885 1003 916 1030 in
933 999 1059 1036 Solone,
1082 1000 1101 1030 s.
1115 999 1166 1031 lib.
1185 1002 1206 1031 1.
1229 1000 1294 1031 se&
1311 1004 1361 1030 60.
1406 999 1549 1032 Disertius
1571 1003 1601 1033 id
1616 1014 1733 1035 enarra-

884 1046 929 1074 vit
951 1043 1140 1076 Plutarchus
1162 1046 1192 1074 in
1215 1043 1322 1074 Solone
1338 1043 1398 1074 vol.
1415 1046 1436 1075 1.
1458 1055 1523 1086 pag.
1545 1054 1612 1084 377.
1635 1049 1736 1080 Reisk.

884 1087 1023 1119 Solonem
1033 1110 1041 1124 ‚
1062 1098 1154 1129 quum
1162 1087 1291 1130 Thespis
1307 1089 1366 1118 iam
1382 1098 1503 1119 »nouere
1516 1089 1653 1132 coeptfflt
1667 1096 1736 1124 tra-

882 1131 1031 1174 goediam
1042 1153 1051 1167 ,
1077 1130 1248 1172 (ἐρχομένων
1263 1133 1314 1160 τῶν
1331 1132 1393 1172 περὶ
1404 1134 1510 1161 Θέσπιν
1525 1130 1572 1165 ἤδη
1586 1132 1633 1166 niv
1648 1147 1733 1176 τραγ.

886 1173 963 1212 ῳδίαν
980 1177 1079 1216 pugn)
1095 1183 1124 1206 et
1147 1178 1286 1206 retineret
1302 1177 1345 1206 rei
1361 1178 1478 1207 nouitas
1502 1176 1734 1217 multitudinem,
1791 1196 1803 1206 s

885 1216 992 1261 ipsum*
1003 1224 1147 1259 agentem
1170 1224 1215 1253 (vt
1230 1230 1294 1249 mos
1309 1228 1372 1249 erat
1393 1226 1540 1255 veterum)
1554 1220 1735 1265 speffauiffe

890 1262 1019 1304 Thespin
1033 1272 1061 1293 et
1075 1262 1126 1293 sub
1142 1262 1218 1293 ludis
1238 1262 1402 1294 conuenisse
1418 1263 1553 1305 Thespin
1571 1276 1602 1294 ac
1623 1269 1733 1306 quaesi-

888 1307 978 1343 viss'e,
1002 1317 1111 1336 numne
1133 1306 1226 1348 ipsum
1248 1307 1372 1348 puderet
1394 1309 1515 1337 intanta
1532 1319 1641 1339 corona
1655 1320 1734 1341 tanta

887 1350 1023 1393 proferre
1041 1351 1190 1381 mendacia
1206 1359 1258 1380 etc.
1298 1353 1373 1381 Hinc
1386 1350 1516 1387 fuerunt,
1533 1355 1585 1392 qui
1597 1354 1734 1396 Thespia

889 1399 966 1425 inter
980 1395 1125 1425 Iambicos
1142 1393 1295 1424 referrent.
1330 1395 1418 1432 Qod
1431 1397 1521 1433 igitur
1533 1396 1662 1438 Thespis
1677 1397 1736 1429 fuit

887 1439 1067 1469 Atheniensis
1085 1447 1113 1468 et
1127 1437 1243 1468 Solonis
1257 1438 1400 1479 aequalis,
1424 1438 1491 1468 inde
1506 1447 1533 1468 et
1555 1439 1634 1470 illius
1655 1450 1734 1472 aeta-

889 1490 947 1512 tem
965 1493 996 1512 ac
1011 1485 1136 1523 patriam
1152 1491 1180 1512 ct
1190 1481 1298 1512 natales
1308 1490 1465 1522 ortumque
1479 1482 1599 1523 poeseos
1609 1487 1735 1523 tragicae

888 1525 1100 1565 cognoscimus.
1147 1527 1242 1561 Satyri
1265 1536 1294 1555 et
1318 1524 1368 1555 alii
1388 1523 1537 1566 πρόσπολοι
1553 1528 1657 1558 Bacchi
1677 1531 1734 1560 im·

887 1572 975 1600 mixti
989 1571 1120 1612 primum
1135 1578 1217 1600 erant
1231 1570 1341 1599 choro:
1365 1580 1459 1610 neque
1483 1580 1555 1600 vero
1578 1571 1646 1601 inde
1665 1583 1734 1604 con-

889 1613 1039 1655 sequitur,
1074 1613 1176 1643 drama
1199 1612 1346 1643 satiricum
1369 1622 1430 1643 arte
1451 1615 1644 1655 compositum
1667 1625 1734 1648 ante

888 1657 1060 1699 Thespidos
1076 1668 1183 1687 aeuum
1197 1655 1298 1693 fuisse,
1323 1660 1365 1686 vti
1381 1656 1525 1687 Bentleius
1542 1658 1735 1692 adseuerarat.

889 1701 979 1736 (conf.
996 1701 1092 1732 Hurd
1105 1703 1190 1731 Com.
1205 1700 1241 1730 ad
1258 1703 1377 1730 Horatii
1398 1700 1538 1741 Epistolas
1561 1702 1597 1732 ad
1618 1703 1735 1736 Pisone·

888 1753 917 1775 et
945 1747 1050 1776 Horat.
1079 1753 1149 1774 tom.
1165 1747 1186 1775 1.
1210 1755 1274 1786 pag.
1294 1754 1350 1782 173.
1378 1747 1528 1786 interpret.
1550 1757 1679 1784 german.
1701 1747 1737 1780 d.

889 1789 1122 1827 Eschenburgii.)
1180 1791 1308 1819 Pratinas
1330 1798 1420 1823 vero,
1443 1791 1493 1829 qui
1516 1792 1591 1819 circa
1615 1791 1736 1834 Olymp.

889 1834 979 1864 Lxx.
1010 1831 1123 1862 fabulas
1153 1832 1275 1862 docebat
1305 1831 1451 1866 saurim,
1488 1833 1561 1866 (vid.
1583 1834 1676 1875 Toup.
1698 1835 1735 1866 ad

890 1877 971 1907 Suid.
987 1887 1052 1918 pag.
1068 1886 1109 1911 53.
1131 1885 1159 1906 et
1177 1875 1306 1918 sasaub.
1327 1875 1362 1904 de
1380 1877 1408 1905 P.
1425 1877 1480 1905 Sat.
1504 1886 1569 1917 pag.
1589 1888 1649 1908 izo.
1665 1879 1736 1911 edit,

891 1921 1063 1954 Rambach.)
1088 1920 1117 1949 id
1138 1921 1168 1949 in
1193 1920 1324 1949 cantibus
1347 1929 1467 1959 quoque
1495 1920 1579 1950 ausus
1612 1923 1670 1959 est,
1693 1931 1736 1961 vt,

892 1963 994 1995 reli&a
1008 1964 1112 1994 Bacchi
1126 1965 1289 1998 memoria,
1313 1963 1419 1992 chorus
1440 1962 1520 1993 aliud
1541 1965 1670 2005 quoduis
1691 1978 1737 1998 ea.

891 2016 975 2038 neret
993 2016 1208 2045 argumentum.
1232 2007 1411 2040 Phrynichus
1428 2007 1530 2036 itidem
1544 2009 1738 2049 Athenienfin,

892 2063 951 2082 non
981 2050 1107 2081 multum
1140 2050 1261 2080 disceffit
1291 2061 1307 2079 a
1335 2061 1417 2080 more
1451 2055 1649 2094 praeceptoris
1683 2054 1741 2092 sui,

892 2094 1082 2136 Thespidos,
1105 2103 1311 2136 praeterquam
1335 2093 1416 2134 quod
1437 2096 1549 2135 primun
1572 2099 1602 2126 in
1623 2096 1737 2130 scenam

891 2139 1058 2170 introduxit
1089 2137 1245 2173 mulieres,
1281 2145 1309 2167 et
1336 2136 1466 2178 episodia
1499 2139 1739 2174 adcommodauit

891 2186 983 2213 animi
1006 2183 1145 2212 motibus.
1190 2181 1322 2211 Succeffit
1342 2181 1460 2211 demum
1481 2182 1654 2221 Aeschylus,
1685 2189 1739 2228 qui

893 2238 947 2268 pro
969 2237 1029 2256 vno
1052 2225 1261 2256 interlocutore
1278 2224 1337 2254 duo
1352 2224 1515 2262 substituit,
1540 2227 1691 2268 dialogum
1711 2237 1740 2261 et

890 2271 1038 2300 atilionem
1061 2269 1266 2304 dramaticam,
1288 2272 1458 2310 praecipuas
1481 2272 1649 2309 tragoediae
1673 2285 1740 2316 par-

891 2322 952 2350 tes,
976 2315 1107 2349 inuenit,
1131 2322 1230 2342 cantus
1247 2313 1329 2342 chori
1344 2312 1472 2343 reddidit
1488 2314 1660 2353 breuiores,
1682 2326 1740 2348 tra·

893 2357 1029 2396 gocdiam
1049 2368 1065 2386 a
1087 2356 1242 2386 comoedia
1264 2355 1310 2385 vel
1336 2359 1435 2397 potius
1457 2357 1578 2393 satyrica
1596 2360 1741 2398 distinxit,

894 2413 911 2432 a
932 2400 1068 2431 laudibus
1090 2401 1193 2430 Bacchi
1214 2400 1249 2430 ad
1270 2399 1368 2429 laudes
1392 2399 1519 2432 aliorum
1544 2403 1669 2434 deorum
1691 2413 1742 2436 aut

895 2446 1021 2476 heroum
1044 2443 1173 2474 fabulam
1197 2452 1225 2474 et
1245 2444 1328 2473 chori
1349 2452 1464 2474 cantum
1479 2451 1643 2484 conuertit,
1667 2449 1741 2483 (vid.

896 2489 1047 2530 sequentes
1068 2487 1112 2531 §§.
1126 2498 1152 2524 3.
1173 2496 1202 2519 et
1226 2492 1269 2524 4.)
1292 2496 1379 2529 atque
1401 2488 1476 2519 adeo
1498 2493 1612 2532 primus
1629 2501 1743 2566 traice-

1701 2547 1747 2567 iae
