2183 2747
32 104 94 132 Vol.
110 105 130 132 ῐ.
147 113 172 137 p.
191 113 223 138 4⁴
718 100 905 138 PERIPLV
908 103 938 136 S.
1114 98 1229 135 LibJL
1261 112 1284 135 c,
1299 98 1341 136 V
1344 102 1370 136 Ῑ.

29 143 219 153 ----
1766 115 1806 148 43

30 199 52 238 s.
74 197 374 237 Animaduersione
408 200 441 235 in
465 209 634 235 recentem
657 198 696 234 ab
718 200 856 234 Oxonio
880 197 1024 244 Scylacis
1054 195 1238 234 editionem
1264 208 1295 234 et
1325 195 1444 233 dissert.
1469 195 1510 232 de
1532 197 1676 242 Scyl-acis
1700 209 1805 238 aetate

30 256 182 290 examine
204 250 431 302 ignominiose
459 255 612 289 tradi-nuit
643 249 850 288 Hudsonum
873 262 915 288 et‘
933 250 1178 295 Dodwellum,
1214 251 1329 288 nostro
1349 261 1462 287 tamen
1482 251 1630 287 Fabricio
1646 252 1740 289 valde
1755 256 1804 290 in,-

28 306 198 356 dignante.

200 359 432 406 Campomancs
456 361 492 394 in
515 358 601 394 libro
628 356 724 408 supra
746 368 957 394 meinorato:
995 355 1212 404 Arttigic'edad
1229 359 1393 393 maritima
1416 357 1452 391 de
1468 356 1499 391 la
1516 357 1648 402 Repnbl.
1665 358 1703 393 de
1721 358 1803 394 Car-

25 419 126 461 tago‚
154 423 237 463 part.
259 415 298 448 11.
322 426 397 462 pag.
417 424 501 447 1-12.
524 411 614 447 dedit
635 422 763 448 textum
787 413 966 448 Hannonis
989 423 1149 459 graecum
1176 424 1255 446 cuin
1278 409 1430 446 rversione
1460 407 1515 445 sua
1544 407 1729 459 hispanica:
1769 421 1803 449 et

26 479 46 501 a
68 479 144 516 pag.
165 478 291 511 13-114.
314 465 490 502 illustrauit
513 479 591 501 eum
614 469 701 501 notis
725 468 863 509 criticis,
897 465 1132 515 geographicis
1153 474 1185 500 et
1208 466 1456 514 grammaticis,
1499 461 1604 510 (conf.
1621 466 1730 503 Mem.
1759 463 1804 502 de

27 519 202 556 Trevoux.
225 522 316 556 Aout
338 531 426 566 ¹757·
453 534 486 569 p.
503 531 576 564 403.
598 518 648 555 ed.
670 518 824 565 Ainstel.)

197 600 362 635 Hannons
376 599 529 647 Seercisb,
550 598 729 646 griez-hisch
747 599 817 632 und
828 597 958 645 dentsrh
973 599 1033 633 mit
1047 596 1302 645 Anmerknngen
1316 609 1380 632 von
1397 595 1428 632 C
1427 608 1497 632 onr.
1516 595 1651 632 Arnold
1665 596 1802 635 Sclzmid.

25 650 195 690 Adhaeret
219 650 452 688 Schinidianae
484 650 625 688 versioni
653 648 832 687 theotiscae
855 653 985 688 Arriani
1010 651 1289 687 Memorabilium
1315 649 1520 686 Indicorum.
1573 647 1743 686 Brunsuici
1769 660 1802 686 et

26 703 199 742 Guelferb.
224 709 316 751 1764.
336 708 418 743 mai.
439 712 470 747 8.
525 703 685 742 Additam
713 701 777 740 esse
810 707 1135 741 commentationem
1161 707 1353 754 germanice
1384 701 1512 740 versam
1545 713 1576 739 et
1608 706 1801 753 interpreta-

26 761 156 795 tionem
178 759 337 809 gallicam
357 759 611 807 Bongainville‚
645 760 707 806 (ex
722 757 790 795 vol.
806 759 928 796 XXVI.
956 760 1200 797 Commentatt.
1216 756 1306 795 acad.
1323 760 1433 807 regiae
1447 753 1707 807 Inscriptionum
1723 758 1800 803 etc.)

25 814 95 850 iam
115 809 212 864 supra
233 814 435 853 inemoraui.

198 891 348 942 Periplus
370 904 504 941 quoque
524 893 557 925 in
580 890 733 940 linguam
759 890 903 926 italicam
917 890 963 926 est
982 888 1178 927 conuersus:
1206 891 1369 925 Hannone
1388 892 1599 937 nauigatione
1615 889 1662 924 ole’
1681 888 1804 926 Cartm

27 944 157 993 gimse‚
192 947 227 979 in
251 946 350 983 Giou,
376 945 473 979 Batt.
493 944 645 993 Ranafio
664 944 824 980 Raccolte
845 942 932 979 delle
951 947 1179 993 nauigationi‚
1210 946 1345 993 Viaggi,
1366 957 1433 980 con
1452 941 1569 979 diversi
1593 939 1727 978 discorsi
1750 940 1801 978 so-

29 1010 90 1046 pra
112 993 167 1032 effi
192 996 245 1032 del
277 996 472 1034 medesimo.
527 999 666 1033 Venetia
693 1008 777 1034 tom.
799 1000 822 1033 Ι.
848 1005 936 1043 1588.
966 999 1000 1034 F.
1020 1012 1053 1035 n.
1070 1010 1097 1042 3.
1121 1011 1185 1034 rec.
1207 995 1283 1033 ibid.
1311 1007 1394 1033 tom.
1420 1010 1444 1033 1.
1472 1000 1556 1041 1613.
1586 1009 1616 1031 v.
1643 995 1801 1033 Biblioth.

30 1048 197 1085 Brtihli'an.
226 1061 309 1100 part.
324 1053 348 1086 I.
373 1064 449 1100 pag.
466 1061 512 1093 23.
533 1060 565 1086 et
578 1061 629 1097 24.

198 1128 271 1164 Des
304 1128 654 1178 Carthaginienfisclzen
671 1128 845 1164 Admirals
874 1119 1000 1163 Hanno
1031 1127 1354 1176 Reifhhesclzreibnng
1379 1139 1444 1162 von
1468 1127 1581 1175 seiner
1610 1126 1803 1175 Schiffizhrz‘,

30 1194 71 1218 an
90 1180 149 1216 der
167 1182 223 1216 Kii
253 1195 268 1216 c
289 1194 352 1216 von
375 1182 498 1229 Africa
515 1206 530 1223 ‚.
559 1181 732 1228 anserlzall)
753 1182 814 1216 den
835 1182 954 1216 Sae'z'ulen
976 1181 1147 1222 Herculis,
1178 1181 1290 1216 welche
1315 1193 1350 1215 er
1371 1182 1405 1216 in
1432 1179 1490 1215 den
1517 1180 1649 1226 Tempel
1672 1182 1725 1215 cles
1744 1181 1802 1215 Sa-

30 1242 152 1272 turnus
170 1235 378 1283 ausgelu'z'ngt
399 1235 473 1278 fiat,
497 1236 711 1284 (germanice
732 1231 823 1270 versa
848 1233 893 1270 est
918 1234 958 1269 ab
977 1234 1116 1281 Hagero
1135 1236 1169 1268 in
1187 1236 1255 1268 eius
1276 1230 1573 1283 Geographischen
1593 1229 1801 1269 Biichersaal.

29 1298 112 1338 part.
128 1290 215 1325 VIII.
244 1289 422 1324 Chemniz.
439 1290 527 1332 1765.
549 1301 626 1337 pag.
643 1290 721 1332 640.
740 1285 808 1338 sqq.
829 1302 907 1323 cum
929 1285 1035 1325 dodhs
1057 1285 1345 1329 adnotati011ibus7
1385 1289 1419 1322 in
1438 1286 1555 1336 quibus
1575 1296 1605 1323 et
1625 1299 1675 1323 res
1697 1285 1802 1337 expliq

29 1351 146 1378 cantur
166 1352 197 1378 et
216 1339 430 1378 Schmidiana
449 1339 554 1378 versio
576 1338 671 1392 saepe
684 1339 913 1387 emendatur.)

200 1422 253 1458 De
265 1422 438 1458 Hannone
456 1424 590 1471 eiusque
604 1420 719 1457 libello
733 1418 823 1456 haud
837 1423 934 1471 pauci
949 1418 1056 1457 modo
1071 1419 1209 1456 strictius
1224 1417 1330 1455 modo
1345 1417 1476 1454 liberius
1492 1413 1708 1468 disputarunt.
1756 1420 1801 1454 Iis

29 1487 216 1525 vero‚quos
231 1489 296 1525 ego
310 1478 376 1511 iam
391 1478 581 1511 meinoraui
594 1489 674 1511 cum
687 1475 848 1517 Fabricio,
866 1473 1027 1510 accedunt
1041 1475 1090 1509 Io.
1100 1473 1203 1510 Gerlz.
1216 1473 1338 1519 Wiffins
1351 1470 1392 1507 de
1406 1472 1518 1508 histor.
1533 1475 1658 1521 graecis
1673 1471 1804 1508 lib.lV.'

30 1525 187 1564 Discours
200 1526 253 1564 sur
265 1528 297 1564 la
311 1531 505 1578 navigation
519 1527 550 1563 d’
559 1530 700 1571 Hanno,
726 1525 835 1563 dresse‘
844 1541 904 1577 par
916 1542 963 1564 un
976 1526 1063 1563 Pilot
1075 1527 1273 1575 Portugue‘s7
1283 1524 1360 1561 teste
1371 1523 1554 1571 Christoph.
1567 1524 1748 1559 Hendreicli
1762 1528 1797 1561 in

31 1581 169 1628 Syllabo
196 1584 374 1618 aud'torum
395 1593 455 1617 etc.
482 1580 682 1618 adhaerente
710 1584 778 1617 eius
802 1580 907 1616 libro:
947 1580 1135 1628 Carthago,
1161 1580 1232 1629 stne
1254 1578 1557 1628 Cartlmginmfimn
1587 1578 1781 1624 Respublica
1793 1606 1805 1621 ‚

33 1632 185 1670 Francos.
208 1634 248 1670 ad
268 1634 418 1671 Oderam
438 1637 534 1679 1664.
550 1642 581 1676 8.
602 1648 675 1671 voe.
698 1635 840 1679 Hanno,
870 1634 963 1669 Olizc.
980 1634 1123 1680 Dcyyper
1141 1635 1174 1667 in
1194 1628 1437 1679 Beschreibung
1450 1644 1518 1665 von
1540 1633 1694 1665 America
1716 1642 1804 1680 p.17.

31 1689 86 1725 M.
108 1690 139 1724 I.
159 1688 284 1736 Georg.
306 1689 427 1735 Hager
446 1691 480 1725 in
502 1691 620 1737 Progr.
637 1686 680 1724 de
694 1689 866 1723 Hannone
880 1689 1087 1736 Geographo
1101 1683 1326 1735 antiquissimo
1340 1682 1493 1733 illiusque
1506 1682 1648 1733 Periplo.
1678 1685 1806 1720 Chem-

33 1744 110 1776 nitz.
134 1744 226 1786 1764.
243 1753 273 1786 4.
312 1739 509 1778 Geschichte
527 1740 586 1777 der
604 1739 846 1789 Kolonifirung
870 1738 928 1775 der
954 1738 1074 1787 freyen
1098 1740 1231 1775 Staaten
1256 1736 1311 1774 des
1338 1736 1547 1773 Alterthuins
1563 1756 1614 1763 —
1646 1749 1704 1772 aus
1725 1734 1806 1773 dem

32 1791 245 1843 Englischen.
273 1794 399 1844 Lipsiae
414 1802 504 1840 1778.
519 1802 549 1836 8.
570 1808 647 1845 pag.
662 1807 708 1831 12.
722 1791 790 1844 sqq.
820 1793 940 1842 Harl]

202 1870 341 1916 Nescio,
373 1888 416 1909 an
435 1872 555 1909 addere
575 1872 741 1909 hocloco
762 1871 920 1915 debeam,
962 1870 1055 1921 quod
1077 1869 1339 1920 Clirissophorus
1370 1866 1565 1903 Hendreich
1592 1870 1627 1903 in
1651 1865 1738 1902 libro
1764 1865 1808 1903 de

33 1927 118 1976 Rep.
152 1925 405 1975 Carthaginensi
439 1941 470 1976 p.
485 1934 556 1971 287.
584 1925 752 1977 pollicitus
777 1925 839 1969 est,
903 1922 934 1960 se
970 1923 1011 1960 de
1052 1923 1206 1960 Coloniis
1244 1919 1560 1969 Carthaginenssum
1599 1930 1674 1955 tum
1720 1919 1805 1963 aliis,

33 1991 109 2016 tum
128 1982 348 2024 Americanis,
368 1991 399 2016 et
419 1982 598 2016 Hannonis
618 1979 749 2029 periplo
769 1978 919 2029 pluribus
934 1979 1089 2014 achitum
1110 1980 1144 2012 in
1165 1975 1331 2012 Analectis
1351 1973 1392 2010 ad
1416 1973 1514 2010 illum
1539 1972 1672 2008 librum.
1728 1974 1809 2009 For-

34 2033 119 2072 taffis
141 2035 364 2083 impatientius
386 2031 450 2069 fert
469 2046 518 2068 res
539 2032 700 2076 literaria,
732 2030 824 2082 quod
842 2029 941 2067 isaaci
961 2029 1066 2067 Voss'·i
1087 2040 1117 2066 et
1138 2032 1246 2065 Lucae
1266 2027 1434 2064 Holssenii
1454 2037 1553 2063 notae
1573 2040 1637 2061 vna
1664 2040 1744 2061 cum
1763 2028 1811 2061 vi-

37 2092 78 2125 ris
100 2087 163 2123 illis
192 2090 307 2122 veteris
328 2088 564 2138 Geographiae
589 2084 789 2136 peritiffimis
817 2083 1064 2121 interciderunt.
1119 2085 1309 2132 Vtrumque
1333 2083 1460 2118 horum
1481 2093 1609 2115 nouam
1629 2080 1809 2116 Hannonis

37 2141 219 2181 editionem
240 2140 379 2177 molitos
403 2137 485 2183 esse,
518 2141 645 2176 constat
665 2153 704 2175 ex
723 2136 762 2175 Is.
783 2136 900 2175 Voffio
926 2137 967 2174 ad
988 2137 1117 2173 Melam
1146 2150 1222 2185 pag.
1238 2149 1307 2179 302.
1328 2144 1360 2170 et
1385 2137 1418 2170 P.
1439 2134 1619 2169 Lambecio
1645 2132 1698 2168 lib.
1718 2136 1741 2168 Ι.
1769 2131 1812 2167 de

36 2194 118 2231 Bibl.
140 2191 404 2237 vindobonensi,
424 2207 501 2243 pag.
516 2206 577 2237 113.
635 2192 806 2230 Com-adm
827 2205 962 2241 quoque
978 2190 1216 2240 Ritterslznfins
1235 2188 1368 2225 Altorfii
1398 2191 1436 2223 A.
1453 2190 1542 2230 1638.
1557 2184 1715 2233 singulari
1737 2198 1811 2220 ora-

36 2253 128 2285 tione
147 2246 188 2283 de
208 2247 388 2285 Hannonis
410 2245 541 2296 periplo
561 2249 646 2295 egit,
678 2259 820 2297 >eamqpe
841 2248 875 2280 in
895 2244 1006 2282 lucem
1029 2242 1148 2285 edidit,
1181 2256 1260 2278 cuin
1274 2252 1413 2291 propter
1427 2239 1521 2275 illam
1542 2238 1643 2289 plagii
1660 2242 1693 2274 in
1707 2239 1812 2274 Bart-

37 2302 125 2339 lzoldi
146 2300 240 2336 Nihu
254 2302 278 2336 ti
297 2299 337 2336 de
356 2299 479 2337 eodem
498 2309 701 2348 argumento
721 2297 906 2349 Epistolam
920 2296 953 2336 q)
980 2294 1148 2333 commissi
1173 2305 1366 2346 argueretur
1380 2322 1390 2337 a
1428 2306 1493 2343 qua
1519 2291 1560 2328 de
1584 2289 1811 2328 controuersia

1069 2352 1094 2386 F
1123 2364 1141 2387 2
1748 2341 1810 2393 ipsi

82 2435 120 2473 q)
142 2429 267 2473 Nihufii
289 2430 429 2476 Epistola
455 2431 611 2464 excutiens
633 2432 840 2460 narrationem
863 2428 962 2460 Melae
985 2428 1023 2459 de
1050 2429 1246 2468 nauigatione
1267 2427 1446 2462 Hannonis,
1477 2422 1594 2467 prodiit
1615 2420 1808 2453 Francofurti

41 2477 76 2507 A.
95 2479 174 2506 1622.
196 2482 226 2505 et
244 2480 323 2513 ¹630·
339 2487 368 2513 4.
391 2474 500 2505 edente
523 2473 737 2507 Maximiliano
757 2485 827 2506 zum
841 2476 970 2512 Iiingeii.
