2183 2747
765 132 956 172 HOMERI
995 134 1118 172 ILIAS.
1422 134 1493 168 Lib.
1506 131 1557 170 II.
1577 144 1600 167 c.
1620 144 1645 167 2.
1754 143 1819 179 349

59 232 195 284 aliisque
208 232 425 276 inculcatum,
443 232 559 270 lectori
570 233 835 270 Homericorum
854 234 1043 267 carminum
1058 230 1162 267 oculis
1178 233 1348 281 mentique
1361 226 1527 266 obuersari
1547 228 1645 264 veluti
1664 227 1769 271 debet,
1786 238 1820 264 vt

58 300 128 323 non
148 285 238 323 suam
257 298 396 323 aetatem
414 288 577 336 huiusque
593 300 716 327 mores,
735 295 887 321 naturam
904 296 1052 335 artesque
1068 287 1203 333 cogitet,
1230 281 1283 319 sed
1300 294 1464 333 tempora,
1481 281 1520 318 dc
1536 280 1595 317 diis
1611 283 1819 329 opinionem,

57 353 182 382 mores,
210 343 395 387 ingenium,
422 353 630 389 omnemque
641 343 740 374 vitam
760 349 827 373 tam
840 338 1018 373 militarem
1029 349 1060 374 et
1076 337 1243 387 publicam
1285 350 1363 371 uam
1375 339 1554 386 priuatam,
1569 337 1713 370 heroum
1724 346 1819 383 atque

57 393 203 428 Homeri
219 396 334 428 animo
349 392 478 441 infigat,
507 405 603 442 atque
621 406 699 428 cum
717 393 883 434 heroibus,
907 402 963 427 aut
978 390 1092 436 Vlyffe
1112 393 1245 440 eiusque
1261 350 1353 425 pocus
1373 402 1431 439 per
1445 402 1605 437 campum
1621 389 1816 423 Troianum

58 442 244 495 insulasque
262 459 441 495 pererrare,
469 456 565 496 atque
588 449 620 480 iu
636 443 709 481 Asia
726 448 858 480 minore
887 442 976 493 quasi
1001 447 1111 480 viuere
1132 455 1186 479 aut
1208 445 1415 478 commorari
1440 440 1495 477 fibi
1521 439 1678 476 videatur.
1733 438 1768 474 ld
1793 439 1818 476 fi

57 495 184 540 feeerit,
212 495 308 534 satius
327 502 536 548 curatiusque
553 497 707 534 iudicabit
722 497 763 533 de
780 499 950 540 Homero,
977 508 1008 533 et
1022 500 1186 546 Vtriusque
1202 498 1357 531 carminis
1376 498 1457 538 vim,
1485 505 1583 544 atque
1609 496 1743 528 virtutes
1770 505 1817 527 re-

58 553 141 587 etius
161 548 275 587 sentiet
289 562 321 587 et
338 550 493 588 laudabit.
548 553 734 587 Enimuero
751 551 881 586 vberior
897 551 994 585 huius
1011 548 1227 600 inquisitionis
1250 547 1412 598 expositio
1437 561 1507 583 non
1531 549 1671 596 pertinet
1693 544 1733 580 ad
1756 558 1816 580 no-

56 603 175 646 strum,
202 615 237 639 vt
255 608 297 640 ita
315 603 436 644 dicam.
462 602 591 640 forum.
646 604 718 640 Alia
737 603 882 653 quaestio
898 607 1044 638 exercuit
1059 604 1231 646 homines,
1265 600 1351 637 vnde
1375 602 1547 637 Homerus
1574 596 1723 634 sumserit
1746 611 1817 633 ma·

58 659 184 692 teriam.
240 657 399 693 Fabulam
417 655 558 706 sapiunt,
585 671 668 707 quae
685 657 826 692 Procius
841 659 875 691 in
891 655 1104 698 Bibliotheca,
1129 653 1204 691 cod.
1234 656 1334 690 CXC.
1351 667 1390 690 ex
1414 654 1595 689 Ptolomaei
1612 650 1817 697 Hephaestio-

57 712 108 744 nis
126 712 222 746 nouis
239 708 279 745 ad
295 713 420 745 vai-iam
439 709 662 745 eruditionem
678 709 819 745 historiis
837 719 964 758 praeter
991 708 1074 751 alia,
1101 721 1185 758 quae
1206 710 1412 750 omittimus,
1445 720 1476 756 p.
1493 712 1566 750 482.
1590 703 1666 740 edit.
1687 704 1816 739 Scliotti

58 761 223 812 prodidit,
256 762 366 812 plures
389 760 482 798 fuisse
498 763 662 805 Heleiias,
694 765 728 797 in
754 764 803 797 liis
819 761 1006 805 Helenam,
1041 759 1171 797 Musaei
1190 758 1395 797 Atheniensis
1421 759 1539 801 filiam,
1563 759 1719 793 Homero
1735 758 1816 790 anti-

58 816 226 864 quiorem,
253 829 337 865 quae
352 815 478 851 bellum
502 813 738 865 coiiscripfilset
759 815 974 861 Troianum,
1015 824 1047 850 et
1069 827 1086 849 a
1112 827 1176 864 qua
1199 814 1374 850 Homerus
1399 821 1636 862 argumentum
1661 804 1817 858 accepisse

57 866 228 902 credatur:
252 878 283 903 et
299 882 331 917 p.
349 875 419 915 485.
449 866 653 904 Phantasiam
671 866 853 917 quamdam
868 869 1145 917 Memphiticam,
1185 868 1339 902 Nicarchi
1356 865 1461 901 filiam
1473 892 1484 907 ‚
1523 873 1598 900 ante
1619 864 1816 898 Homerum

58 920 197 954 Iliacum
216 920 341 956 bellum
364 931 395 956 et
421 924 645 956 narrationem
673 920 713 956 de
732 918 847 966 Vlyss'e
871 917 1114 970 composuiffe,
1147 931 1299 969 opusque
1313 916 1500 968 depositum
1521 913 1584 952 esse
1598 912 1817 964 Memphide3

59 974 252 1008 Homerum
271 975 370 1022 igitur
383 987 424 1009 eo
440 971 643 1023 profeclum,
671 987 688 1008 a
706 975 853 1020 Phanste,
881 969 972 1008 sacro
989 970 1101 1011 scriba.
1126 970 1347 1008 commodato
1373 969 1455 1006 illud
1479 966 1654 1019 accepiss'e,
1681 970 1816 1015 eiusque

58 1023 212 1061 ordinem
229 1023 291 1061 esse
308 1024 496 1076 sequutum,
521 1024 692 1077 συντάξαι]
709 1027 839 1065 ἐκέιγοις
855 1022 1054 1065 οἰκολέθως.
1083 1023 1192 1071 (Adde
1204 1024 1332 1071 Kicstm·
1346 1026 1446 1059 vitam
1455 1024 1561 1058 Hom.
1577 1035 1610 1071 p.
1630 1020 1816 1055 LXXXXu

58 1074 125 1127 sqq.
151 1078 273 1114 wolfii
293 1078 367 1114 edit.
385 1078 476 1114 lliad.
493 1080 732 1129 praemiss'am.)
785 1077 822 1114 ld
837 1076 972 1128 quidem
989 1076 1064 1114 inde
1082 1076 1166 1120 fluit,
1193 1075 1321 1112 famam
1338 1073 1433 1112 fuisse
1462 1077 1653 1124 antiquam,
1683 1074 1815 1108 Home·

57 1144 133 1166 rum
154 1133 189 1166 in
205 1134 362 1181 Aegypto
378 1128 482 1173 suiffe,
510 1142 542 1167 et
557 1142 633 1167 ante
654 1131 754 1167 illum
777 1128 925 1166 exssitiffe
941 1142 1056 1180 poetas
1073 1133 1127 1180 qui
1153 1128 1319 1165 excidium
1341 1131 1470 1164 Troiae
1491 1138 1588 1177 atque
1604 1123 1726 1172 vlyss'is
1746 1121 1814 1159 fata

57 1196 255 1220 enarrarent.
283 1187 383 1233 Atqui
399 1183 486 1219 idem
505 1183 720 1230 Hephaestion
734 1183 757 1219 l.
772 1197 819 1220 m.
835 1185 943 1219 Photii
959 1198 991 1233 p.
1010 1194 1081 1228 473.
1101 1179 1201 1218 refert
1214 1196 1255 1218 ex
1271 1185 1433 1232 Antipatr.
1452 1181 1629 1221 Acanthio,
1651 1178 1814 1214 Dareum

56 1246 131 1271 ante
142 1238 335 1272 Homerum
351 1234 573 1286 conscripsisse
588 1235 738 1278 Iliadem,
755 1247 852 1286 :itque
866 1237 1031 1284 Syagrum
1049 1238 1198 1285 primum
1215 1233 1362 1270 cecinisse
1377 1233 1503 1271 bellum
1520 1235 1703 1274 troianum,
1717 1227 1813 1264 tradi-

54 1287 102 1324 dit
123 1289 251 1324 Aelian.
266 1291 308 1328 V.
325 1291 370 1324 H.
387 1288 442 1324 lib.
460 1291 548 1324 XIV.
564 1303 634 1339 cap,
651 1301 694 1328 21.
709 1299 743 1324 vt
761 1287 908 1324 fabulam
927 1288 968 1324 de
988 1289 1157 1324 Palamede
1179 1286 1267 1338 apud
1293 1286 1429 1323 Suidam
1447 1289 1481 1322 iii
1504 1279 1692 1331 παλαμηόἷ
1720 1285 1811 1318 cuius

53 1353 189 1377 carmen
202 1340 243 1377 de
257 1341 345 1378 bello
354 1343 452 1378 Troi.
470 1344 643 1378 Homerus
653 1339 810 1392 accepisse
823 1353 855 1377 et
870 1339 1051 1392 corrupiffe
1070 1340 1207 1383 dicitur,
1229 1343 1501 1390 praetermittam.
1551 1340 1682 1374 fuerint
1700 1338 1812 1384 igitur,

54 1394 126 1443 (qui
144 1405 254 1430 autem
271 1394 318 1430 illi
337 1392 472 1442 suerint,
487 1409 595 1445 neque
610 1397 753 1431 omuino
772 1407 901 1431 certum
918 1394 974 1438 est,
991 1408 1051 1430 nec
1068 1407 1117 1429 res
1133 1390 1199 1443 ipsa
1215 1403 1304 1429 extra
1319 1406 1460 1430 omnem
1475 1390 1685 1427 dubitationis
1703 1388 1813 1423 aleam

53 1444 172 1496 posita,
197 1445 271 1483 vide
286 1448 408 1483 Kiilim‘i
421 1447 558 1484 doc‘tam
577 1447 722 1483 adnotat.
749 1446 790 1483 ad
806 1448 1041 1486 AelianiH.V.
1052 1446 1105 1483 lib.
1117 1448 1172 1482 XI.
1191 1459 1219 1480 c.
1235 1448 1285 1491 a.)
1310 1460 1327 1482 e
1342 1446 1458 1495 quibus
1472 1446 1616 1480 hauriret
1629 1444 1813 1478 Homerus.

54 1501 121 1547 Qii
137 1510 250 1536 tamen
265 1498 289 1535 si
303 1499 354 1536 vel
372 1498 450 1550 ipse,
471 1504 515 1537 vti
525 1500 695 1537 VVoodius
709 1503 862 1538 coniecit,
878 1514 958 1549 puer
976 1500 1144 1536 historiam
1165 1502 1307 1541 nouerit,
1335 1509 1390 1534 aut
1407 1498 1446 1532 ab
1464 1499 1512 1539 iis,
1539 1499 1594 1546 qui
1613 1495 1702 1532 bello
1717 1497 1815 1528 inter-

54 1550 196 1595 fuerant,
224 1556 396 1602 accepeiit,
415 1553 466 1589 vel
485 1551 595 1593 sei-ius,
614 1568 675 1589 nec
691 1564 815 1599 tamen,
830 1556 875 1589 vti
886 1550 982 1603 supra
998 1550 1307 1592 animaduertimus,
1323 1553 1365 1586 ita
1381 1550 1492 1586 multo
1510 1549 1583 1598 post
1594 1548 1710 1584 vltima
1720 1547 1814 1581 Tro·

55 1607 106 1640 iae
120 1602 199 1646 fata.
223 1619 358 1642 carmen
377 1604 586 1655 composuit3
616 1603 883 1656 patrinis-amam
907 1605 1095 1642 admodum
1113 1615 1293 1647 recentem,
1320 1606 1441 1653 partim
1467 1597 1586 1640 α’ωδων
1608 1603 1813 1636 Γέίίῒῡΐῐῡῦθς

55 1654 222 1707 sequutus,
247 1672 316 1694 non
333 1659 457 1701 habuit,
475 1659 565 1710 quod
582 1659 726 1696 aliorum
742 1656 856 1694 scrinia
871 1658 1038 1708 expilaret.
1056 1680 1107 1685 —
1127 1660 1280 1705 Denique
1298 1659 1408 1705 paucis
1432 1658 1593 1703 attingam
1618 1663 1813 1689 controuer-

54 1708 150 1753 siam,
176 1725 257 1746 num
275 1713 420 1748 Homeri
436 1715 581 1748 carmina
599 1711 660 1748 sint
674 1712 839 1753 historica,
855 1725 897 1747 an
912 1715 1013 1761 epica.
1068 1713 1171 1754 Prius,
1197 1708 1296 1745 lliada
1312 1706 1375 1744 esse
1391 1721 1526 1743 carmen
1544 1707 1747 1745 historicum,-
1770 1702 1815 1738 la·

56 1766 118 1798 tius
143 1763 306 1813 explicare
322 1776 419 1814 atque
436 1763 664 1801 demonstrare
679 1762 808 1800 adnisus
823 1764 867 1800 est
883 1764 925 1800 cl.
946 1765 1097 1810 Koeppen
1113 1764 1192 1799 t'iber
1208 1764 1356 1798 Homers
1375 1761 1482 1796 Leben
1508 1758 1575 1795 und
1604 1754 1764 1805 Gesange.
1781 1769 1814 1805 p.

55 1828 119 1862 109
138 1813 180 1865 sq.
221 1817 253 1851 Si
271 1817 415 1866 quaestio
431 1817 475 1853 est
493 1816 533 1853 de
549 1817 613 1854 fide
627 1817 792 1860 historica,
807 1831 902 1859 num,
917 1830 1001 1867 quae
1015 1815 1056 1852 de
1072 1816 1160 1852 bello
1171 1817 1339 1857 Troiano,
1357 1814 1522 1853 heroibus,
1537 1811 1596 1847 situ
1613 1811 1769 1846 locorum
1782 1818 1815 1843 et

56 1869 106 1905 his
122 1867 279 1904 similibus
297 1867 431 1918 scripsit,
458 1883 494 1905 ea
511 1884 585 1906 vera
606 1869 679 1913 sint,
696 1870 851 1920 equidem
867 1883 937 1906 non
953 1870 1094 1918 negabo,
1112 1881 1208 1918 atque
1224 1868 1338 1904 lVood
1352 1881 1384 1916 p.
1402 1878 1491 1901 212-
1505 1878 1575 1911 24¹-
1593 1864 1665 1914 post
1682 1862 1812 1898 Strabo-

56 1935 134 1957 nem
149 1921 295 1971 ali=isque
312 1921 413 1957 fidem
423 1924 566 1958 Homeri
582 1922 772 1958 historicam
787 1920 859 1958 satis
870 1920 1031 1972 superque
1041 1920 1218 1957 vindicauit
1232 1921 1270 1955 ab
1287 1920 1429 1955 aliorum
1443 1917 1706 1953 dubitationibus,
1723 1917 1812 1951 Nam

57 1976 296 2024 antiquioribus
313 1977 377 2010 iam
397 1975 601 2024 temporibus
617 1973 771 2021 fuerunt,
798 1978 853 2025 qui
871 1985 995 2011 temere
1010 1985 1175 2025 putarent,
1204 1987 1306 2008 omne
1321 1972 1447 2008 bellum
1465 1973 1647 2012 troianum,
1673 1979 1704 2004 et
1719 1965 1812 2017 quid-

58 2026 135 2077 quid
154 2026 195 2062 de
211 2042 250 2063 eo
266 2025 428 2063 ceciniss'et
445 2038 556 2077 poeta,
571 2025 633 2064 effe
649 2029 688 2064 ab
706 2025 777 2078 ipso
793 2028 998 2070 confictium
1028 2029 1148 2077 [nuper
1163 2029 1261 2062 etiam
1284 2025 1351 2060 sulz.
1368 2024 1557 2060 Maclaurin
1571 2021 1726 2071 [iugulari
1742 2016 1813 2055 diff.

57 2079 187 2116 efficere
205 2080 336 2123 studuit,
363 2082 508 2116 Troiam
523 2095 540 2116 a
560 2083 692 2117 Graecis
707 2095 777 2117 non
801 2078 864 2117 esse
885 2092 1035 2131 captam,
1063 2083 1095 2115 in
1119 2076 1310 2127 Philosoph.
1331 2089 1361 2112 et
1384 2076 1493 2112 histor.
1517 2085 1715 2112 commentt.
1738 2074 1813 2108 Soc.

55 2131 320 2182 Edinburgtiffis.
346 2146 453 2182 germ,
464 2132 560 2169 versis
575 2148 592 2169 a
613 2133 732 2170 Buhlio
749 2144 832 2170 tom.
848 2135 870 2174 1,
887 2147 936 2170 nr.
952 2133 998 2179 4.]
1023 2135 1132 2182 Atque
1146 2131 1261 2178 defidc
1271 2132 1408 2166 Homeri
1423 2128 1571 2176 historica
1584 2130 1610 2163 ΙΙ
1627 2124 1696 2163 diss.
1712 2127 1813 2161 venti*

57 2185 138 2221 lauit
153 2188 203 2221 M.
216 2187 323 2222 carol.
340 2187 650 2232 Godofr.Ienichen‚
677 2187 878 2235 Witteberg.
895 2191 986 2231 1756,
1027 2187 1082 2220 Sin
1102 2198 1181 2220 vero
1197 2197 1290 2219 mens
1309 2181 1415 2218 iudicii
1431 2182 1487 2222 esi,
1505 2192 1639 2230 poetam
1658 2178 1704 2215 nil
1723 2175 1812 2214 aliud

57 2236 167 2288 egisse.
186 2238 243 2274 nisi
256 2250 288 2274 vt
305 2240 397 2281 bene,
416 2237 606 2288 {impliciter
622 2249 653 2275 et
668 2253 746 2275 cum
760 2242 790 2274 vi
808 2238 951 2289 quadam
967 2252 1016 2278 ea,
1037 2252 1120 2287 quae
1140 2233 1321 2286 accepiffet,
1341 2246 1518 2276 enarraret,
1536 2233 1705 2270 nihileum·
1720 2232 1813 2272 noui,

57 2290 123 2327 siue
135 2291 287 2328 ordinem
305 2291 369 2327 fine
386 2295 560 2327 materiam
578 2289 712 2341 species,
730 2294 873 2342 exceptis
887 2294 998 2341 paucis
1015 2285 1433 2331 dilatationibus,adtuliffe,
1454 2289 1497 2332 (v.
1510 2289 1670 2336 Koeppen
1687 2299 1720 2335 p.
1733 2284 1814 2325 118.)

58 2355 156 2394 atque
173 2343 255 2380 adeo
273 2359 415 2381 numero
431 2347 605 2394 epicorum
620 2356 796 2394 poetarum
812 2342 874 2380 effe
890 2341 1124 2384 eximendum,
1152 2341 1192 2378 de
1209 2355 1250 2378 eo
1264 2339 1419 2391 equidem
1433 2338 1529 2375 valde
1548 2339 1674 2374 dubito.
1719 2335 1813 2372 Nolo

57 2397 212 2447 equidem
234 2411 419 2446 prouocare
437 2395 478 2432 ad
495 2399 726 2433 auctoritatem
749 2400 859 2434 omnis
880 2395 950 2433 fere
971 2399 1062 2434 aeui,
1092 2406 1124 2430 et
1138 2405 1188 2432 tot
1210 2391 1491 2444 sagacissimorum
1522 2394 1722 2433 hominum,
1757 2389 1814 2437 qui

58 2462 139 2486 eum
154 2453 340 2501 principem
358 2461 534 2501 poetarum
549 2452 706 2498 epicorum
723 2451 922 2494 habuerunt,
952 2459 983 2484 et
999 2461 1145 2497 quorum
1164 2447 1326 2484 iudiciuin
1347 2459 1418 2483 non
1442 2457 1568 2482 temere
1589 2441 1813 2495 spernendum

966 2503 1024 2538 Xx
1051 2512 1069 2544 3
1756 2492 1813 2530 est.
