2183 2747
764 134 1110 159 *ΞΡ-.-
1727 131 1826 160 xvu

57 239 172 270 florum
189 233 382 273 ablegabitur.
435 232 502 262 Pari
517 231 633 261 ratione
649 230 679 259 in
702 224 875 258 ordinandis
890 223 1055 254 multorum
1075 224 1146 253 vitis
1159 230 1246 264 atque
1263 221 1495 259 narrationibus,
1520 229 1662 262 quantum
1681 222 1745 251 fieri
1761 227 1827 264 pot·

57 309 131 343 erit,
162 315 228 335 mea
247 303 413 335 versabitur
427 312 529 344 opera.
575 298 692 331 Caussas
709 300 801 333 enirn,
825 307 878 326 cur
893 295 924 325 id
941 292 1055 324 consilii
1072 293 1171 323 vbiuis
1190 292 1310 333 exsequi
1327 299 1355 321 et
1374 293 1403 321 in
1419 290 1536 330 singulis
1553 291 1688 321 ordinem
1713 291 1829 321 seruare

58 387 204 418 nequeam
220 372 479 411 chronologicum,
504 376 605 413 (quem
623 373 654 400 in
670 368 895 400 Introdufflone
914 375 979 395 mea
996 366 1025 394 in
1042 364 1196 393 historiam
1213 362 1332 407 linguae
1347 371 1467 399 graecae
1489 360 1629 402 sequutus
1650 359 1739 397 suin,)
1768 362 1827 391 viri

60 447 152 483 doeii,
173 446 341 485 harumque
359 454 459 473 rerum
474 441 670 480 intelligentes
689 448 718 470 ct
739 441 806 469 viae
821 436 1010 467 Fabricianae
1027 436 1123 473 gnari,
1146 434 1200 475 ipsi
1226 431 1311 463 facile
1336 430 1520 473 perspicient.
1573 433 1705 462 Sentient
1726 432 1828 469 igitur,

59 527 134 553 rem,
156 518 293 558 quamuis
307 513 385 544 nulla
402 513 511 543 laboris
529 511 662 542 molestia
678 522 694 540 a
708 520 755 540 mc
770 506 963 542 recusaretur,
988 504 1053 534 fore
1068 504 1159 534 taedii
1177 503 1382 546 plcnissimam,
1407 509 1434 531 et
1449 500 1595 543 pluribus,
1620 502 1715 542 iisque
1732 503 1829 538 tantis,

60 587 236 629 implicitam
251 585 306 616 csse
325 583 558 619 d1233ct1ltat'1bus,
584 590 614 612 vt
633 571 769 616 omnino,
794 579 813 609 [i
830 578 932 608 omnia
949 577 979 605 in
998 574 1154 605 meliorem
1172 572 1331 612 redigenda
1348 570 1436 602 essent
1451 572 1605 607 ordinem,
1637 571 1829 602 metuendum

61 657 141 694 ess'et,
165 668 200 687 ne
219 658 314 698 capita
328 655 521 695 membraque
538 653 683 683 orationis
701 650 890 681 Fabricianae
907 645 994 676 foede
1010 644 1266 687 discerperentur,
1297 642 1425 684 indeque
1453 644 1550 671 maior
1571 641 1707 671 existeret
1729 640 1831 671 confu-

64 728 115 759 fio.
161 730 246 766 Qiae
266 737 341 757 vero
357 725 508 755 Fabricius
525 723 660 765 pluribus
677 720 748 751 locis
767 718 803 749 de
818 717 923 748 codem
941 717 1062 746 auetore
1077 716 1222 751 narrauit,
1243 724 1288 750 ea,
1312 712 1411 755 quoad
1429 713 1494 742 fieri
1517 713 1646 753 poterit,
1674 713 1832 753 praecipue

64 797 100 828 de
116 797 307 839 scriptoribus
323 803 489 826 memoratu
504 792 692 832 dignioribus
711 797 761 820 aut
778 788 958 823 notioribus,
981 785 1163 829 postliminio
1180 785 1258 826 quasi
1274 783 1311 814 ad
1330 784 1424 825 capita
1437 805 1446 819 ‚
1471 784 1501 812 in
1517 782 1625 824 quibus
1646 781 1681 811 de
1704 781 1762 812 illis
1786 781 1831 812 fu-

66 869 121 898 sms
137 869 319 908 ssriGtimque
334 865 514 907 disputatum
532 864 582 899 est,
606 861 755 892 reducam.
802 857 883 889 Calci
899 857 1027 898 denique
1041 858 1133 886 totius
1156 856 1255 897 operis
1277 855 1341 896 post
1364 852 1510 889 indicem,
1540 854 1669 882 curatius
1692 852 1830 883 ordinan-

66 938 150 972 dum,
176 936 303 972 tabulae,
329 937 347 964 fl
364 934 502 976 placebit,
526 930 766 969 chronologicae,
791 937 819 958 et
834 927 920 964 aliae,
949 929 979 957 iu
1002 927 1110 969 quibus
1131 926 1268 956 auetores
1291 925 1388 963 graeci
1410 933 1463 965 per
1487 930 1582 953 totum
1603 934 1678 965 opus
1702 923 1832 965 dispersi,

69 1006 229 1037 secundum
245 1014 322 1036 artes
340 1014 367 1035 et
385 1003 552 1045 disciplinas
572 1007 794 1036 memorentur,
825 999 1016 1028 concinnatae
1039 996 1075 1026 ad
1096 998 1241 1026 maiorem
1270 993 1414 1024 lee’toruin
1438 992 1596 1025 Vtilitatem
1622 993 1833 1024 adhaerebunt,

70 1077 103 1107 In
120 1075 253 1117 suprema
268 1074 345 1104 linea
361 1073 538 1112 singularum
554 1081 646 1113 paene
659 1071 833 1111 paginarum
852 1068 1005 1098 notabitur
1019 1065 1162 1096 volumen
1178 1073 1207 1095 et
1225 1066 1331 1106 pagina
1350 1063 1510 1106 superioris
1528 1063 1680 1100 editionis,
1704 1072 1736 1095 vt
1760 1063 1834 1101 loca,

71 1156 145 1187 quae
159 1156 195 1175 ex
212 1144 262 1175 illa
276 1156 293 1175 a
307 1146 380 1175 viris
396 1143 491 1173 doctis
506 1144 594 1171 citata
608 1141 673 1176 (int,
695 1141 726 1169 in
740 1140 794 1169 hac
811 1137 926 1168 facilius
943 1144 972 1167 et
987 1135 1174 1165 commodius
1190 1136 1389 1165 inueniantur.

178 1288 263 1317 Tum
277 1285 426 1316 Fabricius
444 1281 561 1322 singulis
578 1279 783 1312 voluminibus
798 1273 928 1305 ἀνέκδοτοι
945 1273 1092 1316 quaedam
1109 1282 1158 1304 aut
1175 1273 1292 1304 libellos
1307 1273 1429 1303 inseruit
1446 1275 1592 1304 rariores:
1624 1285 1698 1316 quae
1715 1274 1836 1316 quidem

74 1368 165 1400 opera
181 1356 280 1387 multis
297 1364 379 1395 grata
396 1353 454 1385 fuit
471 1361 499 1384 et
515 1351 605 1384 vtilis.
653 1352 815 1382 Enimuero
831 1356 859 1378 et
873 1346 973 1377 locum
988 1347 1126 1386 iniquum
1141 1343 1224 1386 saepe
1239 1351 1421 1386 occuparunt
1438 1343 1488 1374 illa
1506 1343 1622 1385 scripta,
1647 1352 1675 1374 et
1692 1343 1836 1381 fecerunt,

76 1436 107 1458 vt
123 1439 198 1469 opus
215 1426 263 1457 sua
280 1426 342 1457 fere
357 1425 437 1456 mole
453 1423 611 1454 laboraret.
657 1423 766 1462 Neque
781 1429 856 1450 vero
870 1427 969 1448 meum
990 1417 1039 1452 est,
1065 1425 1140 1457 quae
1154 1414 1206 1444 alii
1224 1416 1284 1445 viri
1299 1414 1335 1444 de
1351 1413 1457 1444 litteris
1473 1416 1586 1456 optime
1598 1417 1698 1445 meriti
1715 1414 1839 1457 operose

77 1498 292 1533 exstruxerunt,
317 1507 350 1526 ea
360 1507 419 1526 vno
435 1493 528 1525 veluti
544 1494 604 1524 i&u
615 1491 775 1527 destruere,
800 1496 850 1519 aut
865 1489 987 1530 pervim
997 1494 1085 1527 atque
1100 1487 1288 1526 iniquitatem
1299 1483 1476 1514 exscindere.
1524 1486 1639 1514 Interea
1650 1492 1748 1516 tamen
1762 1484 1841 1516 haud

78 1578 196 1603 vereor,
220 1577 255 1597 nc
267 1569 298 1597 in
318 1565 513 1608 suspicionem
529 1563 703 1594 temeritatis
718 1569 768 1591 aut
781 1560 940 1590 iniustitiae
955 1556 1095 1592 incidam,
1119 1557 1171 1596 qui
1186 1566 1231 1591 ea,
1259 1565 1335 1596 quae
1353 1555 1451 1595 postea
1470 1557 1612 1596 temporis
1628 1554 1719 1591 alibi,
1750 1565 1842 1596 eaque

80 1637 184 1668 melius
201 1636 355 1679 explanata
370 1635 571 1677 illustrataque
587 1635 665 1676 typis
677 1633 803 1674 repetita
821 1629 897 1666 sunt,
921 1639 967 1658 ex.
981 1638 1024 1667 gr.
1040 1627 1157 1657 Libanii
1174 1627 1323 1656 orationes
1339 1632 1425 1665 atque
1441 1623 1588 1665 epistolas,
1612 1635 1627 1655 a
1638 1624 1773 1654 Fabricio
1790 1635 1844 1666 pu—

80 1707 212 1744 blicatas,
235 1707 351 1749 aliaque
366 1708 490 1736 omnino
511 1703 682 1734 excludam:
707 1712 768 1743 quo
784 1699 905 1742 quidem
921 1700 982 1735 fiet,
1010 1704 1042 1727 vt
1060 1707 1146 1738 opus,
1176 1697 1262 1725 nouis
1278 1693 1365 1730 licet,
1395 1696 1491 1735 iisque
1513 1694 1592 1723 haud
1614 1696 1734 1736 paucis,
1759 1693 1844 1725 faeti·

83 1778 300 1813 accessionibus‚
325 1788 384 1807 non
399 1777 487 1806 nimis
501 1773 656 1805 accrescat:
680 1771 796 1813 reliqua
813 1777 923 1805 autem,
948 1767 1012 1804 nisi,
1037 1774 1069 1797 vt
1086 1766 1245 1807 Porphyrii
1262 1765 1392 1794 narratio
1408 1763 1443 1793 de
1460 1766 1521 1794 vita
1536 1763 1663 1801 Plotini,
1695 1765 1731 1796 ad
1754 1765 1846 1808 ipsam

86 1848 214 1878 anfitoris
232 1849 369 1877 notitiam
383 1848 542 1888 pertinent,
566 1842 725 1873 secundum
742 1840 880 1871 ordinem
896 1841 926 1869 in
950 1836 1160 1880 supplementis
1185 1834 1351 1865 recudenda
1372 1833 1500 1870 curabo,
1531 1833 1632 1864 saltem
1655 1846 1688 1865 ea
1711 1835 1846 1872 reddam,

87 1928 161 1960 quae
177 1928 192 1947 a
208 1916 343 1946 Fabricio
358 1914 616 1945 obseruationibus
632 1911 697 1942 sunt
711 1911 814 1946 aneta,
839 1917 889 1939 aut
913 1907 1083 1943 emendata,
1107 1913 1157 1936 aut
1181 1915 1256 1946 quae
1278 1904 1314 1933 ab
1331 1902 1383 1934 illo
1408 1906 1539 1945 primum
1560 1904 1658 1942 edita,
1688 1916 1739 1935 nec
1761 1904 1846 1936 vllibi

86 1989 221 2029 repetita.
266 1987 364 2016 Ceteri
378 1983 472 2015 libelli
486 1994 557 2013 num
572 1981 671 2013 rursus
685 1983 762 2023 typis
775 1979 989 2014 exscribantur,
1016 1980 1047 2008 in
1067 1974 1347 2019 Supplexnentorum
1368 1973 1483 2004 claffem
1504 1974 1679 2016 recipiendi,
1703 1974 1848 2009 nondum,

87 2056 234 2087 sententiis
250 2056 345 2086 adhuc
364 2046 498 2091 diue'rfis,
518 2054 613 2097 potest
630 2052 757 2082 definiri.
804 2052 894 2081 Penes
910 2051 1002 2089 igitur
1015 2050 1132 2090 peritos·
1146 2053 1333 2086 emtoresque
1354 2043 1487 2080 futuros,
1519 2046 1571 2085 qui
1593 2052 1625 2075 vt
1647 2053 1762 2075 mature
1781 2043 1850 2074 deut

89 2138 208 2163 nomen,
233 2126 305 2157 velit
323 2126 466 2161 ssohnius,
489 2126 538 2154 vir
553 2123 710 2158 honestus,
739 2122 798 2151 esto
822 2121 997 2155 arbitrium,
1036 2126 1063 2148 et
1087 2115 1245 2146 secundum
1268 2113 1400 2156 plurium
1425 2112 1596 2144 sententiam
1618 2125 1650 2144 ac
1673 2113 1850 2144 desiderium

88 2195 124 2227 li·
141 2196 309 2227 dirimetur.
354 2194 440 2226 Plura
456 2193 577 2235 quidem
593 2191 723 2222 resecare
740 2192 771 2220 in
787 2192 886 2220 animo
902 2188 1017 2219 fuerat:
1046 2195 1075 2217 at
1094 2188 1173 2216 enim
1197 2185 1369 2214 exstiterunt
1392 2183 1470 2213 haud
1495 2186 1602 2225 pauci,
1631 2187 1683 2225 qui
1707 2182 1850 2214 dissuade-

90 2252 167 2303 rent,
190 2269 336 2302 timentes,
358 2276 393 2297 ε’,-
408 2273 535 2294 emtores
552 2263 587 2293 de
603 2260 741 2293 mutilato
758 2268 952 2301 truncatoque
966 2269 1056 2300 opere
1072 2257 1244 2287 Fabriciano
1260 2256 1326 2285 iure
1342 2253 1392 2283 suo
1418 2262 1681 2295 conquererentur.
1726 2257 1792 2292 Qm
1817 2253 1852 2285 de

91 2335 186 2366 caussa
200 2339 289 2395 etiiun
305 2319 504 2377 quorumdam
520 2335 687 2364 amicorum
705 2329 865 2366 voluntati,
886 2337 917 2359 vt
935 2329 1045 2359 indices
1054 2328 1211 2357 hominum
1224 2325 1261 2355 ab
1277 2324 1448 2355 audioribus
1464 2326 1574 2362 graecis
1590 2335 1753 2365 eorumque
1770 2322 1850 2353 scho-

93 2404 182 2436 hastis
203 2414 438 2436 memoratorum
454 2406 635 2439 omitterem,
659 2402 865 2442 obtemperare
880 2410 940 2429 non
955 2399 1050 2440 potui.
1097 2399 1129 2428 ln
1146 2407 1203 2438 qua
1219 2394 1359 2425 sententia
1376 2394 1566 2423 confirmatus
1589 2394 1651 2424 sum
1673 2393 1799 2423 consiliis
1824 2403 1852 2423 et

94 2475 267 2506 auetoritate
285 2476 425 2511 aliorum,
446 2476 589 2517 quoniam
605 2470 753 2503 eiusmodi
766 2470 888 2507 indices,
907 2471 1065 2511 praecipue
1084 2470 1117 2504 ii,
1141 2468 1193 2509 qui
1208 2464 1372 2496 rarioribus
1400 2463 1635 2506 exemplaribus,
1666 2474 1710 2494 ex.
1728 2474 1771 2502 gr.
1794 2465 1849 2493 Eu-

140 2543 205 2575 Vol.
222 2545 252 2578 I.
1065 2548 1080 2568 c
1759 2533 1855 2562 stathii
