2183 2747
54 159 116 189 vot.
126 161 148 188 ¹-
157 169 183 196 Ρ.
193 164 242 195 ¹7⁷
757 161 1082 198 HOMERiSTAE.
1423 163 1495 199 L.‘.
1508 161 1554 196 ll.
1573 176 1594 198 c.
1612 175 1640 199 ε.
1744 176 1795 207 37‘1

56 254 340 297 ιΑπὀῐελωνιοικῶ.
363 256 626 310 περιερχομέγες
641 253 731 297 δι’ὃειν
751 255 801 296 τοὶ
819 259 866 298 re?
886 253 1016 308 ‘Off-nie&
1036 252 1234 306 ποιήματα.
1271 253 1386 303 [conf.
1417 256 1581 304 Villoifim
1598 258 1719 294 Anecd.
1745 273 1792 308 gr.

58 311 100 345 ΙΙ.
116 323 148 358 p.
170 319 235 352 182.
252 323 283 347 et
304 303 441 360 Dresigii
460 303 776 360 comineutz'paullo
795 310 868 358 post
883 309 970 346 lauil.
986 312 1017 357 38.
1037 311 1076 345 ΙΙ.
1099 311 1152 345 111.
1174 311 1229 345 lv.
1250 309 1290 344 de
1305 311 1528 358 originationc
1547 312 1695 345 vocabuli
1712 324 1742 346 et
1761 314 1792 359 §-

56 361 102 396 Vl
119 360 190 411 sqq.
208 362 248 398 de
265 374 366 400 aetate
384 365 564 413 primoque
580 360 635 398 vsu
657 363 806 398 vocabuli
834 363 946 409 istius]
1004 361 1159 397 §olebant
1177 374 1284 397 tamen
1305 361 1470 411 Rhaplodi
1496 376 1609 398 canere
1633 365 1795 399 vndecun-

54 426 120 463 quc
136 412 226 451 facto
241 418 347 461 initio,
373 415 466 465 quod
481 416 558 452 loco
575 415 625 451 vel
638 418 778 464 tempori
791 426 1023 465 opportunum
1037 413 1207 455 ducebant,
1235 424 1267 448 vt
1280 413 1405 463 aliquot
1417 416 1576 463 exemplis
1594 415 1795 452 demonstrat

53 466 245 504 Plutarchus
263 471 319 505 lx.
340 481 364 505 1.
390 467 499 518 symp.
517 466 772 516 Rliapsodoruni
788 481 910 517 agonas
927 467 966 503 ab
989 466 1176 503 Alexandro
1201 467 1359 502 institutos
1382 478 1546 503 memorat
1567 467 1654 504 idem
1680 471 1711 503 in
1729 470 1794 504 cius

53 520 119 554 vita
135 533 167 569 p.
193 523 272 557 666.
329 520 468 569 Delphis
490 524 617 570 primus
643 521 815 568 Slqsimdetr
835 522 962 556 Samius
988 522 1106 555 cithara
1129 521 1270 555 Homeri
1291 532 1419 568 pugnas
1441 520 1623 556 decantanit
1648 519 1736 557 facio
1757 523 1796 556 ab

54 569 200 617 Odyssea
216 575 323 617 initio,
351 574 424 609 vide
442 575 646 609 Athenaeum
665 575 736 609 XV.
758 586 789 621 p.
812 578 887 614 678.
924 574 1053 608 Fal-ric.
1110 572 1232 619 [Multa
1248 572 1383 621 quidem
1402 571 1442 607 dc
1459 572 1640 620 Rliapsodis
1661 577 1726 609 iam
1743 589 1796 610 ex-

54 627 198 673 cogitata
211 623 393 675 scriptaque
409 623 478 661 sunt
495 641 510 661 a
524 626 682 675 pluribus,
709 639 854 674 qnorum
876 625 1009 674 quidem
1034 623 1211 660 sollertiam
1234 636 1329 673 atquc
1353 625 1558 674 diligentiam
1574 624 1736 675 superauit
1751 629 1797 662 Si-

49 679 149 725 gism.
166 678 296 714 Frt'a'er.
312 679 486 727 Drejt'gius
502 682 535 714 in
559 689 745 714 comment.
770 681 877 713 critica
902 676 941 712 de
960 675 1152 725 Rhapsodis,
1177 690 1321 727 quorum
1337 691 1409 712 vera
1426 681 1546 727 origo,
1573 682 1743 728 antiquitas
1760 693 1797 714 ac

53 731 140 765 ratio
165 744 206 766 ex
228 731 415 766 auctoribus
439 742 470 766 et
492 728 672 766 scholiallis
694 734 818 780 graecis
842 729 995 776 traditur,
1024 727 1148 777 Lipsiae
1172 743 1256 776 1734.
1275 742 1305 773 4,
1323 739 1353 764 at
1371 741 1478 766 tamen
1504 730 1656 767 nondum
1683 735 1797 767 omnia

51 778 126 817 satis
150 782 321 832 explicita,
353 782 503 819 ordinata
524 783 740 832 exhaustaque
767 782 831 818 ess'c
855 781 1021 823 videntur;
1056 785 1145 817 cuius
1173 782 1310 832 quidem
1337 786 1522 832 argumenti
1548 783 1797 833 expositionem

51 846 212 877 curatam,
239 835 278 872 ab
295 834 442 871 inssituto
456 835 570 872 nostro
587 847 764 878 remotam,
789 835 813 871 si
829 837 943 871 omnia
958 835 1050 870 latius
1071 832 1172 871 ell'ent
1188 834 1389 883 explicanda,
1416 835 1484 871 aliis
1501 837 1722 885 relinquamus
1742 851 1798 873 ne-

53 885 135 922 cess'e
156 887 211 924 est.
274 885 440 937 Rliapsodi
455 891 543 924 enim
560 887 780 938 antiquillimi,
812 891 865 937 qui
889 887 1084 937 plerumque
1109 885 1168 936 ipsi
1187 898 1302 936 poetae
1319 885 1463 928 fuerunt,
1490 902 1574 932 non,
1589 900 1622 925 vt
1642 890 1690 937 fit,
1718 904 1798 926 con-

50 938 213 976 fundendi
230 939 301 976 sunt
318 955 395 976 cum
415 943 462 983 iis,
489 954 574 990 quos
589 953 671 977 aetas
689 940 1008 989 p·otulitsocratica.
1035 950 1065 975 ct
1086 940 1186 989 vulgo
1202 938 1373 976 discrimen
1391 951 1580 990 temporum
1599 942 1796 992 negligitur3

51 991 153 1027 iidem
168 996 369 1042 antiquiores
389 990 478 1035 sunt,
505 1007 606 1041 quam
627 1004 752 1042 putarat
773 994 945 1042 Salmasius
968 996 1001 1028 in
1023 994 1210 1029 Exercitatt.
1239 991 1378 1029 Plinian.
1407 1007 1440 1042 p.
1457 998 1522 1030 611.
1550 998 1605 1044 qui
1629 998 1797 1044 originem

50 1042 296 1093 rhapsodorum
322 1060 338 1080 a
361 1046 523 1090 Cynaethi
551 1044 691 1082 demum
720 1055 870 1094 tempore
891 1043 1112 1081 arcell‘entlam
1136 1045 1343 1081 existimauit.
1399 1047 1574 1082 Phemium
1601 1057 1687 1083 certe
1712 1050 1796 1083 Itha-

49 1095 200 1139 censem‚
227 1099 259 1132 in
286 1098 423 1132 Homeri
447 1095 564 1143 Odyff.
583 1094 620 1136 αἱ.
648 1110 707 1142 325
725 1110 860 1142 —342
883 1113 925 1146 χ.
951 1109 1020 1141 330
1038 1094 1107 1146 sqq.
1137 1095 1190 1132 sua
1212 1097 1308 1147 ipsius
1332 1101 1476 1134 carmina
1497 1097 1664 1142 cecinisse,
1702 1107 1797 1149 atque

49 1147 133 1186 adeo
147 1147 350 1198 rhapsodum
367 1149 428 1184 dici
448 1153 546 1186 etiam
568 1164 658 1193 eum,
685 1153 741 1199 qui
759 1152 904 1185 carmina
920 1147 972 1184 sua
990 1149 1058 1184 aliis
1076 1152 1197 1196 recitet,
1225 1151 1337 1199 colligi
1357 1151 1459 1199 potest
1474 1165 1514 1187 ex
1528 1154 1677 1187 Platonis
1692 1152 1794 1188 dialo-

49 1215 108 1252 gO,
134 1203 183 1242 lo,
202 1205 235 1237 in
253 1215 318 1251 quo
336 1215 368 1251 p.
382 1205 434 1246 36.
451 1202 526 1239 edit.
543 1203 680 1238 Miilleti
698 1202 752 1238 ille
768 1201 886 1238 dicitur
900 1198 1077 1255 ῥαψῳᾶἱς.
1105 1204 1252 1238 Socrates
1270 1206 1357 1237 enim
1377 1205 1430 1242 ibi,
1457 1206 1504 1245 (vt
1523 1203 1669 1240 versione
1685 1205 1794 1247 latina,

49 1256 146 1300 vtar.)
175 1267 307 1304 „neque
323 1253 487 1304 profeClo,
516 1259 569 1295 ait,
595 1257 734 1291 arbitror
747 1267 800 1290 aut
815 1258 849 1290 in
865 1256 1015 1300 tibiarum
1030 1255 1079 1289 vel
1095 1257 1235 1290 citharae
1254 1266 1347 1290 cantu
1361 1269 1391 1291 et
1408 1254 1592 1304 pulsatione
1606 1269 1659 1293 aut
1676 1261 1707 1293 in
1723 1259 1795 1293 rlm-

42 1308 161 1354 psodia
173 1307 278 1343 vllum
294 1321 454 1355 vmquam
473 1307 590 1346 vidisti.
617 1310 673 1357 qui
693 1307 744 1342 vel
760 1306 799 1343 de
817 1307 973 1356 Olympo
990 1307 1039 1342 vel
1062 1308 1241 1353 Thamyra
1254 1307 1305 1343 vel
1323 1309 1461 1356 Orpheo
1482 1309 1530 1344 vel
1556 1310 1688 1345 Phemio
1705 1312 1795 1345 Illm.

48 1361 134 1408 ιιηβ,
158 1360 330 1408 rhapsodo,
356 1359 491 1396 ssatuere
507 1358 615 1409 potiit,
643 1358 683 1396 de
699 1361 780 1396 Ione
798 1369 906 1396 autem
922 1358 1065 1409 Ephesio
1080 1362 1221 1402 haereat,
1249 1373 1307 1395 nec
1320 1358 1418 1409 pollit
1434 1364 1617 1401 coniicere‚
1644 1364 1730 1398 redte
1753 1376 1794 1398 an

46 1409 137 1448 secus
154 1425 195 1448 ex
212 1410 425 1460 rhapsodicae
438 1412 524 1448 illins
542 1416 617 1448 artis
637 1411 782 1449 instituto
798 1414 944 1448 carmina
959 1410 1142 1448 decantitet.
1155 1419 1171 1431 “
1196 1426 1236 1447 ex
1255 1414 1303 1450 iis,
1330 1426 1413 1460 quae
1426 1411 1602 1463 respondet
1618 1417 1667 1461 Io,
1695 1426 1794 1463 patet,

49 1462 233 1514 rhapsodos
250 1465 435 1501 alienorum
461 1469 646 1501 carminum
668 1478 805 1515 quoque
828 1462 920 1500 fuisl'e
948 1462 1070 1513 saepius
1094 1465 1228 1500 illornm
1255 1467 1458 1513 interpretes,
1513 1469 1603 1502 Hinc
1625 1481 1642 1502 a
1658 1469 1792 1503 Platone

49 1520 85 1553 iu
102 1519 183 1553 lone
197 1517 349 1553 dicuntur
365 1531 396 1565 p.
416 1522 475 1555 60.
505 1518 590 1554 etde
608 1518 747 1567 Republ.
767 1519 806 1554 ll.
824 1532 856 1566 p.
874 1521 945 1554 601.
961 1517 1126 1569 finnedi-oq
1141 1519 1206 1556 τῶν
1221 1517 1384 1561 neam-0311,
1418 1521 1535 1558 nuntii,
1565 1519 1702 1566 ministri
1723 1533 1792 1566 poe-

49 1579 169 1605 tarum.
222 1569 303 1605 adde
319 1569 491 1617 dialogum
513 1573 562 1610 lo,
587 1584 620 1619 p.
643 1580 663 1610 8
679 1582 709 1606 et
723 1583 772 1606 10.
789 1581 819 1606 et
835 1574 890 1614 68.
945 1573 1053 1619 Atque
1072 1571 1229 1605 Blakmcla'
1243 1570 1282 1605 de
1300 1571 1442 1606 Homeri
1467 1573 1529 1606 vita
1554 1583 1586 1607 et
1607 1570 1731 1620 scriptis
1753 1585 1792 1607 ex

47 1620 130 1660 vers.
145 1627 333 1672 germanica
343 1623 444 1658 Vollii
463 1636 495 1672 p.
509 1636 577 1659 222.
597 1619 773 1672 suspicatur
788 1625 979 1659 Homerum
997 1621 1101 1672 ipsum
1127 1620 1218 1658 fuisse
1235 1620 1435 1670 tliapsodum
1461 1626 1492 1657 in
1519 1625 1645 1672 templo
1666 1624 1792 1671 Apolli-

47 1678 98 1712 nis
113 1677 289 1724 Delphico.
318 1675 400 1712 adde
417 1675 573 1711 eumdem
593 1690 624 1725 p,
643 1688 695 1722 ¹²7
719 1674 789 1725 sqq.
813 1677 976 1712 Pazdarus
992 1674 1128 1725 quidem
1146 1674 1258 1711 Illhm.
1276 1677 1349 1711 1111.
1368 1690 1397 1710 ν.
1416 1678 1474 1718 63.
1493 1678 1555 1710 ait:
1572 1673 1789 1728 ‘'Opneoc—

0 1749 1 1755 ¹
48 1724 151 1767 κατ-οὶ
167 1724 297 1777 ῥοίβδου
313 1733 450 1780 ἔφρασε
471 1730 667 1767 &emmim
685 1732 805 1771 ἕπεων,
833 1726 874 1763 de
892 1741 961 1776 quo
978 1728 1056 1764 loco
1072 1743 1102 1764 v.
1123 1729 1251 1777 Dresig.
1271 1727 1291 1764 l.
1314 1742 1360 1763 m.
1381 1741 1411 1776 p.
1434 1735 1466 1768 8.
1497 1739 1528 1763 et
1552 1741 1583 1776 p.
1602 1742 1634 1774 25
1653 1727 1721 1778 sqq.
1749 1727 1789 1765 de

46 1782 206 1818 Homero
226 1779 296 1829 ipso
316 1781 492 1830 rhapsodo.
548 1785 632 1817 Ante
650 1783 862 1827 Cynaetlium
881 1778 1047 1830 Rhapsodi
1065 1783 1329 1816 Homericorum
1348 1783 1547 1822 carminum,
1575 1781 1788 1822 Horum-idae,

46 1833 220 1883 particulas
241 1835 424 1869 homericas
439 1837 579 1882 integras
596 1833 739 1869 necdum
756 1844 926 1882 corruptas
940 1831 1120 1868 decantasse
1136 1832 1304 1876 videntur,
1331 1832 1441 1880 pollea
1459 1846 1535 1867 vero
1551 1834 1656 1869 aliena
1680 1837 1790 1869 immi-

44 1883 176 1922 scebant
193 1884 379 1935 Rhapsodi:
409 1900 467 1935 per
480 1899 563 1934 quos
582 1889 679 1934 igitur
692 1884 817 1922 fac‘lum
833 1886 889 1927 est,
905 1897 938 1921 vt
952 1896 1124 1921 contextus
1138 1885 1444 1934 interpolationibus
1464 1887 1597 1934 aliisque
1612 1889 1788 1922 variisnio-

46 1938 93 1975 dis
109 1950 389 1987 corrumperetur.
445 1940 490 1974 Hi
508 1938 637 1987 postea,
665 1949 766 1974 aetate
792 1936 995 1986 potiffimum
1015 1939 1196 1980 Socratica,
1236 1937 1434 1973 histrionum
1463 1950 1574 1973 mores
1602 1940 1788 1985 induebant,

47 2002 150 2028 artem
166 1992 361 2033 iactitabann
385 1991 577 2038 vultumque
594 2003 624 2026 et
640 2002 747 2026 totum
767 1988 835 2026 fere
850 1994 999 2039 corporis
1018 1991 1166 2026 habitum
1191 2003 1375 2038 vocemque
1397 1989 1699 2027 adcommodabant
1719 2005 1788 2027 ver·

45 2044 94 2080 bis
110 2044 293 2090 recitandis,
321 2046 353 2079 in
368 2041 456 2079 festis
474 2055 504 2079 et
521 2042 680 2079 sacrificiis
701 2045 807 2079 ornati
826 2054 917 2079 erant
935 2045 1021 2079 varia
1042 2042 1127 2079 veste
1147 2054 1179 2078 et
1203 2045 1308 2078 aureis
1329 2044 1482 2085 coronis,
1520 2056 1578 2078 nec
1603 2057 1675 2080 raro
1698 2057 1786 2091 prae·

46 2095 111 2132 ssiti
127 2100 273 2133 muneris
293 2097 499 2144 reportabant
516 2099 699 2144 pecuniam.
717 2111 748 2132 v.
778 2097 932 2131 Platonis
955 2096 1125 2145 dialogum
1149 2109 1254 2131 mem.
1282 2108 1314 2142 p.
1341 2099 1384 2135 68
1402 2115 1448 2121 -
1467 2098 1522 2139 76.
1581 2098 1670 2132 Hinc
1687 2096 1787 2134 Plato

46 2161 106 2199 per
119 2160 227 2186 totum
245 2150 339 2185 illum
355 2149 526 2198 dialogum
547 2153 685 2198 exagitat
708 2146 753 2184 sui
776 2151 935 2197 temporis
957 2147 1155 2197 rliapsod05‚
1188 2145 1242 2186 sua
1258 2145 1387 2182 scicntia
1407 2157 1539 2197 arteque
1561 2152 1661 2185 nimis
1683 2150 1785 2186 elatos

47 2211 146 2251 atque
164 2213 373 2251 arrogantes;
401 2199 492 2250 saepe
511 2212 618 2237 tamen
635 2200 768 2237 eosdem
789 2199 925 2237 stolidos
940 2200 1131 2249 stultosque,
1154 2202 1209 2248 qui
1236 2202 1487 2235 homcricorum
1511 2205 1695 2237 carminum
1720 2200 1786 2238 sen·

47 2257 183 2291 tentiam
197 2267 265 2290 non
282 2255 524 2290 intellexerunt.
553 2255 722 2289 Maximus
735 2254 857 2302 Tyrius
871 2250 940 2289 diss.
950 2266 981 2298 7.
999 2266 1031 2302 p.
1044 2266 1097 2298 79.
1108 2265 1166 2287 eos
1182 2249 1288 2298 fuiffe,
1302 2254 1356 2293 ait,
1382 2251 1536 2288 homines
1552 2253 1785 2298 stolidissimos,

0 2325 1 2331 ¹
48 2307 157 2357 Atque
170 2309 319 2343 Socrates
333 2319 389 2342 eos
406 2306 516 2342 irridet
533 2305 705 2355 illuditque
725 2305 812 2356 apud
834 2306 1080 2352 Xenophontem
1098 2307 1133 2339 in
1148 2302 1330 2353 Symposio
1350 2318 1420 2354 cap.
1436 2305 1493 2347 ΠΙ,
1509 2308 1540 2342 6.
1557 2307 1610 2341 vbi
1627 2321 1657 2343 v.
1673 2309 1784 2343 Bachii

0 2387 3 2392 ,
47 2370 161 2396 notam
176 2373 209 2409 p.
219 2372 288 2405 130.
308 2370 340 2395 et
355 2362 388 2395 in
400 2360 548 2395 Memor.
558 2359 651 2396 Socr.
664 2361 720 2395 IV.
732 2372 760 2395 2.
774 2371 823 2395 to.
841 2359 892 2394 vbi
909 2371 940 2395 V.
954 2355 1080 2393 Ernesti
1097 2366 1127 2392 et
1137 2358 1251 2392 Zeunii
1269 2366 1372 2398 notas,
1397 2368 1428 2392 et
1443 2357 1483 2394 cl.
1494 2359 1633 2395 Miilleri
1647 2357 1782 2408 praefat.

48 2410 90 2448 ad
109 2413 199 2448 Ionis
219 2411 295 2448 edit.
324 2425 357 2460 p.
381 2413 457 2447 XlV
476 2409 547 2460 sqq.
569 2412 640 2450 Iam
667 2414 868 2461 antiquiores
889 2408 1042 2460 rhapsodi
1065 2407 1224 2446 addebant
1237 2408 1395 2458 decerptis
1411 2411 1578 2459 particulis
1598 2415 1782 2462 prooemia.

0 2460 5 2497 ἱ
45 2462 185 2504 Ρίπιίαν.
199 2465 298 2501 Nem.
316 2462 374 2501 od.
390 2471 432 2504 11.
447 2477 461 2501 ι
478 2461 549 2514 sqq.
883 2516 914 2550 A

927 2527 944 2549 a
958 2528 975 2549 a
1001 2527 1021 2551 2
1698 2521 1785 2555 ’Όὲει
