2183 2747
12 167 74 196 V01-
85 169 102 194 1-
117 177 143 202 Ρ·
155 169 277 203 wrm
438 164 561 204 me
587 165 660 202 vn.
714 163 1062 202 SIBYLLINORVM.
1177 163 1290 202 Lim.
1318 177 1343 200 c.
1356 163 1532 202 XXXII.
1682 178 1742 212 -27
1751 180 1767 213 3

15 267 141 300 riarum
155 263 340 300 leelionum
354 261 412 298 ⁰⁴¹).
468 261 626 299 Similiter
641 265 675 298 in
692 264 792 299 veteri
807 274 945 312 gemma
959 259 1106 298 carniola
1129 258 1303 312 pisciculos
1323 275 1363 298 cx
1383 272 1523 311 vtroque
1545 264 1648 298 cmcis
1670 262 1770 298 latere

16 315 181 368 express'os
198 314 240 352 de
255 315 447 352 Christi-anis
469 317 556 352 recle
577 319 714 365 exponit
728 314 816 352 idem
831 315 974 351 Smetius
987 330 1018 365 p.
1036 327 1083 359 33.
1136 317 1278 366 Optatus
1293 315 1378 352 libro
1393 317 1448 351 111.
1472 312 1625 350 aduersus
1641 317 1767 352 Parme-

14 372 156 406 nimum
169 382 242 420 cap.
258 381 286 404 a.
343 369 408 404 Hic
424 368 466 415 est
476 368 595 416 piscis,
623 371 676 415 qui
689 371 721 403 in
734 368 925 416 baptismate
944 380 1007 413 per
1030 370 1261 403 inmutationem
1273 368 1465 416 fontalibus
1488 368 1581 402 undis
1603 367 1770 415 inseritur,

15 430 53 458 vt
67 435 147 470 quae
160 423 391 470 aquafuerat,
418 434 438 455 a
446 421 532 469 pisce
549 423 643 455 etiam
650 420 776 468 pisitina
797 417 1053 472 (κολυμβήθρα
1069 433 1131 471 pro
1147 420 1334 470 baptisterio
1358 422 1504 456 occurrit
1517 418 1605 470 apud
1627 421 1771 456 Athana-

14 473 103 511 fium
116 485 148 511 et
163 473 278 525 paffim
291 472 379 524 apud
395 470 567 523 scriptores
582 474 726 509 Graecos
746 473 967 519 Christianos;
994 473 1068 510 vide
1090 475 1264 509 Suicerum
1285 484 1316 510 et
1337 475 1456 522 Cangii
1478 470 1633 522 glolsar.)
1657 475 1770 508 vocite-

8 534 82 563 ἣν,
133 528 238 564 Cuius
249 526 350 575 piscis
363 538 495 570 nomen,
515 526 692 574 ficundum
707 527 950 572 appellationem
966 527 1143 569 Graecam,
1168 528 1202 561 in
1217 539 1279 561 vno
1293 528 1434 568 nominc,
1459 526 1680 575 persingulas
1703 525 1772 561 lite-

16 592 90 623 ras,
117 582 245 616 turbam
256 579 448 628 Janfi‘urum
465 581 626 614 nominum
648 582 797 621 continet,
825 578 961 630 Ἰχθὺς,
979 581 1067 626 quod
1081 578 1194 626 [ff]est
1209 579 1386 615 Latinum.-
1410 579 1531 614 [ESVS
1541 579 1772 614 CHRISTVS

17 633 96 668 DEI
110 634 246 669 Frles
262 633 520 668 SALVATOR.
575 629 704 667 Confer
728 639 899 671 Zenonem
926 630 1153 669 veronensem
1171 631 1292 668 homil.
1312 643 1338 677 5.
1360 630 1400 667 ad
1418 633 1627 681 Neophytos.
1681 632 1773 666 Hinc

18 682 107 721 forte
124 687 355 731 Hieronymus
373 683 556 721 Bonofium
576 695 672 720 vocat
679 683 790 731 filium
810 680 939 734 ἰχθύος
956 687 975 720 ἰ.
995 699 1022 721 e.
1037 684 1283 728 Christianum,
1312 684 1411 734 Epist.
1427 696 1477 728 43.
1532 686 1630 720 Certe
1655 683 1772 731 Augu-

7 737 120 785 stium
133 752 268 788 quoque
281 738 349 774 Lib.
368 739 427 772 XV
432 740 487 773 111.
501 735 542 773 de
557 739 630 774 Ciu.
647 739 710 773 Dei
725 750 794 787 cap.
814 750 864 781 23.
881 747 993 781 notat,
1012 740 1151 774 nomine
1171 735 1263 788 piscis
1279 737 1450 773 Christum
1468 735 1606 782 mystice
1620 735 1772 786 intelligi,

19 803 74 834 eo,
101 792 190 838 quod
201 792 296 826 buius
311 791 520 825 mortalitatis
541 789 647 838 tib-ffb
664 790 752 825 velut
775 792 808 825 in
829 803 986 838 aquarum
1006 791 1232 838 profunditate
1254 793 1366 832 viuus,
1399 790 1429 825 Ιι.
1443 802 1466 824 e.
1478 790 1549 838 fine
1565 796 1694 835 peccato
1719 788 1774 837 ff

14 846 178 890 potuerit.
232 845 314 879 Sunt
329 854 459 885 tamen,
483 845 538 892 qui
555 842 655 877 aliam
673 845 839 892 originem
853 853 1033 893 exponant.
1058 841 1143 878 vnde
1150 843 1250 890 piscis·
1265 841 1369 879 dictus
1386 839 1484 878 fuerit
1499 843 1665 883 Seruator,
1682 840 1774 891 quod

19 909 143 945 nempe
158 895 200 932 de
214 910 254 932 eo
271 894 381 932 Dauid
399 894 515 931 dixerit
531 892 576 930 Ps.
595 897 724 931 LXXII.
743 907 787 940 17.
803 907 940 932 ’0ῆὲΠῆ
956 907 1029 931 *mw
1045 905 1104 943 Γ»
1121 909 1262 945 quarum
1276 909 1399 931 vocum
1417 898 1544 945 primae
1566 894 1678 930 literae
1702 893 1773 930 red-

20 946 104 984 dunt
121 962 248 984 nomen
262 960 334 991 ww,
352 951 458 998 prima
484 960 563 983 vero
578 960 644 983 vox
667 948 904 996 mvsbbolcscet
928 962 946 984 a
960 947 1130 985 Chaldaeo
1154 959 1198 995 Γο)
1224 947 1315 997 quod
1333 948 1449 995 piscem
1473 947 1626 990 denotat,
1654 957 1686 983 et
1706 960 1774 996 quo

20 1004 241 1037 animantium
256 1014 376 1050 genere
391 1000 524 1036 nullum
547 999 635 1035 aliud
659 1000 703 1036 est
725 997 933 1036 foecundius.
1004 1000 1088 1036 Vide
1110 999 1303 1046 Raymundi
1325 1002 1462 1036 Martini
1487 1003 1671 1049 pugionem
1699 999 1775 1035 fidei

18 1060 182 1104 pag-583.
201 1053 276 1089 edit.
297 1056 486 1102 Carpzouii.
541 1051 603 1087 Sed
618 1066 688 1088 non
704 1052 748 1088 est
765 1053 938 1096 credibile,
963 1053 1178 1089 Tertulliano
1193 1064 1224 1088 et
1243 1052 1313 1088 aliis
1329 1053 1489 1088 veteribus
1505 1063 1572 1088 tam
1597 1049 1720 1088 subtilis
1743 1062 1775 1088 et

19 1103 180 1142 abssmsae
195 1109 329 1142 rationis
347 1109 380 1140 in
396 1115 544 1140 mentem
559 1107 669 1153 potius
681 1102 820 1148 veuiss'e,
849 1119 950 1156 quam
967 1107 1084 1142 obuiae
1099 1106 1228 1141 alterius
1251 1116 1283 1141 et
1298 1101 1486 1141 facillimae.
1539 1107 1649 1140 Potuit
1664 1115 1777 1141 tamen

20 1160 56 1194 in
73 1161 158 1194 hanc
172 1162 272 1194 etiam
288 1157 353 1194 sine
366 1157 519 1204 Sibyllini
532 1160 687 1193 carminis
703 1154 905 1207 inspectione
918 1158 1034 1208 aliquis
1050 1158 1192 1194 incidere
1203 1187 1212 1200 ,
1237 1169 1271 1194 vt
1291 1172 1329 1194 ex
1354 1157 1414 1193 illo
1437 1154 1528 1193 sensu
1551 1157 1697 1202 Mystico
1719 1170 1776 1193 vo-

22 1211 129 1247 cabuli
146 1207 255 1260 ἶχθῦς
273 1208 361 1248 forte
374 1224 442 1246 non
458 1209 555 1260 plane
569 1220 697 1246 certum
712 1209 769 1253 sit,
797 1210 1060 1247 Acrostichidem
1083 1211 1281 1256 Sibyllinam
1305 1209 1520 1246 Tertulliano
1542 1207 1636 1245 fuisse
1654 1209 1776 1246 lenam

22 1274 55 1300 et
69 1263 266 1300 consultam.
321 1262 422 1313 Qod
438 1262 590 1312 deinceps
608 1277 640 1312 p.
657 1271 725 1307 383.
742 1266 786 1298 ait
802 1263 946 1309 Sibylla,
974 1277 1108 1299 crucem
1126 1263 1245 1300 Christi
1269 1262 1500 1299 adumbratam
1515 1276 1533 1297 a
1550 1259 1646 1298 Mose
1667 1273 1776 1297 exten-

23 1314 63 1352 fis
81 1318 232 1352 manibus
247 1327 362 1353 orante
378 1312 530 1351 aduersus
557 1315 759 1351 Amalekitas
774 1315 881 1352 Exod.
901 1318 1003 1352 XVII.
1024 1330 1063 1352 11.
1087 1314 1311 1365 antiquissimis
1332 1315 1596 1351 Christianorum
1617 1311 1777 1364 suffragiis

23 1369 273 1418 comprobatur.
327 1366 412 1403 Vide
427 1368 592 1403 Barnabae
605 1368 704 1418 Epist.
721 1383 754 1418 p.
772 1380 821 1415 39.
837 1368 912 1405 edit.
931 1368 1071 1411 Clerici,
1087 1368 1247 1404 Iustinum
1262 1367 1336 1404 dial.
1352 1382 1429 1403 cum
1446 1369 1639 1417 Tryphone
1653 1381 1684 1417 p.
1702 1370 1776 1410 264.

24 1421 171 1457 Tertull.
187 1418 339 1457 aduersus
358 1419 508 1463 Iudaeos,
525 1431 556 1456 et
571 1432 597 1465 3.
613 1431 729 1457 contra
741 1423 968 1464 Marcionem,
983 1423 1193 1471 Cypri-anum
1203 1422 1270 1456 Lib.
1281 1423 1318 1457 11.
1333 1419 1497 1456 testimon.
1513 1430 1628 1455 contra
1644 1418 1778 1455 iudaeos

24 1484 57 1509 et
78 1477 111 1508 in
134 1476 293 1509 exhortat.
318 1476 468 1519 martyrii
494 1486 569 1523 pag.
590 1485 658 1520 175.
683 1484 717 1509 vt
733 1475 1004 1515 Nazianzenum.
1029 1472 1221 1510 Arnoldum
1245 1470 1486 1510 carnotensem
1509 1482 1540 1508 et
1563 1471 1645 1507 alios
1668 1485 1778 1508 recen-

26 1529 125 1562 tiores
140 1529 304 1562 omittam.
360 1525 457 1562 Plura
473 1524 591 1562 deinde
607 1529 640 1561 in
665 1528 863 1563 carminibus
878 1527 1047 1573 Sibyllinis
1071 1527 1228 1575 leguntur
1251 1525 1291 1562 de
1306 1524 1452 1575 pastione
1475 1524 1615 1567 Christi,
1641 1524 1780 1560 tenebris

27 1592 86 1628 per
99 1590 161 1615 tres
184 1581 281 1615 horas
302 1579 548 1628 ingruentibus,
583 1577 624 1614 de
646 1579 766 1615 Christi
789 1577 943 1616 descensu
965 1578 1005 1615 ad
1030 1577 1172 1621 inferos,
1206 1578 1391 1620 miraculis,
1424 1575 1678 1618 resurrectione,
1706 1587 1779 1612 tum

26 1630 203 1681 quomodo
222 1633 275 1666 hic
290 1633 362 1667 Rex
376 1645 393 1666 a
410 1633 509 1667 Sione
525 1630 754 1680 excipiendus,
780 1630 939 1682 verusque
955 1634 1045 1668 Deus
1070 1630 1228 1668 colendus
1251 1629 1287 1666 sit
1309 1631 1348 1665 ab
1368 1632 1507 1666 homine
1531 1628 1570 1664 ad
1595 1631 1780 1677 imaginem

25 1682 125 1733 ipsius
140 1683 294 1727 condito,
322 1684 440 1720 reliclis
455 1698 491 1719 ac
509 1683 685 1733 repudiatis
705 1683 812 1720 idolis.
866 1684 988 1720 Tradit
1001 1688 1100 1728 etiam
1120 1681 1333 1719 differtiffime
1356 1681 1396 1718 de
1419 1684 1589 1717 natiuitate
1604 1680 1723 1716 Christi
1740 1694 1780 1715 ex

25 1737 136 1773 Maria
152 1739 296 1786 virgine,
329 1751 431 1787 quam
465 1740 603 1773 nomine
634 1737 834 1787 compellat,
868 1749 899 1773 et
924 1751 942 1772 a
958 1737 1109 1774 Gabriele
1126 1736 1257 1785 Angelo
1281 1734 1321 1771 de
1345 1734 1399 1770 illa
1420 1747 1453 1769 re
1475 1736 1649 1769 certiorem
1675 1731 1780 1768 reddi-

27 1800 96 1824 tam
112 1789 251 1825 tessatur.
305 1789 475 1825 Christum
498 1790 616 1839 vbique
641 1787 790 1826 describit
813 1801 847 1826 vt
867 1791 980 1826 Deum
1004 1801 1035 1826 et
1050 1792 1112 1826 Dei
1133 1789 1274 1829 Filium,
1302 1791 1356 1837 qui
1382 1783 1546 1838 ἐξανὲθεν
1567 1783 1680 1834 μολών
1697 1783 1780 1836 βρο-

29 1842 106 1884 τέην
120 1837 298 1880 ἐνεδύσατο
313 1839 458 1893 μορφήν.
510 1843 663 1891 Denique
681 1846 802 1878 merito
818 1840 849 1879 se
865 1846 908 1879 ait
924 1856 1003 1879 cum
1016 1842 1148 1893 reliquis
1163 1841 1353 1878 Christianis
1378 1839 1577 1888 religionem
1593 1851 1612 1874 a
1628 1835 1698 1875 Iesu
1718 1847 1781 1873 tra·

29 1891 133 1929 ditam
148 1893 277 1938 colere,
299 1905 330 1930 et
348 1908 365 1929 a
383 1893 501 1930 Christi
518 1897 656 1930 nomine
673 1898 803 1931 vocari:

410 1954 506 1985 Tn'vta'
530 1953 570 1995 ἶς’
591 1954 665 1992 ›ipati-5
688 1957 735 1994 χρ)
758 1955 827 1990 ὅσιἠν
837 1961 941 1997 χριςοῖσ
963 1956 1091 1994 γενέθλης

408 2006 545 2047 Ὀυρανιήε
566 2009 719 2046 mamlius,
757 2010 962 2044 ὒηυιλεόμεσθα
983 2010 1116 2045 effingunt,

408 2059 516 2092 Mune-»iv
537 2061 692 2101 εὐφροσύνης
713 2061 754 2089 lm'
775 2061 940 2101 θρησκέῃπν
964 2061 1082 2098 'zon-er.
1105 2057 1162 2100 [P]

72 2117 137 2150 aa)
159 2115 232 2146 Satis
252 2111 411 2155 probabile
426 2115 478 2150 est,
493 2115 532 2144 ob
548 2113 630 2152 figlas
647 2116 787 2151 ΙΧΘΪΣ,
811 2117 878 2156 qui·
933 2117 1042 2145 Latino
1058 2111 1207 2144 vocabulo
1224 2111 1390 2147 redditum,
1414 2111 1575 2141 Christiani
1600 2106 1669 2141 non⁴
1688 2108 1780 2140 modo

29 2158 87 2189 bus
109 2159 271 2189 Christiani
292 2156 468 2197 frequenter
489 2158 670 2194 vtebantur,
709 2167 725 2187 a
756 2161 878 2189 Graecis
933 2170 995 2190 non
1012 2157 1203 2199 respuerunt,
1220 2155 1268 2185 sed
1286 2155 1321 2184 ad
1339 2154 1416 2185 sacra
1432 2165 1556 2196 quoque
1572 2153 1640 2190 sna,
1663 2163 1782 2183 eorum-

31 2201 208 2240 gentilibus,
230 2203 284 2243 qui
306 2204 369 2233 vim
383 2211 489 2231 eorum
505 2203 698 2240 ignorarent,
719 2201 768 2232 vel
787 2202 879 2232 cauil-
933 2213 993 2243 que
1008 2203 1161 2232 auc‘torcm
1179 2199 1450 2234 accommodantes,
1475 2199 1527 2240 ipsi
1545 2197 1626 2228 vltro
1641 2197 1720 2237 quasi
1734 2195 1783 2225 ad-

33 2244 116 2276 landi
140 2248 298 2276 materiem
320 2244 391 2274 inde
412 2244 521 2285 cupide
535 2248 718 2288 arriperent,
744 2245 805 2276 illis
820 2249 879 2288 pri·
934 2246 1098 2276 sciuerunt.
1141 2243 1319 2273 Acrostichis
1343 2241 1395 2272 illa
1419 2245 1470 2272 vix
1486 2243 1609 2272 videtur
1625 2249 1694 2270 ante
1710 2248 1782 2269 tem-

32 2299 135 2325 mum,
166 2292 197 2320 in
227 2287 442 2319 contumeliam
455 2311 463 2324 ,
494 2289 625 2319 inditum
647 2299 759 2319 nomen
786 2290 882 2325 12331.
935 2299 1008 2331 pora
1024 2288 1286 2327 Constantini,qui
1303 2285 1354 2316 illa
1370 2296 1465 2326 aeque
1482 2296 1513 2316 ac
1529 2284 1635 2323 Ecloga
1646 2286 1697 2314 IV.
1715 2284 1783 2312 Vir-

32 2334 154 2363 Constat
169 2335 262 2369 enim,
278 2333 462 2362 Christianos
478 2342 581 2362 omnes
601 2343 656 2374 pro
670 2333 816 2369 indoc‘tis,
840 2332 882 2362 fa·
935 2332 1021 2372 gilii,
1061 2340 1210 2372 tamquam
1243 2338 1422 2369 argumento
1458 2331 1593 2359 veritatis
1625 2326 1783 2366 religionis

33 2378 154 2417 tuisque
177 2376 264 2406 fuisse
287 2377 417 2412 habitos,
434 2376 460 2405 h.
478 2385 503 2407 e.
520 2387 576 2418 pro
589 2375 699 2412 ἰχθύσι.
746 2379 790 2407 Ita
805 2375 882 2406 scili·
936 2377 1122 2406 Christianae
1145 2377 1259 2411 mitur,
1296 2376 1399 2410 (Orat.
1431 2373 1468 2403 ad
1495 2374 1590 2403 San&
1615 2373 1647 2401 C.
1668 2381 1706 2407 ¹9-
1721 2369 1783 2410 sq.)

35 2428 81 2450 eet
101 2419 306 2456 Plutarchus,
328 2419 366 2449 de
391 2418 530 2460 prudent,
549 2419 677 2450 Animal.
696 2432 725 2461 p.
742 2430 820 2459 1795·
833 2421 881 2450 ed.
935 2429 1093 2460 tantopere
1124 2417 1210 2448 fuiss'e
1245 2416 1413 2452 celebrata,
1444 2425 1475 2446 vt
1505 2414 1702 2457 appellationi
1736 2413 1783 2442 isti

33 2464 74 2493 H.
91 2464 192 2504 Steph.
208 2463 306 2498 Ἰχθῧι
324 2462 371 2491 vic
392 2462 511 2498 α’μαθεῖι
526 2463 574 2491 καὶ
587 2463 708 2500 ivoni-rin,
723 2461 883 2503 λοιδορὲιτις
932 2463 1061 2504 piscium
1105 2462 1290 2494 occafionem
1340 2461 1486 2505 praebere
1526 2461 1670 2503 potuerit.
1714 2455 1783 2489 Iae-

33 2503 51 2540 ἔ
63 2505 222 2535 enain-rmus
230 2527 242 2543 ,
258 2505 429 2545 ὅνομσὲζομιν.
474 2506 509 2538 1d
526 2517 638 2538 nomen
653 2507 776 2544 deinde,
793 2510 883 2539 etiam
932 2516 999 2548 ger.

86 2557 152 2590 Vol.
167 2558 195 2591 I.
1161 2553 1200 2587 M
1211 2564 1246 2586 m
