<?xml version="1.0" encoding="UTF-8"?>
<!DOCTYPE html PUBLIC "-//W3C//DTD XHTML 1.0 Transitional//EN"
    "http://www.w3.org/TR/xhtml1/DTD/xhtml1-transitional.dtd">
<html xmlns="http://www.w3.org/1999/xhtml" xml:lang="en" lang="en">
 <head>
  <title>
</title>
<meta http-equiv="Content-Type" content="text/html;charset=utf-8" />
  <meta name='ocr-system' content='tesseract 3.04.00' />
  <meta name='ocr-capabilities' content='ocr_page ocr_carea ocr_par ocr_line ocrx_word'/>
</head>
<body>
  <div class='ocr_page' id='page_1' title='image "./bibliothecagraec01fabruoft_0085.png"; bbox 0 0 2183 2747; ppageno 0'>
   <div class='ocr_carea' id='block_1_1' title="bbox 25 88 1815 147">
    <p class='ocr_par' dir='ltr' id='par_1_1' title="bbox 25 88 1815 147">
     <span class='ocr_line' id='line_1_1' title="bbox 25 88 1815 147; baseline 0.003 -22"><span class='ocrx_word' id='word_1_1' title='bbox 25 88 115 118; x_wconf 66' lang='lat' dir='ltr'>voi-¹·</span> <span class='ocrx_word' id='word_1_2' title='bbox 126 88 262 125; x_wconf 63' lang='lat' dir='ltr'>p-asraz</span> <span class='ocrx_word' id='word_1_3' title='bbox 675 90 934 128; x_wconf 78' lang='lat' dir='ltr'>HERMETIS.</span> <span class='ocrx_word' id='word_1_4' title='bbox 1089 90 1165 128; x_wconf 66' lang='lat' dir='ltr'>Lib.</span> <span class='ocrx_word' id='word_1_5' title='bbox 1182 92 1210 127; x_wconf 85' lang='lat' dir='ltr'>J.</span> <span class='ocrx_word' id='word_1_6' title='bbox 1239 103 1262 128; x_wconf 75' lang='lat' dir='ltr'>c.</span> <span class='ocrx_word' id='word_1_7' title='bbox 1284 91 1374 129; x_wconf 76' lang='lat' dir='ltr'>VH.</span> <span class='ocrx_word' id='word_1_8' title='bbox 1773 111 1815 147; x_wconf 84' lang='lat'>49</span> 
     </span>
    </p>
   </div>
   <div class='ocr_carea' id='block_1_2' title="bbox 19 184 1812 1096">
    <p class='ocr_par' dir='ltr' id='par_1_2' title="bbox 19 184 1811 558">
     <span class='ocr_line' id='line_1_2' title="bbox 25 184 1811 239; baseline 0.004 -14"><span class='ocrx_word' id='word_1_9' title='bbox 25 186 166 225; x_wconf 76' lang='lat' dir='ltr'>ferPhil.</span> <span class='ocrx_word' id='word_1_10' title='bbox 183 186 383 224; x_wconf 87' lang='lat' dir='ltr'>Cluuerium</span> <span class='ocrx_word' id='word_1_11' title='bbox 398 189 433 223; x_wconf 88' lang='lat' dir='ltr'>in</span> <span class='ocrx_word' id='word_1_12' title='bbox 446 186 627 222; x_wconf 80' lang='lat' dir='ltr'>Germania</span> <span class='ocrx_word' id='word_1_13' title='bbox 645 191 780 239; x_wconf 79' lang='lat' dir='ltr'>antiqua</span> <span class='ocrx_word' id='word_1_14' title='bbox 796 188 851 224; x_wconf 90' lang='lat' dir='ltr'>lib.</span> <span class='ocrx_word' id='word_1_15' title='bbox 867 190 890 223; x_wconf 92' lang='grc' dir='ltr'>Ι.</span> <span class='ocrx_word' id='word_1_16' title='bbox 907 202 940 238; x_wconf 88' lang='lat' dir='ltr'>p.</span> <span class='ocrx_word' id='word_1_17' title='bbox 959 194 1006 230; x_wconf 86' lang='lat'>81.</span> <span class='ocrx_word' id='word_1_18' title='bbox 1029 184 1098 239; x_wconf 89' lang='lat' dir='ltr'><strong>sqq.</strong></span> <span class='ocrx_word' id='word_1_19' title='bbox 1123 199 1154 224; x_wconf 89' lang='lat' dir='ltr'>et</span> <span class='ocrx_word' id='word_1_20' title='bbox 1169 200 1235 225; x_wconf 82' lang='lat'>221.</span> <span class='ocrx_word' id='word_1_21' title='bbox 1254 186 1344 239; x_wconf 87' lang='lat' dir='ltr'>sqq.)</span> <span class='ocrx_word' id='word_1_22' title='bbox 1366 189 1569 239; x_wconf 73' lang='lat' dir='ltr'>Legislator,</span> <span class='ocrx_word' id='word_1_23' title='bbox 1599 190 1749 231; x_wconf 67' lang='lat' dir='ltr'>sacerdos</span> <span class='ocrx_word' id='word_1_24' title='bbox 1772 209 1811 232; x_wconf 88' lang='lat' dir='ltr'>ac</span> 
     </span>
     <span class='ocr_line' id='line_1_3' title="bbox 27 237 1808 294; baseline 0.003 -15"><span class='ocrx_word' id='word_1_25' title='bbox 27 237 248 291; x_wconf 68' lang='lat' dir='ltr'>Philosophus</span> <span class='ocrx_word' id='word_1_26' title='bbox 270 241 421 284; x_wconf 75' lang='lat' dir='ltr'>incl-itus,</span> <span class='ocrx_word' id='word_1_27' title='bbox 459 243 511 276; x_wconf 88' lang='lat' dir='ltr'>cui</span> <span class='ocrx_word' id='word_1_28' title='bbox 533 254 603 276; x_wconf 90' lang='lat' dir='ltr'>non</span> <span class='ocrx_word' id='word_1_29' title='bbox 626 239 786 291; x_wconf 66' lang='lat' dir='ltr'>professio</span> <span class='ocrx_word' id='word_1_30' title='bbox 808 244 979 285; x_wconf 76' lang='lat' dir='ltr'>trinitatis,</span> <span class='ocrx_word' id='word_1_31' title='bbox 1013 251 1065 285; x_wconf 73' lang='lat' dir='ltr'>vt,</span> <span class='ocrx_word' id='word_1_32' title='bbox 1092 240 1204 278; x_wconf 87' lang='lat' dir='ltr'>nescio</span> <span class='ocrx_word' id='word_1_33' title='bbox 1229 256 1297 292; x_wconf 90' lang='lat' dir='ltr'>quo</span> <span class='ocrx_word' id='word_1_34' title='bbox 1320 245 1474 286; x_wconf 61' lang='lat' dir='ltr'>auctore,</span> <span class='ocrx_word' id='word_1_35' title='bbox 1511 244 1657 293; x_wconf 77' lang='lat' dir='ltr'>prodidit</span> <span class='ocrx_word' id='word_1_36' title='bbox 1681 248 1808 294; x_wconf 59' lang='lat' dir='ltr'>Surdas,</span> 
     </span>
     <span class='ocr_line' id='line_1_4' title="bbox 23 292 1808 348; baseline 0.004 -16"><span class='ocrx_word' id='word_1_37' title='bbox 23 307 130 344; x_wconf 73' lang='lat' dir='ltr'>neque</span> <span class='ocrx_word' id='word_1_38' title='bbox 153 294 272 344; x_wconf 81' lang='lat' dir='ltr'>triplex</span> <span class='ocrx_word' id='word_1_39' title='bbox 288 292 455 345; x_wconf 78' lang='lat' dir='ltr'>proceffus</span> <span class='ocrx_word' id='word_1_40' title='bbox 480 295 651 330; x_wconf 86' lang='lat' dir='ltr'>chemicus</span> <span class='ocrx_word' id='word_1_41' title='bbox 672 296 712 331; x_wconf 82' lang='lat' dir='ltr'>ab</span> <span class='ocrx_word' id='word_1_42' title='bbox 735 293 805 346; x_wconf 89' lang='lat' dir='ltr'>ipso</span> <span class='ocrx_word' id='word_1_43' title='bbox 820 307 989 345; x_wconf 72' lang='lat' dir='ltr'>repertus,</span> <span class='ocrx_word' id='word_1_44' title='bbox 1023 306 1057 331; x_wconf 88' lang='lat' dir='ltr'>vt</span> <span class='ocrx_word' id='word_1_45' title='bbox 1077 309 1272 342; x_wconf 84' lang='lat' dir='ltr'>anonymus</span> <span class='ocrx_word' id='word_1_46' title='bbox 1295 296 1479 332; x_wconf 81' lang='lat' dir='ltr'>Graeculus</span> <span class='ocrx_word' id='word_1_47' title='bbox 1501 300 1545 333; x_wconf 85' lang='lat' dir='ltr'>ait</span> <span class='ocrx_word' id='word_1_48' title='bbox 1567 298 1655 348; x_wconf 84' lang='lat' dir='ltr'>apud</span> <span class='ocrx_word' id='word_1_49' title='bbox 1672 303 1808 340; x_wconf 86' lang='lat' dir='ltr'>Petrum</span> 
     </span>
     <span class='ocr_line' id='line_1_5' title="bbox 24 346 1809 399; baseline 0.002 -15"><span class='ocrx_word' id='word_1_50' title='bbox 24 348 241 384; x_wconf 80' lang='lat' dir='ltr'>Lainbecium</span> <span class='ocrx_word' id='word_1_51' title='bbox 263 348 319 384; x_wconf 92' lang='lat' dir='ltr'>lib.</span> <span class='ocrx_word' id='word_1_52' title='bbox 337 351 394 384; x_wconf 87' lang='lat' dir='ltr'>VI.</span> <span class='ocrx_word' id='word_1_53' title='bbox 422 358 644 384; x_wconf 77' lang='lat' dir='ltr'>commentar.</span> <span class='ocrx_word' id='word_1_54' title='bbox 670 364 701 399; x_wconf 87' lang='lat' dir='ltr'>p.</span> <span class='ocrx_word' id='word_1_55' title='bbox 722 362 787 396; x_wconf 82' lang='lat'>175.</span> <span class='ocrx_word' id='word_1_56' title='bbox 814 346 869 385; x_wconf 86' lang='lat' dir='ltr'>sed</span> <span class='ocrx_word' id='word_1_57' title='bbox 890 348 1078 384; x_wconf 81' lang='lat' dir='ltr'>multarum</span> <span class='ocrx_word' id='word_1_58' title='bbox 1106 363 1221 385; x_wconf 85' lang='lat' dir='ltr'>rerum</span> <span class='ocrx_word' id='word_1_59' title='bbox 1247 360 1278 386; x_wconf 87' lang='lat' dir='ltr'>et</span> <span class='ocrx_word' id='word_1_60' title='bbox 1305 352 1428 386; x_wconf 85' lang='lat' dir='ltr'>artium</span> <span class='ocrx_word' id='word_1_61' title='bbox 1455 347 1587 386; x_wconf 84' lang='lat' dir='ltr'>scientia</span> <span class='ocrx_word' id='word_1_62' title='bbox 1617 366 1762 390; x_wconf 80' lang='lat' dir='ltr'>TRISM</span> <span class='ocrx_word' id='word_1_63' title='bbox 1774 370 1809 391; x_wconf 77' lang='grc' dir='ltr'>ε-</span> 
     </span>
     <span class='ocr_line' id='line_1_6' title="bbox 26 399 1809 455; baseline 0.006 -20"><span class='ocrx_word' id='word_1_64' title='bbox 26 413 154 437; x_wconf 81' lang='lat' dir='ltr'>GisTr</span> <span class='ocrx_word' id='word_1_65' title='bbox 190 415 388 452; x_wconf 63' lang='lat' dir='ltr'>cognomen</span> <span class='ocrx_word' id='word_1_66' title='bbox 411 399 571 452; x_wconf 82' lang='lat' dir='ltr'>imposuit</span> <span class='ocrx_word' id='word_1_67' title='bbox 603 401 710 438; x_wconf 85' lang='lat' dir='ltr'>iudice</span> <span class='ocrx_word' id='word_1_68' title='bbox 731 404 904 439; x_wconf 68' lang='lat' dir='ltr'>Ladlantio</span> <span class='ocrx_word' id='word_1_69' title='bbox 930 402 985 438; x_wconf 92' lang='lat' dir='ltr'>lib.</span> <span class='ocrx_word' id='word_1_70' title='bbox 1010 404 1034 438; x_wconf 92' lang='lat'>1.</span> <span class='ocrx_word' id='word_1_71' title='bbox 1057 401 1160 438; x_wconf 87' lang='lat' dir='ltr'>diuin.</span> <span class='ocrx_word' id='word_1_72' title='bbox 1186 403 1288 439; x_wconf 87' lang='lat' dir='ltr'>Instit.</span> <span class='ocrx_word' id='word_1_73' title='bbox 1314 417 1386 455; x_wconf 83' lang='lat' dir='ltr'>cap.</span> <span class='ocrx_word' id='word_1_74' title='bbox 1406 408 1437 441; x_wconf 89' lang='lat'>6.</span> <span class='ocrx_word' id='word_1_75' title='bbox 1470 402 1511 440; x_wconf 89' lang='lat' dir='ltr'>ad</span> <span class='ocrx_word' id='word_1_76' title='bbox 1537 404 1630 455; x_wconf 86' lang='lat' dir='ltr'>quod</span> <span class='ocrx_word' id='word_1_77' title='bbox 1657 406 1809 445; x_wconf 75' lang='lat' dir='ltr'>alludens</span> 
     </span>
     <span class='ocr_line' id='line_1_7' title="bbox 19 454 1148 507; baseline 0.002 -17"><span class='ocrx_word' id='word_1_78' title='bbox 19 454 188 494; x_wconf 84' lang='lat' dir='ltr'>Martialis</span> <span class='ocrx_word' id='word_1_79' title='bbox 202 455 257 491; x_wconf 91' lang='lat' dir='ltr'>lib.</span> <span class='ocrx_word' id='word_1_80' title='bbox 277 459 318 492; x_wconf 91' lang='lat' dir='ltr'>V.</span> <span class='ocrx_word' id='word_1_81' title='bbox 336 459 451 507; x_wconf 81' lang='lat' dir='ltr'>Epigr.</span> <span class='ocrx_word' id='word_1_82' title='bbox 464 467 511 502; x_wconf 81' lang='lat'>25.</span> <span class='ocrx_word' id='word_1_83' title='bbox 528 454 569 492; x_wconf 91' lang='lat' dir='ltr'>de</span> <span class='ocrx_word' id='word_1_84' title='bbox 587 458 750 492; x_wconf 87' lang='lat' dir='ltr'>Hermete</span> <span class='ocrx_word' id='word_1_85' title='bbox 766 455 918 507; x_wconf 86' lang='lat' dir='ltr'>quodam</span> <span class='ocrx_word' id='word_1_86' title='bbox 942 454 1148 506; x_wconf 76' lang='lat' dir='ltr'>gladiatore:</span> 
     </span>
     <span class='ocr_line' id='line_1_8' title="bbox 194 508 903 558; baseline -0.001 -12"><span class='ocrx_word' id='word_1_87' title='bbox 194 509 333 546; x_wconf 60' lang='lat' dir='ltr'>Hermes</span> <span class='ocrx_word' id='word_1_88' title='bbox 359 514 465 546; x_wconf 79' lang='lat' dir='ltr'>omnia</span> <span class='ocrx_word' id='word_1_89' title='bbox 478 509 596 558; x_wconf 70' lang='lat' dir='ltr'>solur,</span> <span class='ocrx_word' id='word_1_90' title='bbox 625 517 656 545; x_wconf 82' lang='lat' dir='ltr'>et</span> <span class='ocrx_word' id='word_1_91' title='bbox 682 519 732 546; x_wconf 79' lang='lat' dir='ltr'>ter</span> <span class='ocrx_word' id='word_1_92' title='bbox 749 508 781 542; x_wconf 76' lang='lat'>⁶)</span> <span class='ocrx_word' id='word_1_93' title='bbox 810 523 903 545; x_wconf 78' lang='lat' dir='ltr'>vum.</span> 
     </span>
    </p>

    <p class='ocr_par' dir='ltr' id='par_1_3' title="bbox 22 558 1812 1096">
     <span class='ocr_line' id='line_1_9' title="bbox 23 558 1810 616; baseline 0.003 -18"><span class='ocrx_word' id='word_1_94' title='bbox 23 558 123 601; x_wconf 86' lang='lat' dir='ltr'>Mose</span> <span class='ocrx_word' id='word_1_95' title='bbox 149 561 221 613; x_wconf 90' lang='lat' dir='ltr'>ipso</span> <span class='ocrx_word' id='word_1_96' title='bbox 247 567 415 614; x_wconf 81' lang='lat' dir='ltr'>antiquior</span> <span class='ocrx_word' id='word_1_97' title='bbox 446 577 465 599; x_wconf 86' lang='lat' dir='ltr'>a</span> <span class='ocrx_word' id='word_1_98' title='bbox 497 562 613 599; x_wconf 84' lang='lat' dir='ltr'>inultis</span> <span class='ocrx_word' id='word_1_99' title='bbox 643 563 783 599; x_wconf 84' lang='lat' dir='ltr'>traditur</span> <span class='ocrx_word' id='word_1_100' title='bbox 803 593 813 607; x_wconf 53' lang='lat'>7</span> <span class='ocrx_word' id='word_1_101' title='bbox 853 563 924 600; x_wconf 82' lang='lat' dir='ltr'>aliis</span> <span class='ocrx_word' id='word_1_102' title='bbox 949 561 1233 600; x_wconf 88' lang='lat' dir='ltr'>confundentibus</span> <span class='ocrx_word' id='word_1_103' title='bbox 1266 577 1345 600; x_wconf 88' lang='lat' dir='ltr'>euin</span> <span class='ocrx_word' id='word_1_104' title='bbox 1372 578 1453 601; x_wconf 87' lang='lat' dir='ltr'>cum</span> <span class='ocrx_word' id='word_1_105' title='bbox 1482 568 1595 616; x_wconf 85' lang='lat' dir='ltr'>primo</span> <span class='ocrx_word' id='word_1_106' title='bbox 1625 567 1810 607; x_wconf 87' lang='lat' dir='ltr'>hominum</span> 
     </span>
     <span class='ocr_line' id='line_1_10' title="bbox 22 614 1810 672; baseline 0.004 -20"><span class='ocrx_word' id='word_1_107' title='bbox 22 614 179 659; x_wconf 73' lang='lat' dir='ltr'>Adamo,</span> <span class='ocrx_word' id='word_1_108' title='bbox 215 617 285 653; x_wconf 84' lang='lat' dir='ltr'>aliis</span> <span class='ocrx_word' id='word_1_109' title='bbox 310 631 389 653; x_wconf 88' lang='lat' dir='ltr'>cum</span> <span class='ocrx_word' id='word_1_110' title='bbox 415 614 559 667; x_wconf 90' lang='lat' dir='ltr'>Iosepho</span> <span class='ocrx_word' id='word_1_111' title='bbox 580 619 790 660; x_wconf 75' lang='lat' dir='ltr'>Patriarcha,</span> <span class='ocrx_word' id='word_1_112' title='bbox 819 615 851 649; x_wconf 49' lang='grc' dir='ltr'>ά)</span> <span class='ocrx_word' id='word_1_113' title='bbox 886 627 921 653; x_wconf 86' lang='lat' dir='ltr'>vt</span> <span class='ocrx_word' id='word_1_114' title='bbox 941 616 1160 668; x_wconf 84' lang='lat' dir='ltr'>Theophilus</span> <span class='ocrx_word' id='word_1_115' title='bbox 1185 616 1308 654; x_wconf 84' lang='lat' dir='ltr'>Galeus</span> <span class='ocrx_word' id='word_1_116' title='bbox 1332 618 1387 654; x_wconf 91' lang='lat' dir='ltr'>lib.</span> <span class='ocrx_word' id='word_1_117' title='bbox 1399 622 1421 654; x_wconf 93' lang='grc' dir='ltr'>Ι.</span> <span class='ocrx_word' id='word_1_118' title='bbox 1447 618 1684 670; x_wconf 78' lang='lat' dir='ltr'>Philosophiae</span> <span class='ocrx_word' id='word_1_119' title='bbox 1709 635 1810 672; x_wconf 86' lang='lat' dir='ltr'>gene-</span> 
     </span>
     <span class='ocr_line' id='line_1_11' title="bbox 23 668 1810 725; baseline 0.004 -21"><span class='ocrx_word' id='word_1_120' title='bbox 23 668 101 705; x_wconf 80' lang='lat' dir='ltr'>ralis</span> <span class='ocrx_word' id='word_1_121' title='bbox 123 683 151 704; x_wconf 91' lang='lat' dir='ltr'>c.</span> <span class='ocrx_word' id='word_1_122' title='bbox 171 683 196 705; x_wconf 86' lang='lat'>1.</span> <span class='ocrx_word' id='word_1_123' title='bbox 215 672 245 719; x_wconf 54' lang='grc' dir='ltr'>ᾗ.</span> <span class='ocrx_word' id='word_1_124' title='bbox 263 673 295 707; x_wconf 85' lang='grc'>6.</span> <span class='ocrx_word' id='word_1_125' title='bbox 318 670 371 707; x_wconf 87' lang='lat' dir='ltr'>vel</span> <span class='ocrx_word' id='word_1_126' title='bbox 387 673 559 707; x_wconf 86' lang='lat' dir='ltr'>Henocho</span> <span class='ocrx_word' id='word_1_127' title='bbox 573 669 619 714; x_wconf 67' lang='lat'>⁸)7</span> <span class='ocrx_word' id='word_1_128' title='bbox 646 681 681 707; x_wconf 88' lang='lat' dir='ltr'>vt</span> <span class='ocrx_word' id='word_1_129' title='bbox 701 670 812 707; x_wconf 89' lang='lat' dir='ltr'>videre</span> <span class='ocrx_word' id='word_1_130' title='bbox 832 670 877 706; x_wconf 86' lang='lat' dir='ltr'>est</span> <span class='ocrx_word' id='word_1_131' title='bbox 899 669 988 721; x_wconf 79' lang='lat' dir='ltr'>apud</span> <span class='ocrx_word' id='word_1_132' title='bbox 1012 672 1211 707; x_wconf 86' lang='lat' dir='ltr'>Kircherum</span> <span class='ocrx_word' id='word_1_133' title='bbox 1227 673 1274 707; x_wconf 88' lang='lat' dir='ltr'>T.</span> <span class='ocrx_word' id='word_1_134' title='bbox 1289 684 1311 706; x_wconf 91' lang='lat'>1.</span> <span class='ocrx_word' id='word_1_135' title='bbox 1339 671 1461 723; x_wconf 89' lang='lat' dir='ltr'>Oedipi</span> <span class='ocrx_word' id='word_1_136' title='bbox 1481 676 1627 724; x_wconf 74' lang='lat' dir='ltr'>Aegypt.</span> <span class='ocrx_word' id='word_1_137' title='bbox 1643 689 1675 725; x_wconf 88' lang='lat' dir='ltr'>p.</span> <span class='ocrx_word' id='word_1_138' title='bbox 1687 678 1810 723; x_wconf 83' lang='lat'>67.79.</span> 
     </span>
     <span class='ocr_line' id='line_1_12' title="bbox 23 722 1808 775; baseline 0.002 -17"><span class='ocrx_word' id='word_1_139' title='bbox 23 735 89 767; x_wconf 80' lang='lat'>114.</span> <span class='ocrx_word' id='word_1_140' title='bbox 115 722 185 758; x_wconf 84' lang='lat' dir='ltr'>aliis</span> <span class='ocrx_word' id='word_1_141' title='bbox 206 738 286 760; x_wconf 80' lang='lat' dir='ltr'>cum</span> <span class='ocrx_word' id='word_1_142' title='bbox 311 727 516 769; x_wconf 79' lang='lat' dir='ltr'>Chanaane7</span> <span class='ocrx_word' id='word_1_143' title='bbox 550 739 635 775; x_wconf 79' lang='lat' dir='ltr'>quae</span> <span class='ocrx_word' id='word_1_144' title='bbox 659 722 818 760; x_wconf 86' lang='lat' dir='ltr'>sententia</span> <span class='ocrx_word' id='word_1_145' title='bbox 840 723 967 774; x_wconf 83' lang='lat' dir='ltr'>placuit</span> <span class='ocrx_word' id='word_1_146' title='bbox 991 726 1052 763; x_wconf 88' lang='lat' dir='ltr'>W.</span> <span class='ocrx_word' id='word_1_147' title='bbox 1077 722 1310 772; x_wconf 59' lang='lat' dir='ltr'>Chrisioffioro</span> <span class='ocrx_word' id='word_1_148' title='bbox 1336 724 1625 774; x_wconf 49' lang='lat' dir='ltr'>Krifgsmannos)</span> <span class='ocrx_word' id='word_1_149' title='bbox 1662 732 1697 764; x_wconf 84' lang='lat' dir='ltr'>in</span> <span class='ocrx_word' id='word_1_150' title='bbox 1716 732 1808 766; x_wconf 90' lang='lat' dir='ltr'>Con.</span> 
     </span>
     <span class='ocr_line' id='line_1_13' title="bbox 23 776 1806 828; baseline 0.004 -16"><span class='ocrx_word' id='word_1_151' title='bbox 23 777 178 814; x_wconf 63' lang='lat' dir='ltr'>iedtaneis</span> <span class='ocrx_word' id='word_1_152' title='bbox 200 776 242 813; x_wconf 76' lang='lat' dir='ltr'>ad</span> <span class='ocrx_word' id='word_1_153' title='bbox 267 779 432 814; x_wconf 82' lang='lat' dir='ltr'>Tacitum</span> <span class='ocrx_word' id='word_1_154' title='bbox 456 777 498 814; x_wconf 88' lang='lat' dir='ltr'>de</span> <span class='ocrx_word' id='word_1_155' title='bbox 519 779 670 814; x_wconf 88' lang='lat' dir='ltr'>moribus</span> <span class='ocrx_word' id='word_1_156' title='bbox 692 780 945 814; x_wconf 71' lang='lat' dir='ltr'>Germanorum</span> <span class='ocrx_word' id='word_1_157' title='bbox 968 788 1001 814; x_wconf 87' lang='lat' dir='ltr'>et</span> <span class='ocrx_word' id='word_1_158' title='bbox 1020 781 1054 813; x_wconf 92' lang='lat' dir='ltr'>in</span> <span class='ocrx_word' id='word_1_159' title='bbox 1082 778 1193 814; x_wconf 83' lang='lat' dir='ltr'>tabula</span> <span class='ocrx_word' id='word_1_160' title='bbox 1223 776 1435 828; x_wconf 81' lang='lat' dir='ltr'>smaragdina</span> <span class='ocrx_word' id='word_1_161' title='bbox 1460 779 1642 824; x_wconf 70' lang='lat' dir='ltr'>vindicata,</span> <span class='ocrx_word' id='word_1_162' title='bbox 1670 794 1701 818; x_wconf 90' lang='lat' dir='ltr'>et</span> <span class='ocrx_word' id='word_1_163' title='bbox 1716 783 1806 819; x_wconf 81' lang='lat' dir='ltr'>Sam.</span> 
     </span>
     <span class='ocr_line' id='line_1_14' title="bbox 22 828 1810 885; baseline 0.004 -20"><span class='ocrx_word' id='word_1_164' title='bbox 22 830 192 866; x_wconf 84' lang='lat' dir='ltr'>Bocharto</span> <span class='ocrx_word' id='word_1_165' title='bbox 213 830 269 866; x_wconf 88' lang='lat' dir='ltr'>lib.</span> <span class='ocrx_word' id='word_1_166' title='bbox 284 835 308 867; x_wconf 92' lang='grc' dir='ltr'>Ι.</span> <span class='ocrx_word' id='word_1_167' title='bbox 334 831 470 880; x_wconf 80' lang='lat' dir='ltr'>Phaleg.</span> <span class='ocrx_word' id='word_1_168' title='bbox 494 845 566 881; x_wconf 83' lang='lat' dir='ltr'>cap.</span> <span class='ocrx_word' id='word_1_169' title='bbox 582 845 610 867; x_wconf 86' lang='lat'>2.</span> <span class='ocrx_word' id='word_1_170' title='bbox 666 834 855 881; x_wconf 83' lang='lat' dir='ltr'>Artapanus</span> <span class='ocrx_word' id='word_1_171' title='bbox 876 831 965 882; x_wconf 87' lang='lat' dir='ltr'>apud</span> <span class='ocrx_word' id='word_1_172' title='bbox 988 828 1167 868; x_wconf 87' lang='lat' dir='ltr'>Eusebium</span> <span class='ocrx_word' id='word_1_173' title='bbox 1189 832 1245 868; x_wconf 90' lang='lat' dir='ltr'>lib.</span> <span class='ocrx_word' id='word_1_174' title='bbox 1262 833 1318 870; x_wconf 85' lang='lat' dir='ltr'>IX.</span> <span class='ocrx_word' id='word_1_175' title='bbox 1342 845 1527 884; x_wconf 80' lang='lat' dir='ltr'>praeparat.</span> <span class='ocrx_word' id='word_1_176' title='bbox 1550 849 1621 885; x_wconf 82' lang='lat' dir='ltr'>cap.</span> <span class='ocrx_word' id='word_1_177' title='bbox 1641 848 1688 880; x_wconf 83' lang='lat'>27.</span> <span class='ocrx_word' id='word_1_178' title='bbox 1719 846 1750 872; x_wconf 86' lang='lat' dir='ltr'>et</span> <span class='ocrx_word' id='word_1_179' title='bbox 1773 839 1810 873; x_wconf 84' lang='lat' dir='ltr'>in</span> 
     </span>
     <span class='ocr_line' id='line_1_15' title="bbox 23 883 1808 936; baseline 0.004 -18"><span class='ocrx_word' id='word_1_180' title='bbox 23 884 219 926; x_wconf 77' lang='lat' dir='ltr'>Chronico,</span> <span class='ocrx_word' id='word_1_181' title='bbox 265 883 356 933; x_wconf 89' lang='lat' dir='ltr'>quod</span> <span class='ocrx_word' id='word_1_182' title='bbox 378 883 646 920; x_wconf 71' lang='lat' dir='ltr'>Alexandrinum</span> <span class='ocrx_word' id='word_1_183' title='bbox 669 884 775 934; x_wconf 78' lang='lat' dir='ltr'>vulgo</span> <span class='ocrx_word' id='word_1_184' title='bbox 800 885 990 935; x_wconf 69' lang='lat' dir='ltr'>appellant,</span> <span class='ocrx_word' id='word_1_185' title='bbox 1032 895 1105 921; x_wconf 87' lang='lat' dir='ltr'>tum</span> <span class='ocrx_word' id='word_1_186' title='bbox 1128 883 1270 936; x_wconf 83' lang='lat' dir='ltr'>scriptor</span> <span class='ocrx_word' id='word_1_187' title='bbox 1296 891 1533 923; x_wconf 83' lang='lat' dir='ltr'>commentarii</span> <span class='ocrx_word' id='word_1_188' title='bbox 1564 891 1598 923; x_wconf 86' lang='lat' dir='ltr'>iu</span> <span class='ocrx_word' id='word_1_189' title='bbox 1620 890 1808 926; x_wconf 63' lang='lat' dir='ltr'>Hexatme-</span> 
     </span>
     <span class='ocr_line' id='line_1_16' title="bbox 23 935 1809 992; baseline 0.004 -20"><span class='ocrx_word' id='word_1_190' title='bbox 23 951 108 977; x_wconf 71' lang='lat' dir='ltr'>son,</span> <span class='ocrx_word' id='word_1_191' title='bbox 143 950 243 985; x_wconf 84' lang='lat' dir='ltr'>quem</span> <span class='ocrx_word' id='word_1_192' title='bbox 267 935 324 972; x_wconf 91' lang='lat' dir='ltr'>sub</span> <span class='ocrx_word' id='word_1_193' title='bbox 346 937 505 973; x_wconf 81' lang='lat' dir='ltr'>Eustathii</span> <span class='ocrx_word' id='word_1_194' title='bbox 527 939 730 974; x_wconf 86' lang='lat' dir='ltr'>Antiocheni</span> <span class='ocrx_word' id='word_1_195' title='bbox 757 941 899 974; x_wconf 88' lang='lat' dir='ltr'>nomine</span> <span class='ocrx_word' id='word_1_196' title='bbox 932 937 1033 974; x_wconf 84' lang='lat' dir='ltr'>edidit</span> <span class='ocrx_word' id='word_1_197' title='bbox 1063 937 1223 983; x_wconf 73' lang='lat' dir='ltr'>Allatius‚</span> <span class='ocrx_word' id='word_1_198' title='bbox 1264 938 1390 976; x_wconf 86' lang='lat' dir='ltr'>Mosen</span> <span class='ocrx_word' id='word_1_199' title='bbox 1418 938 1528 991; x_wconf 86' lang='lat' dir='ltr'>ipsum</span> <span class='ocrx_word' id='word_1_200' title='bbox 1556 944 1809 992; x_wconf 63' lang='lat' dir='ltr'>Aegyptiorum</span> 
     </span>
     <span class='ocr_line' id='line_1_17' title="bbox 24 990 1808 1042; baseline 0.004 -17"><span class='ocrx_word' id='word_1_201' title='bbox 24 992 237 1025; x_wconf 66' lang='lat' dir='ltr'>Mercurium</span> <span class='ocrx_word' id='word_1_202' title='bbox 262 1001 423 1034; x_wconf 67' lang='lat' dir='ltr'>innuunt,</span> <span class='ocrx_word' id='word_1_203' title='bbox 451 990 511 1034; x_wconf 65' lang='lat' dir='ltr'>[if]</span> <span class='ocrx_word' id='word_1_204' title='bbox 552 1005 655 1041; x_wconf 80' lang='lat' dir='ltr'>quam</span> <span class='ocrx_word' id='word_1_205' title='bbox 687 1005 808 1027; x_wconf 85' lang='lat' dir='ltr'>eorum</span> <span class='ocrx_word' id='word_1_206' title='bbox 833 995 1032 1041; x_wconf 82' lang='lat' dir='ltr'>opinionem</span> <span class='ocrx_word' id='word_1_207' title='bbox 1059 992 1190 1042; x_wconf 82' lang='lat' dir='ltr'>prolixe</span> <span class='ocrx_word' id='word_1_208' title='bbox 1216 994 1398 1030; x_wconf 79' lang='lat' dir='ltr'>confirmat</span> <span class='ocrx_word' id='word_1_209' title='bbox 1425 996 1569 1031; x_wconf 78' lang='lat' dir='ltr'>Huetius</span> <span class='ocrx_word' id='word_1_210' title='bbox 1591 994 1808 1032; x_wconf 77' lang='lat' dir='ltr'>demonstrat.</span> 
     </span>
     <span class='ocr_line' id='line_1_18' title="bbox 26 1040 1812 1096; baseline 0.003 -18"><span class='ocrx_word' id='word_1_211' title='bbox 26 1040 188 1091; x_wconf 63' lang='lat' dir='ltr'>hii-angel.</span> <span class='ocrx_word' id='word_1_212' title='bbox 207 1055 240 1092; x_wconf 85' lang='lat' dir='ltr'>p.</span> <span class='ocrx_word' id='word_1_213' title='bbox 257 1056 323 1079; x_wconf 86' lang='lat'>122.</span> <span class='ocrx_word' id='word_1_214' title='bbox 337 1041 406 1094; x_wconf 86' lang='lat' dir='ltr'>sqq.</span> <span class='ocrx_word' id='word_1_215' title='bbox 427 1042 504 1088; x_wconf 73' lang='lat' dir='ltr'>edit.</span> <span class='ocrx_word' id='word_1_216' title='bbox 528 1043 700 1095; x_wconf 79' lang='lat' dir='ltr'>Lipsiensis</span> <span class='ocrx_word' id='word_1_217' title='bbox 725 1043 769 1079; x_wconf 72' lang='lat' dir='ltr'>g).</span> <span class='ocrx_word' id='word_1_218' title='bbox 824 1047 956 1081; x_wconf 84' lang='lat' dir='ltr'>Faunus</span> <span class='ocrx_word' id='word_1_219' title='bbox 981 1059 1117 1096; x_wconf 82' lang='lat' dir='ltr'>quoque</span> <span class='ocrx_word' id='word_1_220' title='bbox 1142 1045 1255 1082; x_wconf 80' lang='lat' dir='ltr'>ltaliae</span> <span class='ocrx_word' id='word_1_221' title='bbox 1281 1048 1372 1091; x_wconf 71' lang='lat' dir='ltr'>Rex,</span> <span class='ocrx_word' id='word_1_222' title='bbox 1412 1047 1479 1085; x_wconf 84' lang='lat' dir='ltr'>alio</span> <span class='ocrx_word' id='word_1_223' title='bbox 1504 1052 1646 1085; x_wconf 87' lang='lat' dir='ltr'>nomine</span> <span class='ocrx_word' id='word_1_224' title='bbox 1671 1051 1812 1085; x_wconf 72' lang='lat' dir='ltr'>Hermes</span> 
     </span>
    </p>
   </div>
   <div class='ocr_carea' id='block_1_3' title="bbox 1704 1101 1812 1140">
    <p class='ocr_par' dir='ltr' id='par_1_4' title="bbox 1704 1101 1812 1140">
     <span class='ocr_line' id='line_1_19' title="bbox 1704 1101 1812 1140; baseline 0.019 -2"><span class='ocrx_word' id='word_1_225' title='bbox 1704 1101 1812 1140; x_wconf 70' lang='lat' dir='ltr'>dictus</span> 
     </span>
    </p>
   </div>
   <div class='ocr_carea' id='block_1_4' title="bbox 22 1177 885 1309">
    <p class='ocr_par' dir='ltr' id='par_1_5' title="bbox 22 1177 885 1309">
     <span class='ocr_line' id='line_1_20' title="bbox 24 1177 884 1222; baseline 0 -11"><span class='ocrx_word' id='word_1_226' title='bbox 24 1177 196 1211; x_wconf 82' lang='lat' dir='ltr'>Obseruatt.</span> <span class='ocrx_word' id='word_1_227' title='bbox 219 1177 273 1210; x_wconf 85' lang='lat' dir='ltr'>lib.</span> <span class='ocrx_word' id='word_1_228' title='bbox 287 1181 326 1210; x_wconf 90' lang='lat'>11.</span> <span class='ocrx_word' id='word_1_229' title='bbox 348 1189 412 1221; x_wconf 88' lang='lat' dir='ltr'>cap.</span> <span class='ocrx_word' id='word_1_230' title='bbox 430 1190 473 1209; x_wconf 91' lang='lat'>10.</span> <span class='ocrx_word' id='word_1_231' title='bbox 496 1189 563 1220; x_wconf 85' lang='lat' dir='ltr'>pag.</span> <span class='ocrx_word' id='word_1_232' title='bbox 582 1188 645 1218; x_wconf 84' lang='lat'>177.</span> <span class='ocrx_word' id='word_1_233' title='bbox 662 1178 703 1221; x_wconf 92' lang='lat' dir='ltr'>sq.</span> <span class='ocrx_word' id='word_1_234' title='bbox 730 1180 884 1222; x_wconf 83' lang='lat' dir='ltr'>explicare</span> 
     </span>
     <span class='ocr_line' id='line_1_21' title="bbox 22 1223 885 1262; baseline 0.003 -8"><span class='ocrx_word' id='word_1_235' title='bbox 22 1225 177 1262; x_wconf 77' lang='lat' dir='ltr'>originem</span> <span class='ocrx_word' id='word_1_236' title='bbox 201 1232 229 1253; x_wconf 88' lang='lat' dir='ltr'>et</span> <span class='ocrx_word' id='word_1_237' title='bbox 249 1223 395 1261; x_wconf 76' lang='lat' dir='ltr'>caussam,</span> <span class='ocrx_word' id='word_1_238' title='bbox 426 1234 481 1254; x_wconf 88' lang='lat' dir='ltr'>cur</span> <span class='ocrx_word' id='word_1_239' title='bbox 504 1223 578 1254; x_wconf 86' lang='lat' dir='ltr'>deus</span> <span class='ocrx_word' id='word_1_240' title='bbox 600 1225 637 1254; x_wconf 83' lang='lat' dir='ltr'>ab</span> <span class='ocrx_word' id='word_1_241' title='bbox 662 1227 809 1256; x_wconf 84' lang='lat' dir='ltr'>Hermete</span> <span class='ocrx_word' id='word_1_242' title='bbox 832 1237 885 1257; x_wconf 87' lang='lat' dir='ltr'>vo-</span> 
     </span>
     <span class='ocr_line' id='line_1_22' title="bbox 22 1266 629 1309; baseline 0.002 -11"><span class='ocrx_word' id='word_1_243' title='bbox 22 1275 109 1298; x_wconf 83' lang='lat' dir='ltr'>cetur</span> <span class='ocrx_word' id='word_1_244' title='bbox 126 1266 237 1307; x_wconf 65' lang='lat' dir='ltr'>a’na&#39;wf</span> <span class='ocrx_word' id='word_1_245' title='bbox 254 1276 346 1309; x_wconf 85' lang='lat' dir='ltr'>atque</span> <span class='ocrx_word' id='word_1_246' title='bbox 362 1267 487 1307; x_wconf 67' lang='grc' dir='ltr'><em>ᾰμῆτωρ.</em></span> <span class='ocrx_word' id='word_1_247' title='bbox 531 1268 629 1300; x_wconf 81' lang='lat' dir='ltr'>Harl.</span> 
     </span>
    </p>
   </div>
   <div class='ocr_carea' id='block_1_5' title="bbox 16 1319 884 1414">
    <p class='ocr_par' dir='ltr' id='par_1_6' title="bbox 16 1319 884 1414">
     <span class='ocr_line' id='line_1_23' title="bbox 68 1319 884 1364; baseline 0.001 -5"><span class='ocrx_word' id='word_1_248' title='bbox 68 1319 101 1363; x_wconf 62' lang='grc' dir='ltr'>ξ)</span> <span class='ocrx_word' id='word_1_249' title='bbox 128 1329 173 1358; x_wconf 75' lang='lat' dir='ltr'>Sic</span> <span class='ocrx_word' id='word_1_250' title='bbox 192 1330 316 1364; x_wconf 81' lang='lat' dir='ltr'>Geryon</span> <span class='ocrx_word' id='word_1_251' title='bbox 337 1334 385 1360; x_wconf 65' lang='lat' dir='ltr'>tet·</span> <span class='ocrx_word' id='word_1_252' title='bbox 406 1339 487 1360; x_wconf 75' lang='lat' dir='ltr'>muts</span> <span class='ocrx_word' id='word_1_253' title='bbox 509 1329 624 1360; x_wconf 81' lang='lat' dir='ltr'>dicitur</span> <span class='ocrx_word' id='word_1_254' title='bbox 640 1328 844 1361; x_wconf 70' lang='lat' dir='ltr'>Tertulliano</span> <span class='ocrx_word' id='word_1_255' title='bbox 859 1341 884 1360; x_wconf 87' lang='lat' dir='ltr'>c.</span> 
     </span>
     <span class='ocr_line' id='line_1_24' title="bbox 16 1370 235 1414; baseline 0.005 -12"><span class='ocrx_word' id='word_1_256' title='bbox 16 1382 52 1413; x_wconf 68' lang='lat'>4</span> <span class='ocrx_word' id='word_1_257' title='bbox 78 1372 114 1402; x_wconf 84' lang='lat' dir='ltr'>de</span> <span class='ocrx_word' id='word_1_258' title='bbox 130 1370 235 1414; x_wconf 82' lang='lat' dir='ltr'>pallio.</span> 
     </span>
    </p>
   </div>
   <div class='ocr_carea' id='block_1_6' title="bbox 19 1425 891 2491">
    <p class='ocr_par' dir='ltr' id='par_1_7' title="bbox 19 1425 891 2491">
     <span class='ocr_line' id='line_1_25' title="bbox 65 1425 882 1470; baseline 0.002 -13"><span class='ocrx_word' id='word_1_259' title='bbox 65 1425 102 1463; x_wconf 83' lang='lat' dir='ltr'>d)</span> <span class='ocrx_word' id='word_1_260' title='bbox 122 1438 152 1457; x_wconf 94' lang='lat' dir='ltr'>v.</span> <span class='ocrx_word' id='word_1_261' title='bbox 173 1425 315 1458; x_wconf 74' lang='lat' dir='ltr'>Fabricii</span> <span class='ocrx_word' id='word_1_262' title='bbox 334 1427 400 1457; x_wconf 88' lang='lat' dir='ltr'>cod.</span> <span class='ocrx_word' id='word_1_263' title='bbox 423 1426 566 1470; x_wconf 83' lang='lat' dir='ltr'>pseudep.</span> <span class='ocrx_word' id='word_1_264' title='bbox 586 1431 623 1459; x_wconf 89' lang='lat' dir='ltr'>V.</span> <span class='ocrx_word' id='word_1_265' title='bbox 649 1429 692 1459; x_wconf 91' lang='lat' dir='ltr'>T.</span> <span class='ocrx_word' id='word_1_266' title='bbox 721 1438 787 1470; x_wconf 85' lang='lat' dir='ltr'>pag.</span> <span class='ocrx_word' id='word_1_267' title='bbox 811 1431 882 1467; x_wconf 84' lang='lat'>760.</span> 
     </span>
     <span class='ocr_line' id='line_1_26' title="bbox 22 1469 884 1515; baseline 0 -12"><span class='ocrx_word' id='word_1_268' title='bbox 22 1469 182 1504; x_wconf 78' lang='lat' dir='ltr'>Lambeci-z&#39;</span> <span class='ocrx_word' id='word_1_269' title='bbox 196 1471 354 1501; x_wconf 89' lang='lat' dir='ltr'>Prodrom.</span> <span class='ocrx_word' id='word_1_270' title='bbox 377 1470 464 1503; x_wconf 84' lang='lat' dir='ltr'>lib.1.</span> <span class='ocrx_word' id='word_1_271' title='bbox 485 1482 588 1513; x_wconf 75' lang='lat' dir='ltr'>cap-7·</span> <span class='ocrx_word' id='word_1_272' title='bbox 605 1483 671 1515; x_wconf 83' lang='lat' dir='ltr'>pag.</span> <span class='ocrx_word' id='word_1_273' title='bbox 689 1482 732 1512; x_wconf 77' lang='lat'>57.</span> <span class='ocrx_word' id='word_1_274' title='bbox 749 1472 790 1513; x_wconf 93' lang='lat' dir='ltr'>sq.</span> <span class='ocrx_word' id='word_1_275' title='bbox 800 1472 884 1504; x_wconf 80' lang='lat' dir='ltr'><em>Heu-</em></span> 
     </span>
     <span class='ocr_line' id='line_1_27' title="bbox 21 1515 884 1558; baseline 0.001 -12"><span class='ocrx_word' id='word_1_276' title='bbox 21 1525 130 1547; x_wconf 77' lang='lat' dir='ltr'>mann.</span> <span class='ocrx_word' id='word_1_277' title='bbox 163 1518 231 1546; x_wconf 86' lang='lat' dir='ltr'>Huc</span> <span class='ocrx_word' id='word_1_278' title='bbox 260 1515 442 1546; x_wconf 84' lang='lat' dir='ltr'>referendus</span> <span class='ocrx_word' id='word_1_279' title='bbox 469 1528 593 1558; x_wconf 85' lang='lat' dir='ltr'>quoque</span> <span class='ocrx_word' id='word_1_280' title='bbox 626 1519 667 1547; x_wconf 87' lang='lat' dir='ltr'>est</span> <span class='ocrx_word' id='word_1_281' title='bbox 698 1515 884 1557; x_wconf 69' lang='lat' dir='ltr'>Theophilus</span> 
     </span>
     <span class='ocr_line' id='line_1_28' title="bbox 22 1558 882 1603; baseline -0.001 -12"><span class='ocrx_word' id='word_1_282' title='bbox 22 1558 177 1601; x_wconf 59' lang='lat' dir='ltr'>Sigefiid.</span> <span class='ocrx_word' id='word_1_283' title='bbox 204 1560 373 1601; x_wconf 72' lang='lat' dir='ltr'>Bayerus,</span> <span class='ocrx_word' id='word_1_284' title='bbox 403 1563 457 1601; x_wconf 87' lang='lat' dir='ltr'>qui</span> <span class='ocrx_word' id='word_1_285' title='bbox 481 1563 511 1590; x_wconf 87' lang='lat' dir='ltr'>in</span> <span class='ocrx_word' id='word_1_286' title='bbox 537 1560 702 1592; x_wconf 78' lang='lat' dir='ltr'>Thesauro</span> <span class='ocrx_word' id='word_1_287' title='bbox 724 1560 882 1603; x_wconf 86' lang='lat' dir='ltr'>epistolico</span> 
     </span>
     <span class='ocr_line' id='line_1_29' title="bbox 19 1604 884 1648; baseline 0.001 -15"><span class='ocrx_word' id='word_1_288' title='bbox 19 1604 209 1634; x_wconf 69' lang='lat' dir='ltr'>Lacroziano</span> <span class='ocrx_word' id='word_1_289' title='bbox 225 1614 299 1635; x_wconf 89' lang='lat' dir='ltr'>tom.</span> <span class='ocrx_word' id='word_1_290' title='bbox 314 1607 336 1635; x_wconf 93' lang='grc' dir='ltr'>Ι.</span> <span class='ocrx_word' id='word_1_291' title='bbox 362 1605 440 1647; x_wconf 86' lang='lat' dir='ltr'>Lips.</span> <span class='ocrx_word' id='word_1_292' title='bbox 460 1616 541 1644; x_wconf 71' lang='lat'>1742.</span> <span class='ocrx_word' id='word_1_293' title='bbox 566 1616 631 1648; x_wconf 83' lang='lat' dir='ltr'>pag.</span> <span class='ocrx_word' id='word_1_294' title='bbox 649 1611 690 1637; x_wconf 78' lang='lat'>16.</span> <span class='ocrx_word' id='word_1_295' title='bbox 709 1608 742 1636; x_wconf 86' lang='lat' dir='ltr'>in</span> <span class='ocrx_word' id='word_1_296' title='bbox 757 1604 884 1648; x_wconf 82' lang='lat' dir='ltr'>epistola</span> 
     </span>
     <span class='ocr_line' id='line_1_30' title="bbox 20 1648 883 1689; baseline 0.001 -12"><span class='ocrx_word' id='word_1_297' title='bbox 20 1648 171 1689; x_wconf 68' lang='lat' dir='ltr'>quadrum</span> <span class='ocrx_word' id='word_1_298' title='bbox 195 1649 257 1686; x_wconf 77' lang='lat' dir='ltr'>„de</span> <span class='ocrx_word' id='word_1_299' title='bbox 276 1651 446 1686; x_wconf 83' lang='lat' dir='ltr'>Mercurio,</span> <span class='ocrx_word' id='word_1_300' title='bbox 469 1652 511 1680; x_wconf 82' lang='lat' dir='ltr'>ait</span> <span class='ocrx_word' id='word_1_301' title='bbox 534 1668 576 1673; x_wconf 88' lang='lat'>-—</span> <span class='ocrx_word' id='word_1_302' title='bbox 606 1650 702 1680; x_wconf 85' lang='lat' dir='ltr'>multa</span> <span class='ocrx_word' id='word_1_303' title='bbox 719 1650 787 1680; x_wconf 85' lang='lat' dir='ltr'>sunt</span> <span class='ocrx_word' id='word_1_304' title='bbox 803 1651 883 1680; x_wconf 72' lang='lat' dir='ltr'>dic&#39;ta</span> 
     </span>
     <span class='ocr_line' id='line_1_31' title="bbox 20 1694 882 1736; baseline 0.003 -15"><span class='ocrx_word' id='word_1_305' title='bbox 20 1703 40 1721; x_wconf 76' lang='lat' dir='ltr'>a</span> <span class='ocrx_word' id='word_1_306' title='bbox 62 1694 216 1728; x_wconf 77' lang='lat' dir='ltr'>veteribus</span> <span class='ocrx_word' id='word_1_307' title='bbox 232 1717 242 1730; x_wconf 90' lang='lat'>,</span> <span class='ocrx_word' id='word_1_308' title='bbox 275 1704 353 1734; x_wconf 85' lang='lat' dir='ltr'>quae</span> <span class='ocrx_word' id='word_1_309' title='bbox 375 1694 503 1736; x_wconf 84' lang='lat' dir='ltr'>Iosepho</span> <span class='ocrx_word' id='word_1_310' title='bbox 530 1697 699 1725; x_wconf 82' lang='lat' dir='ltr'>conuenire</span> <span class='ocrx_word' id='word_1_311' title='bbox 725 1695 882 1725; x_wconf 66' lang='lat' dir='ltr'>videntur.</span> 
     </span>
     <span class='ocr_line' id='line_1_32' title="bbox 22 1737 884 1781; baseline 0.002 -14"><span class='ocrx_word' id='word_1_312' title='bbox 22 1739 94 1768; x_wconf 81' lang='lat' dir='ltr'>Eius</span> <span class='ocrx_word' id='word_1_313' title='bbox 114 1737 182 1768; x_wconf 85' lang='lat' dir='ltr'>sane</span> <span class='ocrx_word' id='word_1_314' title='bbox 211 1749 258 1768; x_wconf 87' lang='lat' dir='ltr'>res</span> <span class='ocrx_word' id='word_1_315' title='bbox 282 1740 374 1777; x_wconf 82' lang='lat' dir='ltr'>gestas</span> <span class='ocrx_word' id='word_1_316' title='bbox 395 1741 615 1781; x_wconf 76' lang='lat' dir='ltr'>AegyptIOrum</span> <span class='ocrx_word' id='word_1_317' title='bbox 640 1739 830 1769; x_wconf 83' lang='lat' dir='ltr'>sermonibus</span> <span class='ocrx_word' id='word_1_318' title='bbox 854 1747 884 1769; x_wconf 83' lang='lat' dir='ltr'>et</span> 
     </span>
     <span class='ocr_line' id='line_1_33' title="bbox 22 1781 884 1821; baseline 0.002 -10"><span class='ocrx_word' id='word_1_319' title='bbox 22 1786 230 1813; x_wconf 86' lang='lat' dir='ltr'>monumentis</span> <span class='ocrx_word' id='word_1_320' title='bbox 255 1781 421 1814; x_wconf 77' lang='lat' dir='ltr'>celebratas</span> <span class='ocrx_word' id='word_1_321' title='bbox 445 1783 533 1814; x_wconf 73' lang='lat' dir='ltr'>fuiss&#39;e</span> <span class='ocrx_word' id='word_1_322' title='bbox 551 1807 559 1821; x_wconf 92' lang='lat'>‚</span> <span class='ocrx_word' id='word_1_323' title='bbox 588 1783 684 1814; x_wconf 82' lang='lat' dir='ltr'>multa</span> <span class='ocrx_word' id='word_1_324' title='bbox 707 1784 774 1814; x_wconf 84' lang='lat' dir='ltr'>sunt.</span> <span class='ocrx_word' id='word_1_325' title='bbox 804 1783 884 1813; x_wconf 87' lang='lat' dir='ltr'>indi-</span> 
     </span>
     <span class='ocr_line' id='line_1_34' title="bbox 22 1827 885 1870; baseline 0.002 -14"><span class='ocrx_word' id='word_1_326' title='bbox 22 1828 90 1860; x_wconf 82' lang='lat' dir='ltr'>cio,</span> <span class='ocrx_word' id='word_1_327' title='bbox 121 1836 153 1856; x_wconf 90' lang='lat' dir='ltr'>ac</span> <span class='ocrx_word' id='word_1_328' title='bbox 169 1827 263 1857; x_wconf 87' lang='lat' dir='ltr'>credo</span> <span class='ocrx_word' id='word_1_329' title='bbox 284 1829 374 1857; x_wconf 87' lang='lat' dir='ltr'>etiam</span> <span class='ocrx_word' id='word_1_330' title='bbox 396 1827 483 1858; x_wconf 77' lang='lat' dir='ltr'>&#39;illum</span> <span class='ocrx_word' id='word_1_331' title='bbox 505 1827 605 1858; x_wconf 85' lang='lat' dir='ltr'>locum</span> <span class='ocrx_word' id='word_1_332' title='bbox 625 1827 816 1870; x_wconf 71' lang='lat' dir='ltr'>Palaeplzati</span> <span class='ocrx_word' id='word_1_333' title='bbox 830 1830 885 1859; x_wconf 86' lang='lat' dir='ltr'>Ae-</span> 
     </span>
     <span class='ocr_line' id='line_1_35' title="bbox 21 1871 885 1913; baseline 0.005 -14"><span class='ocrx_word' id='word_1_334' title='bbox 21 1872 119 1912; x_wconf 74' lang='lat' dir='ltr'>gyptii</span> <span class='ocrx_word' id='word_1_335' title='bbox 145 1881 185 1901; x_wconf 83' lang='lat' dir='ltr'>ex</span> <span class='ocrx_word' id='word_1_336' title='bbox 203 1871 304 1913; x_wconf 79' lang='lat' dir='ltr'>Fastis</span> <span class='ocrx_word' id='word_1_337' title='bbox 322 1872 436 1903; x_wconf 75' lang='lat' dir='ltr'>Siculis</span> <span class='ocrx_word' id='word_1_338' title='bbox 452 1895 460 1909; x_wconf 92' lang='lat'>,</span> <span class='ocrx_word' id='word_1_339' title='bbox 491 1884 560 1903; x_wconf 86' lang='lat' dir='ltr'>cum</span> <span class='ocrx_word' id='word_1_340' title='bbox 576 1871 669 1903; x_wconf 87' lang='lat' dir='ltr'>solem</span> <span class='ocrx_word' id='word_1_341' title='bbox 694 1873 767 1903; x_wconf 82' lang='lat' dir='ltr'>dicit</span> <span class='ocrx_word' id='word_1_342' title='bbox 790 1875 885 1912; x_wconf 76' lang='lat' dir='ltr'>Aegy-</span> 
     </span>
     <span class='ocr_line' id='line_1_36' title="bbox 23 1915 885 1958; baseline 0.001 -14"><span class='ocrx_word' id='word_1_343' title='bbox 23 1917 159 1957; x_wconf 81' lang='lat' dir='ltr'>ptiorum</span> <span class='ocrx_word' id='word_1_344' title='bbox 181 1916 271 1945; x_wconf 83' lang='lat' dir='ltr'>rebus</span> <span class='ocrx_word' id='word_1_345' title='bbox 293 1915 457 1957; x_wconf 79' lang='lat' dir='ltr'>praefuisse</span> <span class='ocrx_word' id='word_1_346' title='bbox 483 1916 546 1947; x_wconf 84' lang='lat' dir='ltr'>dies</span> <span class='ocrx_word' id='word_1_347' title='bbox 568 1926 678 1958; x_wconf 85' lang='lat' dir='ltr'>quater</span> <span class='ocrx_word' id='word_1_348' title='bbox 704 1916 790 1947; x_wconf 85' lang='lat' dir='ltr'>mille</span> <span class='ocrx_word' id='word_1_349' title='bbox 814 1927 885 1958; x_wconf 84' lang='lat' dir='ltr'>qua-</span> 
     </span>
     <span class='ocr_line' id='line_1_37' title="bbox 24 1959 885 2002; baseline 0.003 -13"><span class='ocrx_word' id='word_1_350' title='bbox 24 1960 203 1998; x_wconf 81' lang='lat' dir='ltr'>dringentos</span> <span class='ocrx_word' id='word_1_351' title='bbox 228 1959 342 2001; x_wconf 80' lang='lat' dir='ltr'>septem</span> <span class='ocrx_word' id='word_1_352' title='bbox 369 1968 398 1991; x_wconf 89' lang='lat' dir='ltr'>et</span> <span class='ocrx_word' id='word_1_353' title='bbox 421 1959 626 2002; x_wconf 79' lang='lat' dir='ltr'>septuaginta,</span> <span class='ocrx_word' id='word_1_354' title='bbox 651 1963 707 1992; x_wconf 85' lang='lat' dir='ltr'>hoc</span> <span class='ocrx_word' id='word_1_355' title='bbox 727 1963 768 1991; x_wconf 81' lang='lat' dir='ltr'>est</span> <span class='ocrx_word' id='word_1_356' title='bbox 790 1972 885 1992; x_wconf 81' lang='lat' dir='ltr'>annos</span> 
     </span>
     <span class='ocr_line' id='line_1_38' title="bbox 23 2004 885 2048; baseline 0.002 -15"><span class='ocrx_word' id='word_1_357' title='bbox 23 2004 190 2034; x_wconf 78' lang='lat' dir='ltr'>duodecim</span> <span class='ocrx_word' id='word_1_358' title='bbox 211 2004 396 2041; x_wconf 79' lang='lat' dir='ltr'>admodum,</span> <span class='ocrx_word' id='word_1_359' title='bbox 433 2014 524 2046; x_wconf 78' lang='lat' dir='ltr'>atque</span> <span class='ocrx_word' id='word_1_360' title='bbox 551 2007 694 2048; x_wconf 79' lang='lat' dir='ltr'>deinceps</span> <span class='ocrx_word' id='word_1_361' title='bbox 717 2009 759 2036; x_wconf 81' lang='lat' dir='ltr'>ita</span> <span class='ocrx_word' id='word_1_362' title='bbox 786 2005 885 2047; x_wconf 84' lang='lat' dir='ltr'>prose-</span> 
     </span>
     <span class='ocr_line' id='line_1_39' title="bbox 19 2048 886 2089; baseline 0.001 -10"><span class='ocrx_word' id='word_1_363' title='bbox 19 2051 131 2089; x_wconf 83' lang='lat' dir='ltr'>quitur</span> <span class='ocrx_word' id='word_1_364' title='bbox 152 2051 341 2079; x_wconf 75' lang='lat' dir='ltr'>orationem:</span> <span class='ocrx_word' id='word_1_365' title='bbox 373 2049 389 2077; x_wconf 72' lang='grc' dir='ltr'><em>ἐ</em></span> <span class='ocrx_word' id='word_1_366' title='bbox 411 2048 464 2089; x_wconf 56' lang='grc' dir='ltr'>γάρ</span> <span class='ocrx_word' id='word_1_367' title='bbox 484 2048 582 2086; x_wconf 62' lang='grc' dir='ltr'>ᾔδεισαν</span> <span class='ocrx_word' id='word_1_368' title='bbox 609 2050 631 2079; x_wconf 72' lang='grc' dir='ltr'>οἱ</span> <span class='ocrx_word' id='word_1_369' title='bbox 656 2049 799 2087; x_wconf 67' lang='grc' dir='ltr'>Αἰγύπτιοι</span> <span class='ocrx_word' id='word_1_370' title='bbox 820 2050 886 2080; x_wconf 67' lang='grc' dir='ltr'>τότε</span> 
     </span>
     <span class='ocr_line' id='line_1_40' title="bbox 21 2091 887 2135; baseline 0.002 -13"><span class='ocrx_word' id='word_1_371' title='bbox 21 2091 112 2122; x_wconf 57' lang='lat' dir='ltr'>&amp;mov</span> <span class='ocrx_word' id='word_1_372' title='bbox 131 2092 192 2121; x_wconf 68' lang='grc' dir='ltr'><strong><em>τινοὲ</em></strong></span> <span class='ocrx_word' id='word_1_373' title='bbox 207 2092 326 2132; x_wconf 60' lang='grc' dir='ltr'><em>οἷριὲμόν</em></span> <span class='ocrx_word' id='word_1_374' title='bbox 347 2094 370 2123; x_wconf 74' lang='grc' dir='ltr'>ἓν</span> <span class='ocrx_word' id='word_1_375' title='bbox 390 2094 429 2128; x_wconf 69' lang='grc' dir='ltr'>τῷ</span> <span class='ocrx_word' id='word_1_376' title='bbox 445 2093 582 2133; x_wconf 41' lang='lat' dir='ltr'>&amp;nagan</span> <span class='ocrx_word' id='word_1_377' title='bbox 606 2094 687 2124; x_wconf 73' lang='grc' dir='ltr'><strong>οἶλλσὶ</strong></span> <span class='ocrx_word' id='word_1_378' title='bbox 705 2091 721 2127; x_wconf 61' lang='grc' dir='ltr'><em>ἢ</em></span> <span class='ocrx_word' id='word_1_379' title='bbox 736 2093 786 2124; x_wconf 60' lang='grc' dir='ltr'>τές</span> <span class='ocrx_word' id='word_1_380' title='bbox 802 2095 887 2135; x_wconf 58' lang='lat' dir='ltr'>nepta-</span> 
     </span>
     <span class='ocr_line' id='line_1_41' title="bbox 22 2135 886 2179; baseline 0.001 -13"><span class='ocrx_word' id='word_1_381' title='bbox 22 2135 66 2166; x_wconf 62' lang='lat'>3⁸5</span> <span class='ocrx_word' id='word_1_382' title='bbox 85 2138 136 2166; x_wconf 74' lang='grc' dir='ltr'>τιῗν</span> <span class='ocrx_word' id='word_1_383' title='bbox 158 2136 258 2177; x_wconf 68' lang='grc' dir='ltr'><strong><em>ἧμεμῖν</em></strong></span> <span class='ocrx_word' id='word_1_384' title='bbox 280 2136 312 2166; x_wconf 74' lang='grc' dir='ltr'>εἷς</span> <span class='ocrx_word' id='word_1_385' title='bbox 331 2138 376 2171; x_wconf 68' lang='grc' dir='ltr'>ἔτη</span> <span class='ocrx_word' id='word_1_386' title='bbox 397 2137 540 2177; x_wconf 71' lang='grc' dir='ltr'><em>ἕψήφιζον·</em></span> <span class='ocrx_word' id='word_1_387' title='bbox 563 2139 586 2169; x_wconf 80' lang='grc' dir='ltr'>οἱ</span> <span class='ocrx_word' id='word_1_388' title='bbox 607 2139 660 2179; x_wconf 55' lang='grc' dir='ltr'>γάρ</span> <span class='ocrx_word' id='word_1_389' title='bbox 681 2139 732 2169; x_wconf 67' lang='grc' dir='ltr'>τῶν</span> <span class='ocrx_word' id='word_1_390' title='bbox 754 2140 784 2173; x_wconf 74' lang='grc' dir='ltr'>ἶβ</span> <span class='ocrx_word' id='word_1_391' title='bbox 800 2140 886 2175; x_wconf 70' lang='grc' dir='ltr'><em>μηιῶν</em></span> 
     </span>
     <span class='ocr_line' id='line_1_42' title="bbox 21 2181 886 2220; baseline 0.003 -11"><span class='ocrx_word' id='word_1_392' title='bbox 21 2181 155 2220; x_wconf 45' lang='lat' dir='ltr'>dehuel,</span> <span class='ocrx_word' id='word_1_393' title='bbox 183 2181 259 2216; x_wconf 73' lang='grc' dir='ltr'><em>μετ-οἱ</em></span> <span class='ocrx_word' id='word_1_394' title='bbox 281 2182 375 2210; x_wconf 69' lang='grc' dir='ltr'><strong>ταῦτα</strong></span> <span class='ocrx_word' id='word_1_395' title='bbox 395 2183 592 2220; x_wconf 59' lang='grc' dir='ltr'>ἓπενῡήθηςαν,</span> <span class='ocrx_word' id='word_1_396' title='bbox 625 2185 656 2220; x_wconf 76' lang='grc' dir='ltr'>ἓξ</span> <span class='ocrx_word' id='word_1_397' title='bbox 680 2181 727 2212; x_wconf 64' lang='grc' dir='ltr'>ἴτε</span> <span class='ocrx_word' id='word_1_398' title='bbox 758 2184 886 2219; x_wconf 71' lang='grc' dir='ltr'><em>ἒνσμῖσθή</em></span> 
     </span>
     <span class='ocr_line' id='line_1_43' title="bbox 19 2221 886 2270; baseline 0.006 -17"><span class='ocrx_word' id='word_1_399' title='bbox 19 2224 159 2254; x_wconf 59' lang='grc' dir='ltr'>«ὑποτελεῖς</span> <span class='ocrx_word' id='word_1_400' title='bbox 180 2221 242 2262; x_wconf 61' lang='grc' dir='ltr'>ἓιοᾳ</span> <span class='ocrx_word' id='word_1_401' title='bbox 272 2224 410 2266; x_wconf 55' lang='lat' dir='ltr'>osv-Quin&amp;</span> <span class='ocrx_word' id='word_1_402' title='bbox 433 2231 486 2256; x_wconf 75' lang='grc' dir='ltr'><em>τοῖς</em></span> <span class='ocrx_word' id='word_1_403' title='bbox 508 2229 676 2263; x_wconf 55' lang='lat' dir='ltr'>&#39;gamm-361¹.</span> <span class='ocrx_word' id='word_1_404' title='bbox 724 2228 757 2258; x_wconf 86' lang='lat' dir='ltr'>Id</span> <span class='ocrx_word' id='word_1_405' title='bbox 781 2236 886 2270; x_wconf 76' lang='lat' dir='ltr'>aperte</span> 
     </span>
     <span class='ocr_line' id='line_1_44' title="bbox 20 2269 874 2314; baseline 0.004 -15"><span class='ocrx_word' id='word_1_406' title='bbox 20 2270 60 2300; x_wconf 73' lang='lat' dir='ltr'>ad</span> <span class='ocrx_word' id='word_1_407' title='bbox 88 2281 159 2300; x_wconf 85' lang='lat' dir='ltr'>eum</span> <span class='ocrx_word' id='word_1_408' title='bbox 189 2269 290 2300; x_wconf 89' lang='lat' dir='ltr'>locum</span> <span class='ocrx_word' id='word_1_409' title='bbox 314 2270 466 2301; x_wconf 82' lang='lat' dir='ltr'>Geneseos</span> <span class='ocrx_word' id='word_1_410' title='bbox 488 2275 640 2314; x_wconf 80' lang='lat' dir='ltr'>pertinet,</span> <span class='ocrx_word' id='word_1_411' title='bbox 677 2283 711 2302; x_wconf 74' lang='lat' dir='ltr'>ex</span> <span class='ocrx_word' id='word_1_412' title='bbox 736 2284 798 2313; x_wconf 91' lang='lat' dir='ltr'>quo</span> <span class='ocrx_word' id='word_1_413' title='bbox 817 2284 874 2302; x_wconf 87' lang='lat' dir='ltr'>con</span> 
     </span>
     <span class='ocr_line' id='line_1_45' title="bbox 24 2315 891 2359; baseline 0.002 -15"><span class='ocrx_word' id='word_1_414' title='bbox 24 2316 96 2350; x_wconf 79' lang='lat' dir='ltr'>ssat,</span> <span class='ocrx_word' id='word_1_415' title='bbox 126 2315 321 2345; x_wconf 78' lang='lat' dir='ltr'>tributariam</span> <span class='ocrx_word' id='word_1_416' title='bbox 337 2323 406 2346; x_wconf 85' lang='lat' dir='ltr'>ante</span> <span class='ocrx_word' id='word_1_417' title='bbox 422 2315 542 2359; x_wconf 84' lang='lat' dir='ltr'>Iosephi</span> <span class='ocrx_word' id='word_1_418' title='bbox 565 2327 704 2358; x_wconf 75' lang='lat' dir='ltr'>tempora</span> <span class='ocrx_word' id='word_1_419' title='bbox 718 2319 891 2359; x_wconf 74' lang='lat' dir='ltr'>Aegyptum</span> 
     </span>
     <span class='ocr_line' id='line_1_46' title="bbox 24 2358 889 2403; baseline 0.003 -15"><span class='ocrx_word' id='word_1_420' title='bbox 24 2369 88 2388; x_wconf 74' lang='lat' dir='ltr'>non</span> <span class='ocrx_word' id='word_1_421' title='bbox 112 2358 224 2395; x_wconf 77' lang='lat' dir='ltr'>fuisse,</span> <span class='ocrx_word' id='word_1_422' title='bbox 256 2358 325 2395; x_wconf 82' lang='lat' dir='ltr'>sed,</span> <span class='ocrx_word' id='word_1_423' title='bbox 354 2368 386 2389; x_wconf 81' lang='lat' dir='ltr'>vt</span> <span class='ocrx_word' id='word_1_424' title='bbox 408 2363 539 2392; x_wconf 77' lang='lat' dir='ltr'>Graecos</span> <span class='ocrx_word' id='word_1_425' title='bbox 565 2364 756 2403; x_wconf 77' lang='lat' dir='ltr'>accepimus,</span> <span class='ocrx_word' id='word_1_426' title='bbox 791 2360 889 2391; x_wconf 66' lang='lat' dir='ltr'>mul-to</span> 
     </span>
     <span class='ocr_line' id='line_1_47' title="bbox 26 2404 890 2445; baseline 0.005 -14"><span class='ocrx_word' id='word_1_427' title='bbox 26 2405 119 2432; x_wconf 75' lang='lat' dir='ltr'>etiam</span> <span class='ocrx_word' id='word_1_428' title='bbox 139 2412 278 2445; x_wconf 74' lang='lat' dir='ltr'>ternpore</span> <span class='ocrx_word' id='word_1_429' title='bbox 301 2404 383 2445; x_wconf 86' lang='lat' dir='ltr'>post,</span> <span class='ocrx_word' id='word_1_430' title='bbox 408 2404 621 2436; x_wconf 75' lang='lat' dir='ltr'>obsecundaffe</span> <span class='ocrx_word' id='word_1_431' title='bbox 644 2404 741 2435; x_wconf 84' lang='lat' dir='ltr'>solum</span> <span class='ocrx_word' id='word_1_432' title='bbox 763 2404 822 2436; x_wconf 87' lang='lat' dir='ltr'>suis</span> <span class='ocrx_word' id='word_1_433' title='bbox 846 2417 890 2435; x_wconf 88' lang='lat' dir='ltr'>re-</span> 
     </span>
     <span class='ocr_line' id='line_1_48' title="bbox 24 2447 891 2491; baseline 0.007 -16"><span class='ocrx_word' id='word_1_434' title='bbox 24 2447 124 2485; x_wconf 75' lang='lat' dir='ltr'>gibus.</span> <span class='ocrx_word' id='word_1_435' title='bbox 171 2448 205 2478; x_wconf 89' lang='lat' dir='ltr'>Id</span> <span class='ocrx_word' id='word_1_436' title='bbox 231 2447 352 2485; x_wconf 76' lang='lat' dir='ltr'>nescio,</span> <span class='ocrx_word' id='word_1_437' title='bbox 383 2458 420 2478; x_wconf 87' lang='lat' dir='ltr'>an</span> <span class='ocrx_word' id='word_1_438' title='bbox 440 2448 550 2491; x_wconf 75' lang='lat' dir='ltr'>ahquis</span> <span class='ocrx_word' id='word_1_439' title='bbox 571 2453 630 2481; x_wconf 71' lang='lat' dir='ltr'>iam</span> <span class='ocrx_word' id='word_1_440' title='bbox 653 2450 857 2481; x_wconf 73' lang='lat' dir='ltr'>adnotauerit.</span> <span class='ocrx_word' id='word_1_441' title='bbox 871 2455 891 2467; x_wconf 83' lang='lat'><strong>“</strong></span> 
     </span>
    </p>
   </div>
   <div class='ocr_carea' id='block_1_7' title="bbox 63 2500 180 2533">
    <p class='ocr_par' dir='ltr' id='par_1_8' title="bbox 63 2500 180 2533">
     <span class='ocr_line' id='line_1_49' title="bbox 63 2500 180 2533; baseline -0.009 0"><span class='ocrx_word' id='word_1_442' title='bbox 63 2500 82 2533; x_wconf 84' lang='lat' dir='ltr'><em>l</em></span> <span class='ocrx_word' id='word_1_443' title='bbox 88 2500 134 2530; x_wconf 78' lang='grc' dir='ltr'>ὀί.</span> <span class='ocrx_word' id='word_1_444' title='bbox 151 2501 180 2532; x_wconf 86' lang='lat' dir='ltr'>I.</span> 
     </span>
    </p>
   </div>
   <div class='ocr_carea' id='block_1_8' title="bbox 939 1183 1808 1314">
    <p class='ocr_par' dir='ltr' id='par_1_9' title="bbox 939 1183 1808 1314">
     <span class='ocr_line' id='line_1_50' title="bbox 939 1183 1808 1227; baseline 0.007 -16"><span class='ocrx_word' id='word_1_445' title='bbox 939 1183 1038 1222; x_wconf 86' lang='lat' dir='ltr'>Atque</span> <span class='ocrx_word' id='word_1_446' title='bbox 1062 1183 1104 1212; x_wconf 87' lang='lat' dir='ltr'>La</span> <span class='ocrx_word' id='word_1_447' title='bbox 1128 1183 1226 1212; x_wconf 87' lang='lat' dir='ltr'>Croze</span> <span class='ocrx_word' id='word_1_448' title='bbox 1248 1190 1323 1214; x_wconf 86' lang='lat' dir='ltr'>tom.</span> <span class='ocrx_word' id='word_1_449' title='bbox 1339 1185 1393 1215; x_wconf 87' lang='grc' dir='ltr'><strong>ΙΙΙ.</strong></span> <span class='ocrx_word' id='word_1_450' title='bbox 1416 1193 1481 1226; x_wconf 83' lang='lat' dir='ltr'>pag.</span> <span class='ocrx_word' id='word_1_451' title='bbox 1500 1194 1543 1222; x_wconf 81' lang='lat'>23.</span> <span class='ocrx_word' id='word_1_452' title='bbox 1566 1183 1749 1227; x_wconf 83' lang='lat' dir='ltr'>respondet,</span> <span class='ocrx_word' id='word_1_453' title='bbox 1774 1186 1808 1217; x_wconf 83' lang='lat' dir='ltr'>id</span> 
     </span>
     <span class='ocr_line' id='line_1_51' title="bbox 940 1225 1808 1267; baseline 0.005 -11"><span class='ocrx_word' id='word_1_454' title='bbox 940 1234 1022 1256; x_wconf 88' lang='lat' dir='ltr'>certe</span> <span class='ocrx_word' id='word_1_455' title='bbox 1044 1225 1172 1256; x_wconf 86' lang='lat' dir='ltr'>solerter</span> <span class='ocrx_word' id='word_1_456' title='bbox 1200 1235 1229 1257; x_wconf 87' lang='lat' dir='ltr'>et</span> <span class='ocrx_word' id='word_1_457' title='bbox 1260 1227 1417 1267; x_wconf 81' lang='lat' dir='ltr'>ingeniose</span> <span class='ocrx_word' id='word_1_458' title='bbox 1439 1230 1617 1260; x_wconf 84' lang='lat' dir='ltr'>adnotatum</span> <span class='ocrx_word' id='word_1_459' title='bbox 1649 1229 1717 1260; x_wconf 83' lang='lat' dir='ltr'>effe.</span> <span class='ocrx_word' id='word_1_460' title='bbox 1772 1233 1808 1261; x_wconf 84' lang='lat' dir='ltr'>In</span> 
     </span>
     <span class='ocr_line' id='line_1_52' title="bbox 940 1269 1804 1314; baseline 0.006 -14"><span class='ocrx_word' id='word_1_461' title='bbox 940 1270 1050 1300; x_wconf 87' lang='lat' dir='ltr'>eodem</span> <span class='ocrx_word' id='word_1_462' title='bbox 1084 1269 1249 1300; x_wconf 84' lang='lat' dir='ltr'>Thesauro</span> <span class='ocrx_word' id='word_1_463' title='bbox 1273 1280 1347 1302; x_wconf 88' lang='lat' dir='ltr'>tom.</span> <span class='ocrx_word' id='word_1_464' title='bbox 1371 1276 1393 1302; x_wconf 90' lang='grc' dir='ltr'>Ι.</span> <span class='ocrx_word' id='word_1_465' title='bbox 1420 1283 1569 1314; x_wconf 61' lang='lat' dir='ltr'>pag-170·</span> <span class='ocrx_word' id='word_1_466' title='bbox 1610 1273 1804 1306; x_wconf 73' lang='lat' dir='ltr'>Iablonskjus</span> 
     </span>
    </p>
   </div>
   <div class='ocr_carea' id='block_1_9' title="bbox 904 1317 1641 1357">
    <p class='ocr_par' dir='ltr' id='par_1_10' title="bbox 904 1317 1641 1357">
     <span class='ocr_line' id='line_1_53' title="bbox 904 1317 1641 1357; baseline 0.004 -12"><span class='ocrx_word' id='word_1_467' title='bbox 904 1331 907 1333; x_wconf 60' lang='lat'>&gt;</span> <span class='ocrx_word' id='word_1_468' title='bbox 940 1323 1096 1357; x_wconf 82' lang='lat' dir='ltr'>comparat</span> <span class='ocrx_word' id='word_1_469' title='bbox 1118 1317 1256 1345; x_wconf 88' lang='lat' dir='ltr'>Hermen</span> <span class='ocrx_word' id='word_1_470' title='bbox 1278 1327 1347 1346; x_wconf 81' lang='lat' dir='ltr'>cum</span> <span class='ocrx_word' id='word_1_471' title='bbox 1371 1318 1518 1347; x_wconf 85' lang='lat' dir='ltr'>Anabide.</span> <span class='ocrx_word' id='word_1_472' title='bbox 1543 1317 1641 1348; x_wconf 80' lang='lat' dir='ltr'>Harl.</span> 
     </span>
    </p>
   </div>
   <div class='ocr_carea' id='block_1_10' title="bbox 934 1363 1807 2120">
    <p class='ocr_par' dir='ltr' id='par_1_11' title="bbox 934 1363 1806 1632">
     <span class='ocr_line' id='line_1_54' title="bbox 988 1363 1806 1411; baseline 0.004 -11"><span class='ocrx_word' id='word_1_473' title='bbox 988 1373 1021 1404; x_wconf 80' lang='lat' dir='ltr'>e)</span> <span class='ocrx_word' id='word_1_474' title='bbox 1045 1363 1175 1399; x_wconf 74' lang='lat' dir='ltr'>Henoch</span> <span class='ocrx_word' id='word_1_475' title='bbox 1195 1370 1249 1398; x_wconf 83' lang='lat' dir='ltr'>iste</span> <span class='ocrx_word' id='word_1_476' title='bbox 1274 1370 1375 1411; x_wconf 83' lang='lat' dir='ltr'>paffiin</span> <span class='ocrx_word' id='word_1_477' title='bbox 1398 1368 1597 1411; x_wconf 82' lang='lat' dir='ltr'>scriptoribus</span> <span class='ocrx_word' id='word_1_478' title='bbox 1625 1372 1806 1403; x_wconf 76' lang='lat' dir='ltr'>recentiori-</span> 
     </span>
     <span class='ocr_line' id='line_1_55' title="bbox 939 1413 1805 1457; baseline 0.003 -14"><span class='ocrx_word' id='word_1_479' title='bbox 939 1414 995 1444; x_wconf 82' lang='lat' dir='ltr'>bus</span> <span class='ocrx_word' id='word_1_480' title='bbox 1018 1414 1169 1443; x_wconf 85' lang='lat' dir='ltr'>Arabibus</span> <span class='ocrx_word' id='word_1_481' title='bbox 1194 1413 1308 1444; x_wconf 85' lang='lat' dir='ltr'>dicitur</span> <span class='ocrx_word' id='word_1_482' title='bbox 1328 1414 1446 1451; x_wconf 82' lang='lat' dir='ltr'>Edris‚</span> <span class='ocrx_word' id='word_1_483' title='bbox 1471 1415 1555 1455; x_wconf 91' lang='lat' dir='ltr'>quod</span> <span class='ocrx_word' id='word_1_484' title='bbox 1572 1418 1705 1446; x_wconf 86' lang='lat' dir='ltr'>nominis</span> <span class='ocrx_word' id='word_1_485' title='bbox 1728 1415 1805 1457; x_wconf 88' lang='lat' dir='ltr'>quid</span> 
     </span>
     <span class='ocr_line' id='line_1_56' title="bbox 939 1456 1803 1497; baseline 0.005 -10"><span class='ocrx_word' id='word_1_486' title='bbox 939 1459 990 1494; x_wconf 85' lang='lat' dir='ltr'>fit,</span> <span class='ocrx_word' id='word_1_487' title='bbox 1022 1456 1168 1488; x_wconf 86' lang='lat' dir='ltr'>sollicitos</span> <span class='ocrx_word' id='word_1_488' title='bbox 1194 1458 1289 1488; x_wconf 77' lang='lat' dir='ltr'>video</span> <span class='ocrx_word' id='word_1_489' title='bbox 1315 1460 1537 1497; x_wconf 76' lang='lat' dir='ltr'>Hottingerum</span> <span class='ocrx_word' id='word_1_490' title='bbox 1563 1466 1593 1489; x_wconf 90' lang='lat' dir='ltr'>et</span> <span class='ocrx_word' id='word_1_491' title='bbox 1614 1458 1690 1489; x_wconf 82' lang='lat' dir='ltr'>alios</span> <span class='ocrx_word' id='word_1_492' title='bbox 1719 1462 1803 1491; x_wconf 75' lang='lat' dir='ltr'>viros</span> 
     </span>
     <span class='ocr_line' id='line_1_57' title="bbox 939 1502 1806 1544; baseline 0.003 -12"><span class='ocrx_word' id='word_1_493' title='bbox 939 1502 1132 1533; x_wconf 72' lang='lat' dir='ltr'>dofflffimos.</span> <span class='ocrx_word' id='word_1_494' title='bbox 1180 1502 1321 1544; x_wconf 87' lang='lat' dir='ltr'>Suspicor</span> <span class='ocrx_word' id='word_1_495' title='bbox 1343 1511 1443 1533; x_wconf 89' lang='lat' dir='ltr'>autem</span> <span class='ocrx_word' id='word_1_496' title='bbox 1470 1504 1545 1537; x_wconf 80' lang='lat' dir='ltr'>hoc,</span> <span class='ocrx_word' id='word_1_497' title='bbox 1567 1512 1599 1533; x_wconf 82' lang='lat' dir='ltr'>vt</span> <span class='ocrx_word' id='word_1_498' title='bbox 1623 1503 1683 1533; x_wconf 86' lang='lat' dir='ltr'>alia</span> <span class='ocrx_word' id='word_1_499' title='bbox 1696 1504 1806 1542; x_wconf 80' lang='lat' dir='ltr'>multa,</span> 
     </span>
     <span class='ocr_line' id='line_1_58' title="bbox 937 1545 1806 1588; baseline 0.006 -13"><span class='ocrx_word' id='word_1_500' title='bbox 937 1557 955 1575; x_wconf 86' lang='lat' dir='ltr'>a</span> <span class='ocrx_word' id='word_1_501' title='bbox 979 1549 1103 1577; x_wconf 82' lang='lat' dir='ltr'>Graecis</span> <span class='ocrx_word' id='word_1_502' title='bbox 1128 1546 1186 1576; x_wconf 84' lang='lat' dir='ltr'>esse</span> <span class='ocrx_word' id='word_1_503' title='bbox 1213 1549 1344 1588; x_wconf 87' lang='lat' dir='ltr'>petitum</span> <span class='ocrx_word' id='word_1_504' title='bbox 1359 1570 1368 1583; x_wconf 88' lang='lat'>‚</span> <span class='ocrx_word' id='word_1_505' title='bbox 1407 1547 1520 1588; x_wconf 84' lang='lat' dir='ltr'>quibus</span> <span class='ocrx_word' id='word_1_506' title='bbox 1539 1545 1602 1587; x_wconf 58' lang='grc' dir='ltr'><strong><em>ἰῧρις</em></strong></span> <span class='ocrx_word' id='word_1_507' title='bbox 1624 1547 1746 1580; x_wconf 71' lang='grc' dir='ltr'><em>οῐοὶῗιιηι</em></span> <span class='ocrx_word' id='word_1_508' title='bbox 1771 1559 1806 1580; x_wconf 87' lang='lat' dir='ltr'>ae</span> 
     </span>
     <span class='ocr_line' id='line_1_59' title="bbox 934 1591 1248 1632; baseline -0.006 -10"><span class='ocrx_word' id='word_1_509' title='bbox 934 1592 1071 1632; x_wconf 67' lang='lat' dir='ltr'>peritum</span> <span class='ocrx_word' id='word_1_510' title='bbox 1095 1591 1248 1630; x_wconf 77' lang='lat' dir='ltr'>fignificat.</span> 
     </span>
    </p>

    <p class='ocr_par' dir='ltr' id='par_1_12' title="bbox 938 1633 1807 2120">
     <span class='ocr_line' id='line_1_60' title="bbox 975 1633 1804 1676; baseline 0.002 -12"><span class='ocrx_word' id='word_1_511' title='bbox 975 1634 1013 1676; x_wconf 77' lang='lat' dir='ltr'>f)</span> <span class='ocrx_word' id='word_1_512' title='bbox 1043 1637 1103 1672; x_wconf 74' lang='lat' dir='ltr'>Qu</span> <span class='ocrx_word' id='word_1_513' title='bbox 1129 1636 1320 1665; x_wconf 84' lang='lat' dir='ltr'>Mercurium</span> <span class='ocrx_word' id='word_1_514' title='bbox 1337 1633 1498 1666; x_wconf 83' lang='lat' dir='ltr'>Gallorum</span> <span class='ocrx_word' id='word_1_515' title='bbox 1520 1642 1551 1664; x_wconf 87' lang='lat' dir='ltr'>et</span> <span class='ocrx_word' id='word_1_516' title='bbox 1572 1634 1765 1666; x_wconf 85' lang='lat' dir='ltr'>Tuisconem</span> <span class='ocrx_word' id='word_1_517' title='bbox 1783 1635 1804 1666; x_wconf 93' lang='lat' dir='ltr'>s.</span> 
     </span>
     <span class='ocr_line' id='line_1_61' title="bbox 938 1679 1803 1720; baseline 0.002 -11"><span class='ocrx_word' id='word_1_518' title='bbox 938 1681 1125 1709; x_wconf 85' lang='lat' dir='ltr'>Tuistonem</span> <span class='ocrx_word' id='word_1_519' title='bbox 1141 1682 1378 1716; x_wconf 75' lang='lat' dir='ltr'>Germanorum,</span> <span class='ocrx_word' id='word_1_520' title='bbox 1404 1679 1497 1720; x_wconf 79' lang='lat' dir='ltr'>(apud</span> <span class='ocrx_word' id='word_1_521' title='bbox 1511 1679 1654 1710; x_wconf 78' lang='lat' dir='ltr'>Tacitum</span> <span class='ocrx_word' id='word_1_522' title='bbox 1671 1680 1709 1710; x_wconf 88' lang='lat' dir='ltr'>de</span> <span class='ocrx_word' id='word_1_523' title='bbox 1725 1691 1803 1712; x_wconf 88' lang='lat' dir='ltr'>mor.</span> 
     </span>
     <span class='ocr_line' id='line_1_62' title="bbox 939 1723 1804 1766; baseline 0 -11"><span class='ocrx_word' id='word_1_524' title='bbox 939 1726 1043 1755; x_wconf 86' lang='lat' dir='ltr'>Germ.</span> <span class='ocrx_word' id='word_1_525' title='bbox 1061 1734 1124 1766; x_wconf 82' lang='lat' dir='ltr'>cap.</span> <span class='ocrx_word' id='word_1_526' title='bbox 1137 1729 1173 1760; x_wconf 88' lang='lat' dir='ltr'>z.)</span> <span class='ocrx_word' id='word_1_527' title='bbox 1199 1732 1227 1753; x_wconf 88' lang='lat' dir='ltr'>et</span> <span class='ocrx_word' id='word_1_528' title='bbox 1244 1723 1361 1758; x_wconf 79' lang='lat' dir='ltr'>Thoyd</span> <span class='ocrx_word' id='word_1_529' title='bbox 1372 1725 1592 1764; x_wconf 85' lang='lat' dir='ltr'>Aegyptiorum</span> <span class='ocrx_word' id='word_1_530' title='bbox 1610 1735 1705 1754; x_wconf 82' lang='lat' dir='ltr'>vnum</span> <span class='ocrx_word' id='word_1_531' title='bbox 1720 1736 1804 1755; x_wconf 90' lang='lat' dir='ltr'>eum-</span> 
     </span>
     <span class='ocr_line' id='line_1_63' title="bbox 941 1767 1806 1809; baseline 0.003 -11"><span class='ocrx_word' id='word_1_532' title='bbox 941 1769 1074 1809; x_wconf 86' lang='lat' dir='ltr'>demque</span> <span class='ocrx_word' id='word_1_533' title='bbox 1109 1767 1196 1799; x_wconf 74' lang='lat' dir='ltr'>fuisse</span> <span class='ocrx_word' id='word_1_534' title='bbox 1236 1770 1382 1809; x_wconf 84' lang='lat' dir='ltr'>opinatur</span> <span class='ocrx_word' id='word_1_535' title='bbox 1397 1790 1406 1804; x_wconf 95' lang='lat'>‚</span> <span class='ocrx_word' id='word_1_536' title='bbox 1454 1770 1487 1797; x_wconf 87' lang='lat' dir='ltr'>in</span> <span class='ocrx_word' id='word_1_537' title='bbox 1520 1767 1730 1800; x_wconf 64' lang='lat' dir='ltr'>Conieffmzez‘s</span> <span class='ocrx_word' id='word_1_538' title='bbox 1767 1769 1806 1801; x_wconf 74' lang='lat' dir='ltr'>de</span> 
     </span>
     <span class='ocr_line' id='line_1_64' title="bbox 940 1811 1807 1854; baseline 0.001 -10"><span class='ocrx_word' id='word_1_539' title='bbox 940 1814 1132 1844; x_wconf 74' lang='lat' dir='ltr'>Germaniae</span> <span class='ocrx_word' id='word_1_540' title='bbox 1151 1813 1258 1854; x_wconf 76' lang='lat' dir='ltr'>gentis</span> <span class='ocrx_word' id='word_1_541' title='bbox 1282 1813 1405 1853; x_wconf 73' lang='lat' dir='ltr'>origine</span> <span class='ocrx_word' id='word_1_542' title='bbox 1430 1816 1459 1843; x_wconf 78' lang='lat' dir='ltr'>et</span> <span class='ocrx_word' id='word_1_543' title='bbox 1481 1811 1640 1843; x_wconf 78' lang='lat' dir='ltr'>conditore</span> <span class='ocrx_word' id='word_1_544' title='bbox 1657 1812 1807 1849; x_wconf 67' lang='lat' dir='ltr'>Hei-mete</span> 
     </span>
     <span class='ocr_line' id='line_1_65' title="bbox 942 1854 1803 1900; baseline 0 -11"><span class='ocrx_word' id='word_1_545' title='bbox 942 1854 1155 1900; x_wconf 50' lang='lat' dir='ltr'>Trisirzrgfsto,</span> <span class='ocrx_word' id='word_1_546' title='bbox 1176 1857 1235 1895; x_wconf 68' lang='lat' dir='ltr'>stite</span> <span class='ocrx_word' id='word_1_547' title='bbox 1257 1857 1401 1893; x_wconf 75' lang='lat' dir='ltr'>Tm&#39;tmze,</span> <span class='ocrx_word' id='word_1_548' title='bbox 1425 1856 1594 1895; x_wconf 77' lang='lat' dir='ltr'>Tubingae</span> <span class='ocrx_word' id='word_1_549' title='bbox 1611 1860 1692 1894; x_wconf 79' lang='lat'>1684.</span> <span class='ocrx_word' id='word_1_550' title='bbox 1712 1863 1742 1895; x_wconf 83' lang='lat' dir='ltr'>(a</span> <span class='ocrx_word' id='word_1_551' title='bbox 1758 1860 1803 1889; x_wconf 91' lang='lat' dir='ltr'>Io.</span> 
     </span>
     <span class='ocr_line' id='line_1_66' title="bbox 940 1895 1804 1942; baseline 0.001 -11"><span class='ocrx_word' id='word_1_552' title='bbox 940 1900 1048 1931; x_wconf 79' lang='lat' dir='ltr'>Vlrico</span> <span class='ocrx_word' id='word_1_553' title='bbox 1076 1895 1237 1940; x_wconf 62' lang='lat' dir='ltr'>Pregiaero</span> <span class='ocrx_word' id='word_1_554' title='bbox 1260 1900 1443 1942; x_wconf 75' lang='lat' dir='ltr'>publicatis)</span> <span class='ocrx_word' id='word_1_555' title='bbox 1469 1911 1532 1942; x_wconf 83' lang='lat' dir='ltr'>cap.</span> <span class='ocrx_word' id='word_1_556' title='bbox 1551 1903 1616 1931; x_wconf 68' lang='lat' dir='ltr'>VII.</span> <span class='ocrx_word' id='word_1_557' title='bbox 1633 1899 1695 1942; x_wconf 88' lang='lat' dir='ltr'>sqq.</span> <span class='ocrx_word' id='word_1_558' title='bbox 1725 1901 1804 1932; x_wconf 85' lang='lat' dir='ltr'>adde</span> 
     </span>
     <span class='ocr_line' id='line_1_67' title="bbox 939 1943 1806 1986; baseline -0.001 -9"><span class='ocrx_word' id='word_1_559' title='bbox 939 1945 1121 1977; x_wconf 61' lang='lat' dir='ltr'>Ecca-liam.</span> <span class='ocrx_word' id='word_1_560' title='bbox 1141 1946 1284 1976; x_wconf 60' lang='lat' dir='ltr'>Ortonam</span> <span class='ocrx_word' id='word_1_561' title='bbox 1301 1945 1339 1975; x_wconf 82' lang='lat' dir='ltr'>de</span> <span class='ocrx_word' id='word_1_562' title='bbox 1347 1943 1464 1975; x_wconf 83' lang='lat' dir='ltr'>Tutela</span> <span class='ocrx_word' id='word_1_563' title='bbox 1474 1947 1594 1975; x_wconf 78' lang='lat' dir='ltr'>viarum</span> <span class='ocrx_word' id='word_1_564' title='bbox 1610 1945 1806 1986; x_wconf 84' lang='lat' dir='ltr'>publicarum</span> 
     </span>
     <span class='ocr_line' id='line_1_68' title="bbox 940 1988 1805 2032; baseline 0.002 -13"><span class='ocrx_word' id='word_1_565' title='bbox 940 1999 1016 2032; x_wconf 81' lang='lat' dir='ltr'>part.</span> <span class='ocrx_word' id='word_1_566' title='bbox 1034 1993 1056 2020; x_wconf 88' lang='lat' dir='ltr'>I.</span> <span class='ocrx_word' id='word_1_567' title='bbox 1082 2000 1145 2031; x_wconf 80' lang='lat' dir='ltr'>cap.</span> <span class='ocrx_word' id='word_1_568' title='bbox 1173 2000 1195 2026; x_wconf 79' lang='grc' dir='ltr'>ς.</span> <span class='ocrx_word' id='word_1_569' title='bbox 1216 2001 1244 2031; x_wconf 87' lang='lat' dir='ltr'>p.</span> <span class='ocrx_word' id='word_1_570' title='bbox 1261 1993 1305 2023; x_wconf 77' lang='lat'>86.</span> <span class='ocrx_word' id='word_1_571' title='bbox 1332 1988 1393 2031; x_wconf 80' lang='lat' dir='ltr'>sqq.</span> <span class='ocrx_word' id='word_1_572' title='bbox 1419 1989 1456 2019; x_wconf 87' lang='lat' dir='ltr'>de</span> <span class='ocrx_word' id='word_1_573' title='bbox 1485 1990 1562 2021; x_wconf 77' lang='lat' dir='ltr'>Teut</span> <span class='ocrx_word' id='word_1_574' title='bbox 1584 1988 1745 2020; x_wconf 79' lang='lat' dir='ltr'>Gallorum</span> <span class='ocrx_word' id='word_1_575' title='bbox 1774 1997 1805 2022; x_wconf 85' lang='lat' dir='ltr'>et</span> 
     </span>
     <span class='ocr_line' id='line_1_69' title="bbox 942 2032 1804 2078; baseline 0.001 -13"><span class='ocrx_word' id='word_1_576' title='bbox 942 2035 1084 2078; x_wconf 66' lang='lat' dir='ltr'>Tuistom</span> <span class='ocrx_word' id='word_1_577' title='bbox 1098 2037 1323 2064; x_wconf 86' lang='lat' dir='ltr'>Germanorum</span> <span class='ocrx_word' id='word_1_578' title='bbox 1339 2057 1348 2069; x_wconf 89' lang='lat'>,</span> <span class='ocrx_word' id='word_1_579' title='bbox 1383 2036 1438 2075; x_wconf 90' lang='lat' dir='ltr'>qui</span> <span class='ocrx_word' id='word_1_580' title='bbox 1461 2032 1540 2064; x_wconf 83' lang='lat' dir='ltr'>nihil</span> <span class='ocrx_word' id='word_1_581' title='bbox 1565 2045 1729 2065; x_wconf 85' lang='lat' dir='ltr'>commune</span> <span class='ocrx_word' id='word_1_582' title='bbox 1752 2035 1804 2066; x_wconf 81' lang='lat' dir='ltr'>ha-</span> 
     </span>
     <span class='ocr_line' id='line_1_70' title="bbox 940 2077 1632 2120; baseline -0.001 -10"><span class='ocrx_word' id='word_1_583' title='bbox 940 2079 1032 2110; x_wconf 83' lang='lat' dir='ltr'>beant</span> <span class='ocrx_word' id='word_1_584' title='bbox 1054 2090 1123 2109; x_wconf 87' lang='lat' dir='ltr'>cum</span> <span class='ocrx_word' id='word_1_585' title='bbox 1149 2078 1252 2110; x_wconf 68' lang='lat' dir='ltr'>Tkotlz</span> <span class='ocrx_word' id='word_1_586' title='bbox 1274 2080 1507 2120; x_wconf 77' lang='lat' dir='ltr'>Aegyptiorum.</span> <span class='ocrx_word' id='word_1_587' title='bbox 1537 2077 1632 2109; x_wconf 80' lang='lat' dir='ltr'>Harl.</span> 
     </span>
    </p>
   </div>
   <div class='ocr_carea' id='block_1_11' title="bbox 940 2137 1806 2489">
    <p class='ocr_par' dir='ltr' id='par_1_13' title="bbox 940 2137 1806 2489">
     <span class='ocr_line' id='line_1_71' title="bbox 981 2137 1803 2181; baseline -0.002 -11"><span class='ocrx_word' id='word_1_588' title='bbox 981 2143 1019 2181; x_wconf 78' lang='lat' dir='ltr'>g)</span> <span class='ocrx_word' id='word_1_589' title='bbox 1043 2138 1192 2180; x_wconf 62' lang='lat' dir='ltr'>Bas&#39;iiage</span> <span class='ocrx_word' id='word_1_590' title='bbox 1216 2141 1248 2169; x_wconf 88' lang='lat' dir='ltr'>in</span> <span class='ocrx_word' id='word_1_591' title='bbox 1272 2141 1406 2170; x_wconf 85' lang='lat' dir='ltr'>Histoire</span> <span class='ocrx_word' id='word_1_592' title='bbox 1432 2139 1482 2169; x_wconf 84' lang='lat' dir='ltr'>des</span> <span class='ocrx_word' id='word_1_593' title='bbox 1501 2138 1576 2169; x_wconf 88' lang='lat' dir='ltr'>Iuifs</span> <span class='ocrx_word' id='word_1_594' title='bbox 1599 2137 1652 2170; x_wconf 90' lang='lat' dir='ltr'>lib.</span> <span class='ocrx_word' id='word_1_595' title='bbox 1667 2141 1720 2170; x_wconf 92' lang='lat' dir='ltr'>III.</span> <span class='ocrx_word' id='word_1_596' title='bbox 1740 2148 1803 2180; x_wconf 85' lang='lat' dir='ltr'>cap.</span> 
     </span>
     <span class='ocr_line' id='line_1_72' title="bbox 943 2177 1803 2225; baseline -0.003 -10"><span class='ocrx_word' id='word_1_597' title='bbox 943 2192 982 2218; x_wconf 59' lang='grc' dir='ltr'>ιδ.</span> <span class='ocrx_word' id='word_1_598' title='bbox 1006 2177 1094 2225; x_wconf 62' lang='lat' dir='ltr'>§.17J</span> <span class='ocrx_word' id='word_1_599' title='bbox 1119 2193 1186 2225; x_wconf 80' lang='lat' dir='ltr'>pag.</span> <span class='ocrx_word' id='word_1_600' title='bbox 1205 2191 1270 2221; x_wconf 76' lang='lat'>458.</span> <span class='ocrx_word' id='word_1_601' title='bbox 1295 2193 1395 2223; x_wconf 78' lang='lat' dir='ltr'>negat,</span> <span class='ocrx_word' id='word_1_602' title='bbox 1424 2186 1614 2214; x_wconf 84' lang='lat' dir='ltr'>Mercurium</span> <span class='ocrx_word' id='word_1_603' title='bbox 1638 2192 1667 2213; x_wconf 86' lang='lat' dir='ltr'>et</span> <span class='ocrx_word' id='word_1_604' title='bbox 1695 2182 1803 2213; x_wconf 79' lang='lat' dir='ltr'>Mosen</span> 
     </span>
     <span class='ocr_line' id='line_1_73' title="bbox 940 2225 1803 2268; baseline -0.003 -9"><span class='ocrx_word' id='word_1_605' title='bbox 940 2229 1083 2259; x_wconf 85' lang='lat' dir='ltr'>eumdem</span> <span class='ocrx_word' id='word_1_606' title='bbox 1106 2229 1264 2258; x_wconf 87' lang='lat' dir='ltr'>hominem</span> <span class='ocrx_word' id='word_1_607' title='bbox 1285 2228 1373 2258; x_wconf 62' lang='lat' dir='ltr'>fuiss&#39;e²</span> <span class='ocrx_word' id='word_1_608' title='bbox 1387 2251 1395 2264; x_wconf 85' lang='lat'>‚</span> <span class='ocrx_word' id='word_1_609' title='bbox 1433 2230 1581 2268; x_wconf 88' lang='lat' dir='ltr'>quoniam</span> <span class='ocrx_word' id='word_1_610' title='bbox 1604 2236 1673 2257; x_wconf 86' lang='lat' dir='ltr'>ante</span> <span class='ocrx_word' id='word_1_611' title='bbox 1696 2225 1803 2257; x_wconf 86' lang='lat' dir='ltr'>Mosen</span> 
     </span>
     <span class='ocr_line' id='line_1_74' title="bbox 943 2270 1805 2313; baseline -0.003 -10"><span class='ocrx_word' id='word_1_612' title='bbox 943 2283 971 2303; x_wconf 89' lang='lat' dir='ltr'>et</span> <span class='ocrx_word' id='word_1_613' title='bbox 995 2283 1063 2303; x_wconf 78' lang='lat' dir='ltr'>ante</span> <span class='ocrx_word' id='word_1_614' title='bbox 1080 2270 1241 2313; x_wconf 86' lang='lat' dir='ltr'>Iosephum</span> <span class='ocrx_word' id='word_1_615' title='bbox 1259 2283 1305 2303; x_wconf 85' lang='lat' dir='ltr'>ars</span> <span class='ocrx_word' id='word_1_616' title='bbox 1327 2272 1480 2303; x_wconf 83' lang='lat' dir='ltr'>scribendi</span> <span class='ocrx_word' id='word_1_617' title='bbox 1502 2274 1622 2311; x_wconf 81' lang='lat' dir='ltr'>cognita</span> <span class='ocrx_word' id='word_1_618' title='bbox 1638 2270 1750 2308; x_wconf 80' lang='lat' dir='ltr'>fuisset,</span> <span class='ocrx_word' id='word_1_619' title='bbox 1775 2277 1805 2301; x_wconf 90' lang='lat' dir='ltr'>et</span> 
     </span>
     <span class='ocr_line' id='line_1_75' title="bbox 944 2316 1804 2359; baseline -0.001 -12"><span class='ocrx_word' id='word_1_620' title='bbox 944 2317 1017 2347; x_wconf 81' lang='lat' dir='ltr'>libri</span> <span class='ocrx_word' id='word_1_621' title='bbox 1043 2316 1217 2347; x_wconf 69' lang='lat' dir='ltr'>exstitissent</span> <span class='ocrx_word' id='word_1_622' title='bbox 1237 2316 1349 2359; x_wconf 83' lang='lat' dir='ltr'>scripti.</span> <span class='ocrx_word' id='word_1_623' title='bbox 1397 2319 1504 2347; x_wconf 81' lang='lat' dir='ltr'>Huetii</span> <span class='ocrx_word' id='word_1_624' title='bbox 1526 2316 1704 2346; x_wconf 81' lang='lat' dir='ltr'>sententiam</span> <span class='ocrx_word' id='word_1_625' title='bbox 1729 2316 1804 2346; x_wconf 58' lang='lat' dir='ltr'>Heu‘</span> 
     </span>
     <span class='ocr_line' id='line_1_76' title="bbox 946 2358 1804 2405; baseline -0.003 -13"><span class='ocrx_word' id='word_1_626' title='bbox 946 2372 1082 2393; x_wconf 74' lang='lat' dir='ltr'>manuus</span> <span class='ocrx_word' id='word_1_627' title='bbox 1102 2363 1134 2390; x_wconf 84' lang='lat' dir='ltr'>in</span> <span class='ocrx_word' id='word_1_628' title='bbox 1157 2363 1236 2392; x_wconf 73' lang='lat' dir='ltr'>Affis</span> <span class='ocrx_word' id='word_1_629' title='bbox 1255 2361 1509 2405; x_wconf 87' lang='lat' dir='ltr'>philosophorum</span> <span class='ocrx_word' id='word_1_630' title='bbox 1531 2370 1606 2402; x_wconf 88' lang='lat' dir='ltr'>part.</span> <span class='ocrx_word' id='word_1_631' title='bbox 1626 2363 1677 2391; x_wconf 84' lang='lat' dir='ltr'>XI.</span> <span class='ocrx_word' id='word_1_632' title='bbox 1694 2358 1804 2390; x_wconf 75' lang='lat' dir='ltr'>vol.II.</span> 
     </span>
     <span class='ocr_line' id='line_1_77' title="bbox 947 2403 1805 2448; baseline -0.003 -13"><span class='ocrx_word' id='word_1_633' title='bbox 947 2417 995 2435; x_wconf 83' lang='lat' dir='ltr'>nr.</span> <span class='ocrx_word' id='word_1_634' title='bbox 1015 2417 1035 2435; x_wconf 80' lang='grc' dir='ltr'>ι.</span> <span class='ocrx_word' id='word_1_635' title='bbox 1064 2405 1103 2435; x_wconf 83' lang='lat' dir='ltr'>de</span> <span class='ocrx_word' id='word_1_636' title='bbox 1125 2405 1319 2448; x_wconf 78' lang='lat' dir='ltr'>philosophia</span> <span class='ocrx_word' id='word_1_637' title='bbox 1342 2408 1560 2447; x_wconf 78' lang='lat' dir='ltr'>Aegyptiorum</span> <span class='ocrx_word' id='word_1_638' title='bbox 1592 2415 1657 2446; x_wconf 85' lang='lat' dir='ltr'>pag.</span> <span class='ocrx_word' id='word_1_639' title='bbox 1680 2410 1745 2442; x_wconf 59' lang='lat'>637.</span> <span class='ocrx_word' id='word_1_640' title='bbox 1765 2403 1805 2443; x_wconf 89' lang='lat' dir='ltr'>sq.</span> 
     </span>
     <span class='ocr_line' id='line_1_78' title="bbox 948 2449 1806 2489; baseline -0.005 -9"><span class='ocrx_word' id='word_1_641' title='bbox 948 2453 1037 2480; x_wconf 79' lang='lat' dir='ltr'>nouis</span> <span class='ocrx_word' id='word_1_642' title='bbox 1060 2454 1266 2489; x_wconf 77' lang='lat' dir='ltr'>argumentis,</span> <span class='ocrx_word' id='word_1_643' title='bbox 1290 2453 1443 2488; x_wconf 81' lang='lat' dir='ltr'>(rationes</span> <span class='ocrx_word' id='word_1_644' title='bbox 1465 2452 1549 2480; x_wconf 80' lang='lat' dir='ltr'>enim</span> <span class='ocrx_word' id='word_1_645' title='bbox 1572 2451 1737 2480; x_wconf 79' lang='lat' dir='ltr'>Huetianas</span> <span class='ocrx_word' id='word_1_646' title='bbox 1753 2449 1806 2477; x_wconf 86' lang='lat' dir='ltr'>mi-</span> 
     </span>
    </p>
   </div>
   <div class='ocr_carea' id='block_1_12' title="bbox 1143 2498 1805 2532">
    <p class='ocr_par' dir='ltr' id='par_1_14' title="bbox 1143 2498 1805 2532">
     <span class='ocr_line' id='line_1_79' title="bbox 1143 2498 1805 2532; baseline 0.002 -13"><span class='ocrx_word' id='word_1_647' title='bbox 1143 2498 1172 2532; x_wconf 83' lang='lat' dir='ltr'><strong>G</strong></span> <span class='ocrx_word' id='word_1_648' title='bbox 1748 2502 1805 2521; x_wconf 79' lang='lat' dir='ltr'>llus</span> 
     </span>
    </p>
   </div>
  </div>
 </body>
</html>
