2183 2747
775 123 1026 159 SOPHOCLlS
1328 126 1396 160 Lib.
1413 126 1462 160 II.
1479 138 1502 161 c.
1518 126 1647 163 XVII.
1726 139 1786 173 2²5

29 218 128 264 naim
154 231 229 270 pars
246 219 287 255 Π.
302 217 591 269 comprehendens
605 229 754 255 veterum
774 222 1075 268 grammaticorum
1092 217 1215 256 scholia
1233 218 1432 271 editorisque
1447 231 1539 257 notas
1561 225 1593 257 in
1616 222 1687 258 illas
1710 237 1787 274 qna.

4 313 6 317 ,
29 284 106 310 tuor
122 270 326 321 tragoedias,
353 275 444 318 1786.
470 284 502 316 4.
530 291 584 300 —-
610 273 676 308 vol.
697 273 736 307 11.
756 275 863 322 prima
881 287 954 323 pars
971 274 1099 309 exhibet
1114 276 1268 316 Aiacem,
1299 274 1520 316 Philocteteo,
1548 275 1726 314 Eleclrain.
1755 287 1787 314 et

31 324 217 362 versionem
232 324 365 361 illarum
385 336 492 374 tragg.
508 324 665 361 latinam:
681 324 780 361 altera
799 339 872 375 pars
887 329 1036 362 continet
1050 337 1197 362 veterum
1217 330 1517 376 giannnaticorum
1537 325 1658 364 scholia
1673 341 1704 365 et
1719 329 1786 365 edi·

30 382 111 415 toris
133 390 228 415 noeas
249 382 283 413 in
307 378 378 414 illas
403 389 512 427 tragg.
565 379 681 414 Tertia
697 392 769 428 pars
784 377 969 429 suppeditat
984 379 1234 430 deperditorum
1253 379 1442 416 drama¹um
1461 378 1668 430 fragmenta,
1694 385 1787 419 Lexi-

31 445 96 469 con
121 431 352 482 Sophocleum
376 443 407 468 et
431 431 564 467 indices.
607 435 788 480 Argentor.
818 434 906 476 1786.

133 483 222 534 Qid
241 488 274 520 in
291 483 488 534 colligendis
507 483 760 535 digerendi-sque
779 482 975 534 fragmentis
993 483 1206 535 praestiterit,
1232 495 1263 520 et
1286 498 1370 535 quos
1393 485 1492 523 codd.
1512 485 1689 531 Parisinos‚
1716 492 1787 539 qui.

31 538 90 574 bus
110 536 236 574 accellit
249 537 478 587 Augustarum,
505 548 555 580 et,
579 551 680 587 quem
709 539 888 573 Brunckius
914 535 980 587 ipse
1005 537 1164 588 possIdt-t,
1191 539 1430 585 bombycinum,
1458 542 1631 576 continens
1650 544 1787 578 Aiacem

28 601 61 627 et
84 592 271 634 Electram,
297 590 503 632 adhibuerit,
530 594 596 626 iam
618 588 714 640 supra
741 589 892 629 vidimus,
944 593 1030 626 Eum
1052 603 1236 642 praeterea,
1266 592 1378 629 relicta
1404 594 1557 628 Turnebi
1583 593 1787 638 recensione,

28 643 185 681 Aldinam
208 645 388 680 lectionem
416 641 600 686 revocasse,
633 645 816 693 crebroque
838 659 855 679 e
886 642 982 680 codd.
1009 657 1064 680 aut
1092 647 1214 694 ingenii
1245 658 1309 695 ope
1333 644 1539 690 emendaffe,
1573 645 1687 683 itidem
1717 651 1786 685 iam

28 696 335 734 animaduertimus.
391 700 420 733 A
441 699 646 742 Tyrwliitto
667 708 698 733 et
722 711 784 732 van
809 696 926 733 Eldick
949 701 1075 747 accepit
1097 696 1256 747 quasdam
1281 698 1549 744 emendationes,
1584 700 1647 736 alia
1671 711 1784 739 autem

27 747 164 786 subsidia
181 765 198 786 a
216 752 435 786 Valckenario
453 762 483 786 et
502 751 715 786 Rulinkenio.
769 751 901 786 Scholia
918 754 1046 798 repetiit
1061 764 1100 785 ex
1117 750 1260 786 editione
1276 765 1433 788 romana:
1460 754 1510 788 his
1533 749 1665 789 subiecit
1687 757 1720 789 iu
1737 757 1784 791 in-

28 803 109 839 fima
132 806 252 852 pagina
276 806 397 853 partim
420 818 476 846 ea,
511 817 596 854 quae
619 806 782 840 Antonius
804 805 958 839 Fracinus
981 807 1013 838 in
1036 803 1112 840 edit.
1139 804 1329 839 Florentina
1353 802 1552 848 immiscuit,
1584 809 1707 856 partim
1735 822 1784 851 ea,

28 869 112 906 quae
124 858 281 892 Thomas
301 853 445 892 lolinson
463 871 480 892 e
497 856 663 892 codicibus
684 859 717 891 in
739 868 801 892 tres
822 854 946 892 fabulas
966 859 1120 896 Aiacem,
1147 857 1315 894 Elec'lram
1341 868 1372 893 et
1389 857 1557 908 Oedipum
1580 872 1695 909 regem
1718 860 1784 897 edi.

27 908 132 951 derat,
150 913 271 959 partim
290 907 355 959 ipse
371 912 402 944 in
423 907 484 945 suis
501 920 666 959 repererat
680 908 859 952 codicibus,
875 921 905 945 et
923 923 1005 959 quae
1025 911 1179 959 pleraque
1199 924 1260 959 pro
1278 909 1390 959 glossis
1410 914 1614 947 intertextus
1630 913 1731 950 lineas
1749 917 1784 950 in

27 962 196 998 codicibus
213 959 327 1012 scripta
347 960 429 998 sunt.
484 964 645 998 Demetrii
663 975 771 998 autem
789 964 945 998 Triclinii
965 960 1089 998 scholia
1107 960 1252 999 seorsum
1275 963 1393 1006 edidit,
1419 963 1649 1013 praetermilsts
1672 970 1783 1003 metri-

27 1018 89 1055 cis,
116 1027 150 1051 vt
168 1018 303 1066 ineptis,
330 1026 361 1051 et
375 1017 468 1051 tertia
481 1027 593 1066 parte,
620 1029 683 1065 qua
699 1013 864 1052 schemata
881 1015 1110 1056 declarantur,
1137 1029 1167 1051 et
1186 1030 1286 1065 quam
1302 1017 1405 1065 longe
1421 1019 1576 1052 omnium
1598 1017 1719 1055 iudicat
1736 1023 1783 1056 in.

26 1064 243 1106 sulliffimam.
298 1070 391 1116 Qae
407 1069 587 1105 Turnebus
604 1071 636 1104 in
653 1067 823 1117 Oedipum
848 1069 1088 1119 posteriorem,
1116 1072 1148 1104 in
1171 1071 1369 1104 Trachinins
1387 1080 1417 1105 et
1433 1070 1652 1106 Pliilodtetam
1674 1071 1782 1108 edide-

27 1132 96 1163 rat,
119 1135 233 1157 earum
249 1120 434 1157 admodum
451 1136 588 1172 paucas,
615 1121 796 1170 existimat,
819 1120 883 1158 effe
897 1122 1052 1157 Triclinii
1070 1133 1183 1165 notas,
1209 1120 1262 1157 sed
1281 1119 1347 1172 ipsa
1371 1119 1495 1158 scholia
1519 1126 1670 1173 antiqua,
1699 1139 1782 1162 non-

26 1174 126 1209 nullis
142 1177 175 1208 in
190 1175 270 1210 locis
289 1175 437 1222 pleniora
453 1186 483 1211 et
499 1173 745 1217 emendatiora,
773 1189 874 1225 quam
892 1178 926 1211 in
943 1175 1087 1211 editione
1103 1189 1260 1211 romana:
1288 1178 1321 1210 in
1337 1174 1451 1211 codice
1465 1189 1598 1225 quoque
1620 1180 1712 1226 regio
1731 1192 1781 1214 ca.

26 1226 82 1262 tal.
99 1227 337 1263 MMDCCXL
356 1229 511 1264 Triclinii
531 1227 650 1264 scholia
669 1229 708 1264 ab
729 1232 870 1279 antiquis
886 1226 1056 1278 perspicue
1071 1227 1218 1265 distinc'la
1237 1225 1320 1268 sunt,
1338 1231 1379 1263 ita
1396 1239 1428 1263 vt
1444 1226 1605 1264 confundi
1622 1244 1688 1264 non
1708 1229 1781 1279 pos·

26 1276 107 1320 fint3
135 1278 224 1328 quod
244 1277 330 1315 secus
348 1278 440 1316 fuiss'e
455 1282 620 1317 Brunckio
639 1280 766 1317 viderur
788 1285 821 1317 in
843 1296 902 1325 eo,
930 1295 1031 1331 quem
1050 1283 1229 1317 Turnebus
1253 1283 1365 1317 nactus
1388 1281 1441 1317 est.
1496 1283 1533 1316 ln
1551 1281 1697 1331 Allgem.
1715 1285 1780 1320 Lit-

26 1342 117 1368 terat.
135 1333 213 1367 Zeit.
231 1346 284 1368 an.
306 1335 394 1377 1786.
411 1334 499 1383 plag.
516 1339 582 1371 216.
596 1335 750 1370 Brunckii
766 1347 866 1371 notae
887 1338 921 1370 in
936 1335 1154 1371 Philoc'tetein
1181 1338 1212 1369 in
1235 1337 1349 1383 primis
1372 1336 1612 1370 examinantur.

131 1384 231 1434 Qod
252 1399 330 1421 vero
350 1385 436 1422 illius
452 1386 603 1423 editionis
621 1390 734 1422 caritas
752 1387 878 1424 multos
893 1390 1051 1424 tenuioris
1067 1387 1267 1424 conditionis
1282 1386 1459 1423 deterreret
1472 1388 1510 1422 ab
1527 1386 1613 1423 illius
1629 1384 1696 1431 vsu,
1719 1391 1780 1424 mi.

25 1449 144 1473 norem
157 1465 166 1478 ‚
193 1440 331 1475 tractatu
350 1436 484 1475 facilem
509 1454 571 1476 nec
593 1437 798 1490 splendidam
811 1470 822 1486 ,
855 1440 998 1492 ideoque
1019 1440 1106 1478 haud
1125 1441 1208 1477 adeo
1226 1453 1352 1490 magno
1372 1440 1552 1491 parabilem
1569 1439 1684 1477 excudi
1701 1439 1780 1478 fecit

22 1489 152 1526 Brunck

126 1552 289 1599 Sophoclis
307 1555 493 1601 tragoediae
500 1554 626 1602 septem
641 1554 686 1588 ad
700 1555 896 1600 optimorum
919 1555 1146 1599 exemplarium
1152 1552 1256 1599 fidem
1272 1553 1469 1588 emendatae,
1497 1565 1565 1587 cum
1588 1553 1726 1600 verstone
1747 1561 1779 1590 et

23 1607 125 1650 «ntis,
148 1618 187 1640 ex
211 1606 348 1641 editione
367 1608 461 1643 Rich.
485 1609 596 1641 Fraus:
615 1608 698 1643 Pin-1.
719 1608 860 1642 Brunck.
903 1609 1135 1656 Argentorati,
1162 1609 1246 1642 tomi
1272 1607 1295 1641 l.
1320 1607 1360 1640 11.
1396 1602 1554 1640 sumtibus
1582 1608 1631 1641 lo.
1649 1607 1775 1657 Georg.

22 1658 196 1702 Tremel,
222 1662 316 1703 1786.
345 1671 430 1696 tom.
448 1661 503 1694 111.
532 1662 564 1698 P.
582 1661 605 1695 Ι,
629 1661 671 1696 ΙΙ.
699 1667 787 1706 1788.
816 1667 849 1701 8.

126 1713 166 1747 ln
181 1713 294 1761 primo
313 1713 486 1748 volumine
502 1710 576 1748 sunt
591 1711 740 1762 Oedipus
758 1723 892 1762 vterque
909 1723 940 1748 et
956 1711 1106 1755 Electra,
1131 1725 1210 1747 cum
1228 1709 1376 1747 ver-lione
1390 1710 1488 1746 latina
1505 1715 1598 1759 (pag.
1615 1722 1675 1755 243
1691 1708 1775 1762 sqq.)

23 1772 55 1801 et
69 1777 146 1800 cum
162 1767 248 1800 notis
265 1765 407 1803 Brunck.
433 1768 524 1816 (pag.
541 1769 601 1810 363
619 1763 706 1815 sqq.)
723 1768 757 1801 in
771 1763 917 1802 secundo
934 1765 1079 1815 reliquae
1094 1775 1237 1815 quatuor
1253 1778 1331 1800 cum
1346 1762 1494 1799 versione
1513 1763 1568 1798 lat.
1585 1774 1616 1799 et
1632 1766 1772 1802 Brunck.

27 1820 130 1862 uotis3
157 1820 190 1852 in
205 1820 300 1853 tertio
316 1830 497 1855 occurrunt
511 1833 545 1869 p.
561 1831 709 1866 1—352.
736 1815 861 1855 scholia
879 1821 1032 1869 antiqua;
1059 1833 1092 1869 p.
1111 1830 1164 1863 353
1182 1839 1230 1845 —
1245 1824 1320 1861 480.
1339 1814 1468 1865 sylloge
1483 1819 1774 1868 παραλελειμμέ·

25 1883 82 1908 νυν
104 1871 266 1909 παλαιῶν
289 1874 462 1920 σκολίων,
489 1885 572 1922 quae
595 1874 629 1906 in
654 1874 783 1908 maiore
804 1871 882 1908 edit.
905 1873 1045 1922 antiquis
1071 1869 1144 1908 sunt
1166 1868 1336 1913 subslrata;
1389 1898 1394 1903 .
1413 1876 1469 1914 48¹
1494 1890 1533 1895 —
1553 1872 1626 1916 586.
1651 1868 1772 1907 scholia

25 1921 184 1963 Demetrii
205 1924 372 1961 Triclinii.
431 1927 525 1961 Haec
547 1927 717 1974 excipiunt
741 1923 992 1975 deperditorum
1017 1925 1121 1974 Soph.
1144 1923 1334 1959 dramatum
1374 1932 1543 1972 raginenta
1570 1932 1601 1957 et
1627 1925 1773 1960 Lexicon

24 1973 260 2025 Sophocleum.
310 1975 438 2014 Desunt
456 1980 556 2027 igitur
570 1977 667 2013 index
683 1980 717 2013 in
731 1977 938 2028 Sophoclem
953 1988 984 2014 et
999 1977 1156 2013 elenchus
1174 1973 1371 2025 scriptorum
1386 1977 1419 2009 in
1439 1971 1568 2010 scholiis
1585 1974 1624 2010 ad
1642 1977 1772 2026 Sopho-

24 2025 109 2064 clem
127 2032 356 2067 excitatorum.
385 2029 539 2079 [Acceffit
554 2044 660 2080 nuper
674 2027 822 2080 separato
837 2029 1010 2067 volumine
1029 2029 1150 2073 Index,
1177 2042 1244 2078 quo
1259 2026 1357 2064 editio
1373 2031 1406 2063 in
1419 2024 1530 2062 forma
1547 2029 1614 2065 ocl.
1629 2040 1772 2079 quatuor

23 2080 103 2117 voll-
120 2082 270 2118 constans
282 2108 291 2122 ‚
321 2087 450 2134 primae
468 2083 514 2120 illi
532 2086 566 2119 in
583 2096 612 2127 4.
635 2083 735 2134 plane
757 2083 901 2134 aequalis
925 2082 1082 2120 redditur.
1137 2081 1333 2118 Prodieruut
1351 2083 1449 2117 etiam
1465 2082 1622 2116 Carmina
1640 2083 1771 2131 Sopho-

25 2132 80 2168 clis
93 2147 131 2170 ex
149 2149 212 2175 rec.
228 2137 369 2174 Brunck.
391 2140 426 2172 in
447 2134 540 2172 vsum
560 2133 752 2173 scholarum
769 2135 1013 2187 diligentissime
1038 2133 1201 2186 expressa,
1229 2133 1306 2169 Hal.
1329 2145 1418 2181 1790.
1441 2134 1482 2168 11.
1500 2133 1580 2169 voll.
1600 2141 1631 2175 8.
1661 2135 1768 2182 Beck]

25 2202 74 2212 -—
100 2186 250 2237 Denique
266 2192 464 2239 recognouit
478 2188 663 2238 tragoedias
679 2190 903 2239 Sophoclea,
931 2187 1053 2225 scholia
1073 2187 1227 2223 'I'riclinii
1244 2197 1275 2221 et
1297 2190 1479 2222 recentiora
1495 2184 1605 2222 omisit
1632 2190 1767 2237 receptis

26 2245 151 2274 tantum
172 2241 349 2289 veteribus,
377 2256 459 2293 quae
477 2241 686 2286 emendauit,
713 2256 744 2279 et
769 2256 874 2279 nouas
897 2241 1057 2292 quasdam
1080 2240 1196 2277 adiecit
1220 2249 1333 2282 notas,
1358 2237 1487 2289 suisque
1517 2236 1675 2276 sumtibus
1697 2253 1766 2281 ²¹20-

27 2292 223 2341 exemplaria
245 2293 412 2344 eleganter
433 2293 549 2332 excusa
567 2309 584 2331 e
607 2296 722 2346 praelo
743 2300 830 2332 exire
853 2294 955 2331 iussit:

125 2354 289 2398 Sophoclis
304 2358 491 2402 tragoediae
507 2355 547 2392 V
545 2357 583 2391 Il
588 2385 595 2391 .
612 2356 820 2404 cumfiholiis
835 2355 1015 2394 veteribus,
1042 2350 1178 2399 vetfione
1201 2351 1303 2384 latina
1328 2356 1360 2384 et
1382 2350 1478 2384 notis.
1529 2349 1698 2384 Accedunt
1719 2350 1770 2384 de-

23 2404 220 2448 poedilorum
235 2408 418 2442 dramatum
427 2407 636 2455 fragmenta.
688 2407 749 2443 Ex
764 2409 899 2443 editione
913 2405 1003 2443 Rich.
1021 2404 1140 2439 Franc.
1162 2403 1242 2440 Phil.
1257 2403 1398 2438 Brunck.
1429 2405 1656 2450 Argentorati‚
1685 2414 1767 2438 tom.

28 2454 104 2492 Lu.
119 2457 174 2492 111.
201 2465 292 2505 ¹789·
322 2461 398 2495 mai.
416 2467 447 2502 8.

70 2516 138 2549 701.
147 2517 192 2549 II.
910 2512 935 2546 F
946 2507 965 2544 f
1671 2508 1768 2544 Noua
