2183 2747
29 184 92 215 vu.
107 186 128 214 i.
137 194 163 221 ρ-
173 189 218 219 2³⁸
622 182 841 225 MILESNS.

997 188 1085 241 Lib.
1100 190 1131 227 1.
1158 203 1182 231 e.
1193 189 1367 230 XXXV.
1716 210 1785 248 299

28 295 68 318 ex
85 281 255 318 Herodoti
273 283 309 320 L.
323 283 348 319 1.
365 282 452 333 [cap.
470 277 608 328 ¹70.'vbi
624 298 654 319 v.
673 282 871 336 W'effeling.
884 283 967 336 'fiag-
982 291 1034 327 80.
1055 287 1185 336 Har-13.
1214 291 1255 326 ab
1271 292 1413 341 Hygino
1435 291 1570 341 [poetic.
1589 291 1782 334 Astronom.

26 348 54 370 c.
70 348 98 371 2.
116 336 169 371 vbi
187 333 338 372 consules
356 333 504 372 Scheffer
518 346 551 372 et
566 338 726 374 Munker.
769 365 776 374 .
791 350 865 383 424.
881 338 932 375 ed.
946 340 1089 376 Staueer.
1120 343 1237 389 HurL]
1261 354 1292 379 et
1307 344 1405 380 Suida
1421 355 1575 382 notatum
1590 346 1652 390 est,
1682 349 1784 386 Phoe-

25 390 149 431 nicius,
176 402 279 439 quem
302 401 333 426 et
355 385 464 439 ipsum
479 386 715 439 disputationes
753 405 809 428 uas
832 389 952 443 scripto
966 391 1135 430 mandasse
1150 395 1296 432 affirmat
1310 398 1483 446 Augustin.
1508 399 1528 435 l.
1547 401 1632 435 v111.
1648 398 1689 436 de
1707 402 1783 438 Ciu.

24 441 88 478 Dei
103 454 130 476 c.
146 453 175 476 2.
193 444 365 492 innuitque
382 444 552 478 Vitruuius
567 445 602 478 L.
619 444 675 480 [X.
695 457 722 478 c.
738 457 768 489 7.
787 443 844 480 etsi
863 446 1008 482 Laertius
1027 448 1061 482 in
1078 447 1232 484 Thaletis
1248 452 1312 485 vita
1328 452 1362 486 L.
1377 453 1400 486 1.
1422 448 1498 488 sedi.
1513 463 1559 496 23.
1574 453 1641 500 [vbi
1661 467 1689 488 v.
1706 455 1781 490 Me.

23 495 199 544 uagitum]
225 495 358 532 testatur
378 493 543 546 quosdam
564 494 723 542 stamiffe,
758 495 851 549 quod
872 497 957 536 nihil
976 501 1120 537 omnino
1143 498 1303 552 scripserit
1317 502 1362 547 ⁶),
1375 513 1410 541 vt
1429 501 1546 542 diserte
1565 509 1666 542 etiam
1682 505 1781 542 tradit

20 641 189 681 Budaeus,
219 646 274 686 qui
295 643 387 675 iudex
413 643 495 675 sedet
512 642 771 676 seuerior-“contra
791 645 877 677 Tha-

20 685 129 724 letem,
146 690 178 718 in
191 688 340 720 Analeffls
357 687 758 731 historiaelphilosophicae‚
780 689 875 721 Halae

21 731 128 762 saxon.
144 737 228 772 1706.
247 741 271 768 s.
288 744 315 775 p.
332 745 393 770 343.
409 732 449 774 sq.
495 732 659 763 Enimuero
676 733 738 764 vid.
754 743 874 776 praeter

19 773 157 806 laudatos
173 779 257 808 viros
273 776 390 816 doctos,
406 777 470 808 Iac.
488 775 634 808 Bracker.
657 780 689 807 in
705 780 779 808 Otio
797 781 872 808 Vin-

20 818 131 854 delico,
147 822 275 852 Exercit.
294 823 331 852 11.
346 819 372 862 ᾗ.
389 831 414 851 2.
429 831 494 862 pag.
513 831 571 858 ¹29·
595 828 624 851 et
646 821 813 853 Cudworth
830 821 872 858 sy-

19 863 108 892 stema
130 863 334 895 intelleetuale
366 875 430 906 cap.
446 867 498 895 111.
522 863 548 904 §.
563 875 611 895 20.
649 866 700 895 vbi
726 875 790 906 pag.
811 876 870 897 122.

19 915 82 937 not.
99 915 125 942 ε.
170 907 358 950 i’llofliemius
380 907 546 950 permultos
564 911 646 938 viros
665 909 813 945 eruditos,
837 912 870 940 in

18 959 178 993 vtramque
204 962 319 994 partem
350 952 550 993 disputantes,
584 955 615 982 in
642 954 778 983 medium
801 965 869 995 pro-

18 995 114 1031 ducit,
138 1006 375 1037 argumentaque
391 995 601 1026 adcusatorum
617 1006 703 1027 vocat
726 995 778 1027 sub
803 1007 869 1028 exa-

14 1050 103 1069 men:
126 1041 203 1071 adde
228 1041 301 1070 ibid.
329 1051 382 1082 cap
409 1039 494 1080 1v.§
519 1050 564 1070 20.
590 1049 655 1081 pag.
672 1051 744 1077 440.
790 1043 865 1078 Qui-

17 1083 85 1113 dam
109 1083 230 1125 insuper
258 1086 396 1115 arbitrati
425 1083 509 1116 sunt,
539 1082 704 1114 Thaletem
729 1084 864 1115 habuisse

15 1129 75 1157 iam
93 1137 122 1158 ct
139 1128 292 1159 tradidiss'e
309 1130 374 1158 veri
389 1128 438 1157 dei
454 1129 627 1157 notionem:
657 1130 742 1157 euius
764 1137 865 1158 tamen

15 1172 122 1202 anaor
145 1171 205 1202 fuit
225 1175 305 1203 inter
317 1182 438 1211 graccos
454 1171 582 1201 deorum
604 1169 735 1202 cultores
752 1174 864 1202 Anaxa-

14 1225 111 1253 goras.
127 1218 252 1258 Decepit
269 1219 348 1246 enim
368 1214 515 1256 plurimos
532 1213 634 1246 Cicero
650 1215 687 1244 de
696 1217 766 1246 Nat.
777 1215 862 1246 deor.

14 1261 36 1288 1.
55 1270 96 1289 ιο.
113 1259 191 1290 male
214 1262 322 1301 partim
343 1257 511 1289 intellefius
524 1281 534 1295 ‚
558 1261 667 1299 partim
687 1257 862 1300 explicitus:

12 1304 36 1332 is
51 1312 163 1339 autem,
181 1303 301 1339 Thales,
317 1305 431 1344 inquit,
451 1302 598 1344 Milesius,
621 1302 675 1344 qui
685 1304 809 1343 primus
825 1305 862 1335 de

11 1347 126 1377 talibus
137 1346 230 1378 rebus
250 1346 397 1388 quaesiuit
406 1367 414 1380 ,
437 1355 554 1387 aquam
568 1346 655 1377 dixit
669 1344 722 1388 eſjb
735 1347 861 1378 initium

8 1399 134 1421 rerum:
155 1390 244 1421 deum
261 1395 376 1426 autam,
394 1399 459 1420 eam
472 1399 616 1427 mentem,
626 1399 707 1431 quae
720 1400 761 1421 ex
774 1400 859 1433 aqua

8 1432 271 1476 cnnffafingeret.
315 1437 416 1465 Huius
440 1435 534 1473 igitur
557 1432 616 1464 loci
639 1433 803 1465 obscuritas
819 1443 860 1466 at-

7 1487 68 1518 que
84 1479 297 1520 interpretatio
307 1489 344 1509 eo
356 1480 450 1517 magis
460 1478 633 1509 torfitviros
648 1477 763 1515 ἀοᾶος,
773 1479 858 1519 quod

7 1523 197 1560 Anaxagoras
217 1522 297 1564 apud
319 1524 499 1553 Ciceronem
516 1524 614 1563 capite
626 1521 769 1563 sequente
784 1522 857 1553 dici-

6 1573 57 1595 tur
73 1568 188 1607 primus
209 1568 348 1597 omnium
374 1577 477 1596 rerum
501 1565 734 1607 descriptionem
752 1575 781 1597 et
793 1577 856 1597 mo-

5 1612 219 1644 tum‚‘rnentis
247 1611 384 1641 infinitae
406 1612 437 1641 vi
459 1619 492 1639 ac
510 1612 632 1640 ratione
657 1610 805 1649 designari
827 1619 856 1641 et

3 1654 113 1683 confici
135 1652 272 1685 voluisse.
319 1656 399 1684 Hine
421 1656 523 1684 variae
547 1662 650 1684 enatae
673 1653 739 1685 sunt
764 1653 854 1696 suspi-

4 1698 106 1728 ciones
122 1705 231 1738 atque,
258 1706 290 1728 vt
305 1708 412 1729 verum
427 1697 540 1733 fatear,
570 1706 727 1728 contortae
743 1699 855 1739 exposi-

2 1743 118 1772 tiones:
141 1744 270 1783 nec,qui
286 1742 323 1772 dc
339 1740 472 1772 Thalete
490 1740 592 1783 paullo
609 1741 732 1772 vberius
747 1741 795 1772 vel
811 1741 855 1772 se-

4 1787 131 1826 paratim
148 1784 349 1827 disputarunt,
366 1784 449 1815 illius
463 1784 523 1816 loci
539 1787 725 1816 mentionem
742 1794 794 1817 aut
810 1789 855 1816 in-

4 1830 254 1869 terpretationem
271 1828 446 1860 omiserunt.
465 1841 493 1859 v.
510 1840 634 1870 quoque
645 1829 853 1871 Dauifiumad

5 1874 162 1902 Ciceronis
178 1871 261 1909 loca,
284 1875 446 1914 praecipue
466 1874 664 1914 posteriorem
687 1873 724 1903 de
740 1876 853 1904 Anaxa-

2 1926 75 1955 gora
91 1927 119 1957 p.
137 1927 175 1946 m.
191 1927 236 1953 30.
263 1915 407 1946 Batttux
433 1918 468 1947 in
490 1915 668 1947 Gesehiehte
690 1916 746 1947 der
767 1920 852 1954 Mey-

2 1970 126 1999 nungen
141 1959 196 1990 der
211 1957 412 2001 Philosophen
429 1970 490 1989 von
507 1959 566 1990 den
582 1960 677 1990 ersten
694 1961 852 1992 Grundur-

1 2002 109 2035 sachen
133 2003 188 2034 der
203 2005 313 2041 Dinge,
329 2004 444 2044 Lipfiae
461 2013 539 2042 ¹773.
554 2013 619 2044 pag.
637 2013 697 2041 154.
713 2002 774 2045 sqq.
796 2007 851 2045 qui

0 2048 126 2088 quidem
148 2058 202 2077 nec
225 2045 355 2077 absoluit
379 2057 500 2076 omnem
521 2057 604 2082 rem,
628 2057 683 2077 nee
699 2049 849 2088 peruidit:

0 2091 140 2122 Meiners
158 2092 321 2121 Historiam
339 2090 496 2120 doetrinae
519 2091 558 2120 de
574 2101 649 2121 vero
664 2091 740 2127 deo,
765 2094 850 2122 Lem-

0 2145 70 2174 gou.
91 2142 172 2174 1780.
187 2143 262 2176 part.
280 2137 318 2164 11.
334 2143 400 2175 pag.
415 2138 478 2170 256.
521 2135 628 2166 Tanto
647 2137 742 2174 igitur
756 2137 850 2166 inter-

0 2186 118 2220 pretum
139 2178 268 2209 discidio
282 2186 381 2208 motus
400 2180 583 2208 curatiorem
603 2177 664 2209 loci
680 2181 848 2220 inquisitio-

0 2232 66 2252 nem
83 2230 173 2264 atque
189 2225 390 2263 interpretum
407 2232 468 2251 non
485 2225 579 2261 magis
599 2232 688 2263 quam
704 2222 846 2254 Thaletis

0 2265 162 2297 sententiae
171 2276 295 2296 examen
310 2265 424 2295 institui
439 2267 471 2295 in
479 2274 610 2306 quatuor
621 2264 845 2307 prolufionibus

0 2310 185 2341 academicis.
200 2309 325 2341 Ostendi
341 2318 452 2345 autem,
467 2319 566 2350 neque
576 2308 675 2340 locum
688 2312 845 2341 Ciceronis

0 2353 54 2386 esse
70 2363 261 2395 corruptum,
277 2364 376 2394 neque
385 2351 549 2383 Thaletem
563 2362 665 2384 mente
682 2354 734 2384 fibi
750 2353 844 2385 infor-

0 2397 84 2430 mass‘e
94 2398 185 2427 deum
195 2399 350 2427 infinitum
359 2405 388 2426 et
398 2398 547 2426 amateria
555 2396 845 2434 seiunekum,mundi

0 2442 155 2483 opificem3
200 2440 250 2470 sed
273 2439 412 2480 cogitasse
441 2440 478 2470 de
501 2443 655 2483 principio
681 2441 843 2479 materiali,

0 2485 78 2525 quod
96 2487 126 2514 in
141 2483 324 2525 sempiterno
348 2483 418 2514 cffet
432 2493 516 2514 motu
529 2507 537 2520 ,
561 2495 595 2514 ex
611 2496 696 2515 cuius
718 2486 844 2516 neeessa-

0 2530 50 2558 riis
70 2529 203 2559 motibus
226 2526 386 2563 elementa,
404 2537 550 2569 corpora,
573 2528 764 2570 mundusque
783 2528 844 2570 ipse

0 2580 26 2602 et
40 2583 156 2610 omnes,
171 2582 249 2615 quae
264 2573 297 2602 in
312 2570 367 2603 illo
383 2574 596 2611 continentur,
620 2580 756 2611 naturae,
779 2574 844 2615 ipsi-

1033 554 1057 589 P
1063 566 1087 604 p
1117 565 1136 589 2
1684 560 1779 595 The-

930 655 990 686 que
1005 645 1068 683 dii,
1089 648 1190 689 postea
1207 657 1311 680 rerum
1332 650 1552 689 moderatores,
1575 652 1680 684 sensim
1696 663 1778 686 acce·

929 689 1037 730 piss‘ent
1059 689 1189 722 formam
1213 700 1243 724 et
1265 693 1358 724 essent
1381 703 1477 728 enata.
1525 698 1578 727 Vis
1602 696 1673 735 illa,
1697 708 1776 739 quae

927 736 1030 764 omnia
1044 743 1159 772 mouet,
1173 735 1270 774 -bvxaei,
1295 739 1404 770 anima
1432 740 1558 777 mundi,
1581 746 1674 776 hnore
1691 742 1775 773 illius

925 779 995 807 aeui
1020 782 1121 820 potuit
1147 783 1251 812 vocari
1273 781 1356 813 deus.
1410 783 1545 814 Velleius
1569 792 1670 816 tamen
1693 787 1775 828 apud

925 822 1105 853 Ciceronem
1121 822 1204 856 illam
1217 835 1340 866 quoque
1356 830 1528 859 nominauit
1541 834 1680 865 mentem,
1696 840 1775 871 quae

924 872 1024 895 tamen
1047 867 1087 896 cst
1108 877 1286 906 graecorum
1317 869 1569 913 philosophorum
1589 872 1640 904 viis.
1692 877 1774 905 Hine

925 911 1024 939 omnis
1041 909 1100 940 loci
1125 911 1288 942 obscuritas
1314 921 1380 946 orta
1395 916 1445 945 est.
1496 918 1636 958 Denique
1657 918 1774 949 Thale-

923 955 960 983 tis
975 963 1059 984 mens
1083 955 1142 984 siue
1165 958 1264 996 potius
1288 958 1412 995 anima,
1445 961 1490 990 vis
1510 959 1563 990 illa
1590 964 1693 993 omnia
1708 974 1771 993 uio-

922 1006 1008 1033 vens‚
1024 1006 1090 1028 orta
1113 999 1295 1030 credebatur
1315 1011 1350 1031 ex
1365 1005 1491 1033 materia
1507 1006 1616 1046 prima,
1639 1006 1676 1042 τῷ
1692 1005 1772 1045 ὖγρᾷ,

921 1049 1006 1070 mens
1020 1051 1120 1072 autem
1137 1045 1341 1082 Anaxagorae,
1362 1055 1378 1074 a
1394 1049 1518 1077 materia
1535 1047 1686 1090 separata,
1711 1049 1771 1081 fuit

919 1085 1049 1114 infinita.
1102 1088 1169 1123 Qia
1203 1089 1455 1129 interpretatione
1481 1091 1604 1122 vberius
1627 1092 1770 1134 explicita

918 1128 1076 1158 ostendisse
1093 1131 1170 1159 mihi
1192 1131 1317 1165 videor.
1340 1134 1520 1164 Ciceronem
1547 1146 1647 1177 neque
1667 1136 1770 1169 secum.
1820 1136 1827 1141 ’

917 1171 1076 1213 pugnasse,
1107 1184 1205 1214 neque
1228 1174 1393 1207 Thaletem
1424 1177 1461 1208 de
1476 1189 1551 1211 vero
1572 1180 1680 1210 mundi
1695 1180 1768 1211 effe-

917 1215 1000 1244 &ore
1019 1217 1100 1246 reete
1123 1218 1277 1255 iudicaffe,
1297 1229 1326 1249 et
1343 1222 1498 1252 Ciceronis
1521 1232 1653 1254 mentem
1678 1223 1767 1255 fuisse

916 1257 994 1288 male
1009 1259 1203 1301 perspectam.
1247 1264 1394 1301 [Eandem
1408 1266 1461 1296 hac
1477 1266 1514 1296 de
1529 1277 1561 1296 re
1577 1265 1768 1305 sententiam,

915 1301 1139 1343 prolutionibus
1155 1304 1227 1341 illis,
1254 1315 1285 1336 vt
1304 1308 1426 1338 videtur
1444 1320 1504 1339 non
1521 1309 1605 1340 leftis
1620 1311 1764 1342 aduersus

915 1345 978 1375 Cel.
995 1346 1191 1384 Platnerum,
1216 1354 1397 1381 contrariam
1412 1351 1590 1384 sententiam
1606 1354 1765 1386 fouentem

913 1390 998 1425 (vid.
1014 1393 1079 1421 eius
1092 1391 1330 1434 pllilosbpl1{lcl18
1342 1396 1556 1437 AplzoriJmen,
1569 1398 1638 1428 Vol.
1650 1410 1671 1430 ι.
1686 1398 1766 1441 Lips.

915 1440 996 1472 1784.
1013 1445 1041 1476 p.
1052 1446 1124 1472 409.
1137 1435 1216 1477 sqq.)
1240 1437 1368 1468 asserere
1389 1451 1486 1481 nuper
1501 1440 1640 1473 sustinuit
1654 1442 1697 1473 Cl.
1715 1444 1764 1477 Io.

910 1477 998 1509 frid.
1016 1478 1121 1515 Flatt,
1152 1481 1356 1520 Tubingenfis
1382 1483 1548 1521 Professor,
1572 1488 1603 1515 in
1626 1486 1697 1516 Diis.
1724 1487 1763 1517 de

910 1521 1060 1552 Theismo
1081 1522 1209 1554 Thaleti
1231 1524 1349 1556 Milesio
1369 1527 1591 1565 abiudieando‚
1619 1531 1763 1570 Tubing.

912 1572 993 1603 1784.
1013 1567 1066 1603 4.]
1135 1568 1192 1597 Sed
1221 1567 1287 1598 satis
1319 1570 1356 1599 de
1385 1570 1526 1602 Thaletis
1561 1575 1762 1614 opinionibus

908 1617 999 1649 atque
1035 1611 1202 1647 erroribus,
1239 1623 1299 1642 non
1327 1616 1426 1644 minus
1463 1625 1553 1656 quam
1576 1620 1652 1653 eius,
1682 1627 1760 1658 quae

908 1652 1083 1694 amplissima
1100 1655 1228 1685 iudicari
1245 1656 1367 1692 debent,
1381 1660 1508 1690 meritis.
1554 1661 1673 1691 Addere
1697 1670 1760 1691 tan-

908 1705 973 1726 tum
996 1699 1102 1733 iuuat,
1131 1709 1208 1739 quae
1233 1701 1385 1730 Fabricius
1407 1701 1537 1744 exempli
1559 1703 1602 1733 sui
1619 1714 1690 1734 orae
1708 1705 1760 1734 ad-

908 1739 1016 1782 scripta
1037 1740 1173 1783 reliquit.
1218 1746 1418 1785 „Vtrumque
1436 1745 1549 1776 dieitur
1563 1746 1673 1783 Θάλης,
1688 1759 1760 1784 uror,

909 1792 938 1814 et
953 1786 1062 1822 Θαλῆς,
1079 1786 1104 1814 ἵε.
1120 1788 1164 1824 [v.
1183 1786 1332 1818 Perizon.
1347 1789 1383 1818 ad
1394 1788 1511 1819 Aeliani
1529 1793 1566 1820 Η.
1579 1793 1614 1820 V.
1625 1790 1677 1822 lib.
1689 1794 1756 1822 ΧΠ.

908 1838 932 1857 e.
952 1837 997 1864 50.
1011 1840 1039 1870 p.
1055 1837 1119 1866 809.
1136 1829 1172 1859 ed
1198 1832 1307 1861 Abrah.
1324 1834 1508 1870 Gronouii]
1540 1832 1622 1865 Alex.
1636 1836 1757 1876 Aphro-

908 1871 962 1902 dis.
979 1883 1043 1913 pag.
1061 1883 1103 1903 22.
1119 1874 1150 1909 b)
1160 1875 1191 1903 in
1206 1875 1322 1915 Sophist
1348 1874 1580 1906 Elench.ei>=2w
1595 1880 1674 1920 apud
1689 1881 1756 1909 Ari-

907 1915 1038 1946 stot.lib.
1055 1919 1077 1947 1.
1100 1927 1163 1959 cap.
1180 1929 1216 1948 11.
1248 1917 1363 1949 Politic⁴
1389 1920 1523 1951 Ἀθηναῖοι
1552 1922 1715 1960 περισηῦσιν·
1739 1921 1757 1956 ἧ

904 1956 1013 1991 dammi
1026 1964 1040 1998 (
1043 1962 1210 1992 communis
1226 1961 1381 1992 dialcetus.
1399 1974 1459 1993 non
1471 1963 1567 2004 plebs,
1583 1965 1756 2003 dei-Palm,

906 2011 939 2033 vt
961 2005 993 2032 in
1008 2005 1087 2035 Affls
1110 2003 1278 2046 philosoph.
1297 2004 1356 2036 vol.
1374 2009 1397 2036 Ι.
1420 2015 1486 2048 part
1509 2010 1562 2038 IV.
1584 2019 1650 2050 pag.
1665 2014 1754 2048 687.)

903 2045 1022 2085 βαρύνει.
1067 2050 1206 2084 Nimius,
1228 2052 1258 2078 in
1274 2060 1336 2090 quo
1353 2050 1494 2081 Thaletis
1517 2054 1598 2089 icon,
1617 2055 1648 2083 in
1670 2056 1753 2084 Hen-

905 2093 1008 2120 manni
1029 2093 1108 2121 Afris
1137 2091 1306 2134 philosoph.
1339 2093 1390 2124 vol
1421 2097 1444 2125 1.
1473 2105 1538 2137 pag.
1555 2107 1617 2133 520.
1635 2096 1696 2138 sqq.
1721 2104 1752 2128 et

903 2139 966 2167 652.
980 2134 1021 2176 sq.
1067 2137 1111 2166 De
1132 2136 1270 2175 dogmate
1287 2139 1368 2173 eius,
1399 2142 1503 2170 omnia
1518 2149 1559 2170 ex
1573 2150 1668 2183 aqua,
1685 2140 1751 2172 ioh.

900 2177 1000 2208 Henr.
1023 2179 1162 2214 Mullerz',
1184 2179 1248 2210 diff.
1270 2179 1492 2221 Altdorfi1718.
1518 2183 1664 2214 Biblioth.
1687 2193 1752 2214 aca-

901 2221 1018 2252 demica
1039 2221 1172 2252 Halensis
1189 2225 1237 2254 1x.
1257 2235 1315 2254 ici.
1330 2235 1386 2266 pag
1412 2230 1507 2263 390.“
1554 2228 1648 2258 Harl.

938 2274 965 2306 g
985 2264 1160 2296 Plutarchus
1170 2270 1283 2308 primus
1294 2269 1344 2304 est,
1352 2271 1405 2309 qui
1414 2273 1513 2311 operis
1522 2270 1672 2301 aThalete
1682 2270 1752 2302 scri-

895 2311 940 2349 pti
955 2307 1027 2339 facit
1046 2318 1249 2345 mentioneui;
1272 2312 1426 2353 idemque,
1447 2323 1478 2344 vt
1504 2315 1658 2345 Fabricius
1683 2314 1746 2356 ipse

896 2363 967 2382 mox
979 2363 1092 2388 monet,
1109 2354 1238 2390 dubitat,
1255 2357 1563 2395 num-firgenuinum.
1574 2357 1752 2389 Aristoteles

896 2407 970 2426 vero
992 2407 1140 2428 memorat
1162 2398 1303 2431 Thaletis
1325 2399 1484 2430 sententias
1507 2411 1598 2442 atque
1627 2404 1747 2444 opinio·

897 2450 961 2476 nes,
977 2451 1038 2470 non
1056 2439 1165 2472 litteris
1181 2441 1317 2484 scriptas3
1343 2443 1391 2474 sed
1408 2455 1461 2474 ore
1478 2454 1506 2475 et
1521 2444 1656 2476 sermone
1672 2445 1746 2476 alio-

897 2494 964 2513 rum
980 2485 1114 2515 traditas.
1146 2488 1297 2526 Diogenes
1312 2496 1427 2523 contra,
1443 2488 1615 2530 Simplicius
1631 2500 1663 2519 ac
1680 2491 1746 2519 Sto-

897 2528 988 2558 baeus
1018 2528 1112 2559 libros
1143 2529 1342 2572 supposititios
1372 2541 1523 2572 tamquam
1550 2541 1746 2563 monumenta

896 2571 1038 2604 Thaletis
1060 2584 1200 2612 germana
1217 2576 1361 2606 meritant.
1384 2577 1464 2607 Hinc
1482 2574 1509 2606 cl
1528 2577 1661 2610 Meiners
1679 2575 1748 2607 loco

1233 2620 1238 2624 '
1698 2622 1749 2651 cit.
