2183 2747
35 78 138 126 *voit
160 103 232 131 μμ
253 94 276 128 r
821 89 1076 128 HERCVLES.
1270 89 1346 125 Lib.
1363 91 1392 126 1.
1422 103 1446 126 c.
1467 89 1537 127 VJ.
1719 62 1722 63 ⁷
1782 91 1821 136 4'5

45 132 284 148 ————-—-

43 195 159 234 aldum
179 189 426 242 diligentiffime
451 192 527 241 egit.
583 188 741 227 Herculis
760 185 910 242 προέξεις
930 186 1073 225 celebrat
1091 196 1221 237 praeter
1240 185 1323 223 alios
1343 189 1411 223 Dio
1428 184 1689 233 chrysostomus
1710 184 1778 223 diff.
1789 194 1820 230 8.

41 260 75 287 et
95 244 263 298 inscriptio
284 248 410 283 Graeca
431 259 534 295 quam
555 245 594 280 ab
615 242 726 280 Isaaco
748 243 863 280 Voffio
885 254 1058 293 acceptam
1082 241 1264 292 publicauit
1285 240 1464 277 Cornelius
1488 240 1627 277 Tollius
1647 239 1688 276 ad
1711 240 1821 277 Palae-

36 303 186 354 ·phatum
204 315 237 351 p.
253 312 321 337 212.
352 297 522 336 Reinefius
542 313 574 348 p.
592 310 664 343 344.
695 296 866 347 [Tzetzcs
885 295 1113 332 Historiarum
1129 293 1273 331 Chiliad.
1290 296 1313 330 1.
1349 293 1476 331 Hit‘tor.
1492 295 1543 338 36.
1560 307 1589 329 ν.
1605 305 1674 340 491.
1697 291 1765 344 sqq.
1786 297 1822 331 in

39 353 228 402 Anrbolog.
246 366 302 402 gr.
324 353 396 389 libr.
412 355 468 389 IV.
491 366 562 402 cap.
580 359 611 393 8.
635 355 668 386 in
691 350 766 387 cod.
789 349 939 402 quodam
959 364 977 385 a
997 349 1220 385 Constantino
1241 344 1368 384 Lascari
1389 345 1512 398 scripto
1533 346 1621 397 apud
1641 349 1767 382 Iriartc
1787 350 1821 383 in

32 407 148 459 :CataL
170 405 281 444 Codd.
303 419 352 456 gr.
373 406 524 442 biblioth.
546 419 614 455 reg.
636 407 821 441 Mati-iteris.
836 417 912 454 pag.
928 415 998 448 234.
1028 403 1177 438 Eudocia
1197 405 1231 438 in
1245 398 1356 455 Ἰωνιᾷ
1377 415 1408 451 p.
1426 408 1589 444 208-218.
1617 400 1744 448 Corfini
1759 402 1823 435 Ex-

39 464 163 514 piatio,
190 460 279 510 gessa
301 470 332 496 et
351 459 482 497 labores
503 458 661 495 Herculis
681 461 716 494 iu
735 461 860 495 eximio
880 454 1079 495 Farnefiano
1098 468 1282 493 marmore.
1300 467 1382 503 1751.
1402 465 1462 491 etc.
1492 455 1615 499 Harl]
1670 455 1700 490 A
1719 455 1823 499 Cyni-

35 518 86 551 cis
105 525 137 551 et
155 515 272 550 Stoicis
291 513 457 550 Hercules
479 509 617 549 subinde
636 511 737 548 veluti
759 511 932 562 exemplar
952 509 1079 560 insigne
1097 512 1225 547 virtutis
1245 507 1518 547 commendatur.
1573 508 1738 556 Diogenis
1754 508 1823 554 Cy.

36 571 106 605 nici
125 566 336 617 tragoediam
363 566 551 604 Herculem
578 576 749 602 memorat
775 567 921 602 Laertius
947 564 1002 600 lib'.
1019 566 1074 600 VI.
1104 561 1180 600 sect.
1196 569 1251 605 80.
1305 561 1498 599 Medicinae
1524 563 1672 611 peritum
1693 560 1824 597 Hercu-

40 621 110 659 leni
131 619 211 658 facit
232 618 347 658 Celsus
371 624 406 657 in
426 623 629 672 prooemio,
675 633 740 670 qua
760 618 801 655 de
826 633 861 654 re
889 615 1113 655 consulendus
1135 620 1171 653 in
1199 615 1335 652 historia
1355 614 1548 652 Medicinae
1564 643 1574 658 ‚
1614 627 1718 664 quam
1743 627 1824 650 cum

41 688 170 725 magno
194 672 306 712 fruc‘iu
327 673 514 723 legentium
541 687 578 709 ac
599 673 770 724 voluptate
796 670 946 708 condidit
970 670 1095 706 Daniel
1116 670 1262 707 Clericus
1282 680 1376 720 parte
1392 671 1416 705 1.
1440 683 1473 719 p.
1490 681 1541 715 29.
1572 666 1671 715 [adde
1697 666 1823 705 Sclzulz

39 732 78 767 in
99 727 248 765 Historia
267 726 452 764 medicinae
472 740 549 778 pag.
564 739 620 775 94.
634 724 682 777 sq.
762 727 857 763 Neue
878 722 1063 761 weit-und
1087 719 1467 772 Menschengeschichte
1482 751 1493 767 ,
1530 722 1570 757 ab
1594 722 1788 758 Hismanno
1805 734 1824 757 e

37 781 156 833 lingua
169 781 290 832 gallica
304 784 338 817 in
353 784 567 819 teutonicam
579 779 784 816 translatam.
801 781 824 815 I.
845 793 877 829 p.
891 780 966 824 674.
981 779 1095 814 T.V1.
1111 791 1144 828 p.
1156 779 1230 822 369.
1249 787 1280 812 et
1294 791 1326 827 p.
1339 779 1411 821 566.
1421 773 1473 823 ff]
1527 776 1689 811 Ceterum
1711 774 1824 824 plures

36 832 134 873 fuere
143 837 211 872 hoc
224 838 382 871 nomine:
397 848 477 870 narn
486 833 652 871 Hercules
661 844 724 870 tres
741 843 773 869 et
781 832 1000 883 quadraginta
1015 834 1125 868 Varro
1141 840 1328 881 computat,
1344 841 1375 866 et
1391 831 1507 866 omnia
1523 827 1663 878 grandia
1681 828 1767 865 olim
1783 828 1823 863 ab

39 892 184 939 antiquis
193 887 333 923 Herculi
343 884 479 923 adscribi
495 884 603 931 solita,
614 888 702 923 ree‘te
714 883 867 923 obseruat
883 887 990 935 Hugo
1000 887 1135 922 Grotius
1143 883 1185 920 ad
1193 886 1295 920 Ionae
1304 896 1333 920 2.
1354 897 1378 920 1.
1389 881 1547 919 Herculis
1562 881 1825 932 Mythologiam

42 941 198 979 historice
219 939 405 990 expositam
430 939 552 976 videbis
568 969 578 983 ,
620 941 673 976 vbi
696 939 846 983 lubebit,
888 941 1012 976 Tomo
1029 941 1053 976 I.
1080 937 1161 974 Bibl.
1188 934 1391 974 Vniuersalis
1416 936 1537 987 gallice
1567 934 1672 972 editae
1706 949 1725 971 a
1749 936 1822 971 10h.

41 993 177 1030 Clerico
201 1007 233 1044 p.
250 1005 318 1040 252.
335 991 400 1043 seq.
455 995 508 1030 De
531 1007 680 1044 purpura
702 994 742 1029 ab
765 993 916 1030 Hercule
937 994 1052 1039 Tyrio
1074 1001 1224 1042 reperta,
1266 1005 1327 1042 per
1352 989 1565 1028 occasionem
1588 992 1696 1030 canis,
1730 990 1823 1024 cuius

44 1060 82 1083 os
105 1043 202 1082 succo
226 1047 397 1093 conchylii
419 1045 511 1097 quod
534 1060 651 1082 vorare
673 1046 731 1082 ille
754 1046 910 1095 gestiebat
938 1048 1084 1083 tinctum
1107 1042 1295 1082 Obseruauit
1311 1073 1322 1089 ,
1363 1047 1494 1081 mentio
1519 1044 1557 1080 fit
1587 1046 1621 1078 in
1647 1043 1824 1079 Chronico

46 1096 192 1136 Paschali
220 1114 252 1150 p.
280 1111 330 1143 43.
356 1097 420 1150 seq.
454 1099 512 1147 [if]
552 1102 714 1146 [Veteres
753 1098 795 1135 de
828 1099 977 1135 Hercule
1016 1097 1146 1135 fabulas
1180 1108 1211 1134 et
1251 1101 1287 1134 in
1318 1097 1432 1134 multis
1466 1097 1621 1148 operibus
1638 1124 1648 1139 ,
1693 1098 1729 1131 in
1758 1098 1825 1145 pri-

38 1155 107 1204 mis
123 1151 342 1203 anaglyphis,
372 1150 547 1203 expreffas,
570 1163 602 1189 et
623 1155 658 1188 in
680 1151 872 1189 multorum
893 1163 965 1188 tam
993 1155 1244 1202 antiquiorum,
1283 1164 1386 1202 quam
1410 1153 1637 1187 recentiorum
1661 1149 1752 1185 libris
1775 1162 1824 1184 re-

38 1204 123 1256 ‘latas
146 1206 318 1242 habemus.
374 1207 487 1256 Opera
509 1216 661 1243 veterum
683 1204 725 1242 ad
747 1205 934 1242 Herculem
955 1203 1135 1255 spectantia
1154 1204 1293 1254 collegit
1309 1206 1514 1241 Laurentius
1528 1204 1641 1250 Beger
1657 1205 1692 1238 in
1716 1201 1824 1238 libro:

41 1259 207 1296 Hercules
231 1260 459 1296 Ethnicorum
481 1272 521 1296 ex
543 1262 640 1296 variis
662 1262 899 1310 antiquitatum
923 1258 1070 1309 reliquiis
1093 1256 1275 1294 delineatus
1292 1287 1302 1301 ,
1337 1256 1455 1294 additis
1484 1260 1519 1293 in
1552 1256 1620 1291 fine
1651 1253 1824 1291 modernis

41 1311 242 1363 quibusdam
266 1311 415 1349 eiusdem
442 1316 633 1363 argumenti
655 1315 803 1363 piciuriS.
834 1312 1050 1357 Berol.1705.
1078 1315 1114 1348 in
1142 1308 1257 1347 forma
1284 1314 1442 1346 maxima.
1498 1309 1559 1345 Illa
1582 1319 1696 1344 tamen
1721 1321 1824 1358 opera

40 1365 117 1417 post
136 1367 303 1416 Begerum
325 1366 456 1417 plenius
481 1377 514 1403 et
539 1365 730 1417 diligentius
760 1365 876 1416 colligi
904 1364 1050 1417 poffunt.
1102 1364 1351 1415 Anaglyphum
1384 1361 1621 1400 Farnefianum
1650 1360 1827 1397 ediderunt

36 1421 205 1471 'Sponius,
235 1422 358 1457 Gorius
379 1419 420 1456 ad
444 1422 622 1457 Donatum
645 1431 677 1457 et
700 1418 883 1458 Corfinius.
938 1420 1025 1466 Spon
1047 1421 1082 1455 in
1099 1416 1287 1455 Miscellan.
1312 1415 1460 1455 eruditae
1484 1418 1685 1465 antiquitatis
1700 1411 1774 1451 feet.
1783 1415 1824 1450 11.

36 1477 101 1522 sart.
121 1475 160 1508 X.
188 1473 254 1510 col.
272 1486 342 1518 741.
366 1471 412 1524 sq.
435 1477 469 1509 in
499 1474 616 1510 Poleni
644 1472 866 1525 supplement.
890 1472 932 1509 ad
951 1475 1106 1518 Gronou.
1131 1482 1163 1508 et
1189 1474 1310 1509 Graeu.
1335 1468 1440 1508 Thes.
1464 1469 1532 1506 vol.
1556 1471 1613 1505 IV.
1644 1467 1826 1519 publicauit

37 1526 114 1564 illas
141 1524 371 1578 inscriptiones
400 1541 534 1577 graecas
564 1529 705 1572 Fames,
727 1538 760 1563 at
783 1527 941 1564 vetustate
968 1526 1123 1569 mutilas,
1166 1524 1311 1562 duarum
1335 1524 1576 1562 columnarum
1599 1535 1763 1558 marmor.
1790 1523 1826 1556 in

40 1581 159 1630 quibus
180 1583 245 1616 vita
266 1577 420 1632 factaque
438 1581 596 1617 Herculis
613 1591 818 1617 enarrantur.
874 1581 1069 1616 Herodorus
1087 1576 1212 1628 scripsit
1227 1580 1332 1615 XVII.
1349 1578 1422 1615 libr.
1440 1578 1488 1617 τὲ
1505 1573 1593 1615 καθ’
1608 1570 1825 1626 Ἡρακλέων

41 1630 146 1682 λέγε.
162 1647 192 1669 ν.
204 1633 406 1679 Athenaeus,
434 1636 490 1671 IX.
519 1649 552 1685 p.
570 1647 644 1680 474.
660 1636 696 1671 F.
718 1638 799 1670 item
814 1632 1042 1680 Pherecydes,
1069 1642 1104 1668 vt
1118 1631 1264 1668 aliorum
1281 1635 1439 1668 omittam
1453 1632 1676 1671 narrationes,
1701 1632 1826 1678 quippe

43 1700 128 1737 quae
152 1689 219 1723 huc
240 1701 312 1724 non
335 1690 530 1739 pertineant.
555 1686 647 1726 conf.
673 1687 733 1724 cel.
758 1688 875 1736 Heyue
899 1686 941 1723 ad
964 1684 1125 1737 Apollod.
1144 1688 1182 1721 11.
1201 1698 1231 1730 4.
1254 1700 1286 1737 p.
1299 1687 1369 1730 326.
1384 1681 1452 1737 sqq.
1478 1693 1509 1720 et
1529 1678 1725 1720 Thesauros
1739 1683 1825 1718 Gro-

42 1754 123 1777 nou.
141 1740 389 1792 Sallengrianos
415 1753 446 1778 et
466 1740 581 1779 Poleni
598 1771 608 1787 ,
645 1742 728 1779 locis
749 1755 856 1793 paene
878 1741 1026 1786 infinitis.
1063 1739 1181 1786 Harl]

1102 2499 1130 2538 r
1155 2510 1173 2544 a
1612 2486 1822 2533 CAPVT
