2183 2747
367 402 790 446 LECTORI
876 401 1397 448 BENEVOLO

777 507 794 536 S
856 509 894 538 D.
943 508 988 537 Pl.

107 589 525 646 GOTTLIEB
585 590 1268 646 CHRISTOPHORVS
1333 584 1661 647 HARLES‘

0 770 88 911 Si
112 820 316 858 hominurn
333 819 577 856 eruditorum
604 818 841 867 indulgentia
865 827 978 867 atque
1001 821 1202 869 adplausus
1231 828 1267 857 et
1291 821 1375 857 laus
1400 832 1556 863 eorum,
1589 821 1656 870 qui
1680 820 1748 870 ipsi

104 881 143 916 in
165 880 312 916 summa
334 880 447 916 laude
476 880 581 920 sunt,
623 880 818 927 optimum
850 881 1063 926 praemium
1090 881 1286 921 laborum,
1319 881 1385 928 qui
1413 881 1584 916 immensi
1608 881 1750 917 viden-

0 946 81 979 tur,
111 948 147 976 et
165 939 424 976 dulciffimum
441 939 696 986 miseriarum,
729 950 826 986 quae
849 938 1107 975 absoibendac
1129 941 1235 981 sunt,
1267 941 1527 975 leuamentum
1550 941 1632 976 iure
1656 952 1748 976 cen-

0 997 145 1036 sentur:
175 999 353 1046 equidem
375 999 449 1034 huc
466 1010 587 1047 vsque
612 997 709 1033 sorte
733 1008 818 1034 mea
843 1006 1046 1034 contentus
1073 999 1232 1036 miritice
1256 1000 1386 1035 laetari
1412 999 1657 1035 consensione
1685 1001 1749 1035 vi·

0 1069 130 1095 rorum
149 1058 454 1094 dot‘tiffimorum
470 1070 558 1094 cuni
577 1058 614 1092 in
637 1057 834 1094 laudando
858 1058 985 1106 primo
1007 1059 1218 1101 volumine,
1243 1067 1325 1095 tum
1343 1058 1536 1095 erroribus
1558 1058 1656 1094 varii
1679 1070 1747 1106 ge·

0 1119 94 1154 neris
119 1117 361 1157 excusandis,
394 1126 431 1154 et
457 1127 583 1166 aperte
607 1116 796 1152 declarare
819 1113 990 1164 possum,
1021 1129 1146 1153 meam
1171 1119 1397 1166 opinionem
1423 1126 1536 1165 atque
1556 1117 1747 1165 exspecta-

0 1177 141 1213 tionem
167 1176 239 1213 esse
264 1177 415 1212 victam.
476 1177 583 1212 Idem
609 1184 735 1211 tamen
761 1176 922 1212 candide
943 1174 1084 1217 fateor,
1123 1184 1274 1212 tantum
1300 1176 1449 1218 zffuiffe,
1483 1185 1525 1212 vt
1550 1177 1744 1212 sententiis

0 1235 299 1272 doetiffimorum
325 1235 543 1277 censorum,
584 1236 651 1282 qui
677 1235 722 1271 de
748 1247 831 1271 mea
855 1247 972 1284 opera
998 1235 1131 1284 paffim
1153 1237 1394 1276 iudicarunt,
1432 1244 1467 1272 et
1493 1236 1632 1284 quibus
1656 1247 1744 1283 gra·

0 1296 62 1332 :ias
86 1295 213 1343 palam
238 1306 311 1343 ago
338 1296 544 1335 maximas,
583 1293 827 1334 honori-ficis,
866 1295 1070 1343 praecipue
1097 1294 1265 1344 superbis
1296 1289 1602 1348 lifernsa'ozsii
1625 1303 1742 1342 atque

0 1350 170 1406 Heytzii,
211 1354 387 1390 virorum
410 1353 668 1394 summorum,
701 1353 769 1402 qui
792 1355 830 1389 in
858 1354 933 1390 hoc
957 1354 1172 1390 litterarum
1196 1367 1332 1403 genere
1360 1353 1542 1394 habitant,
1575 1353 1742 1395 iudiciis,

0 1424 28 1448 n
45 1412 352 1460 ephemeridibus
373 1414 573 1454 litterariis,
593 1413 875 1449 Helmssadienfi
893 1425 937 1449 ac
959 1413 1215 1462 Gottingensi,
1234 1415 1330 1461 latis,
1362 1412 1409 1449 ad
1427 1412 1559 1448 fastum
1578 1421 1613 1448 et
1630 1424 1740 1448 arro-

0 1473 175 1520 gantiam,
206 1473 363 1508 homine
386 1473 527 1509 litteras
550 1473 671 1509 bonas
697 1473 859 1508 docente
884 1473 1103 1521 indignam,
1135 1473 1348 1522 abriperer,
1378 1481 1421 1508 vt
1444 1471 1592 1520 potius.
1628 1471 1737 1508 infir'-

0 1532 126 1568 nitatis
146 1543 190 1568 ac
209 1533 403 1568 tenuitatis
422 1533 566 1568 virium
585 1531 778 1572 conscius,
808 1543 877 1568 nec
896 1534 1068 1582 ignarus,
1100 1542 1292 1580 quantum
1318 1532 1408 1568 defit
1432 1531 1480 1567 ad
1501 1531 1626 1579 operis
1650 1542 1737 1579 per-

0 1588 6 1594 '
60 1591 205 1631 ionem,
237 1591 410 1627 timidior
436 1591 581 1632 fierem,
614 1603 679 1632 ne,
721 1592 815 1627 dum
842 1592 881 1627 in
916 1603 1054 1640 magna
1081 1592 1174 1629 VV.
1201 1590 1298 1628 DD.
1328 1592 1413 1627 sunt
1445 1587 1735 1638 exl'pee’tationc,

13 1660 84 1686 ane
101 1651 139 1685 in
157 1650 398 1697 sequentibus
415 1649 610 1687 frustrarer
628 1650 907 1687 voluminibus.
969 1649 1111 1688 Saltem
1136 1652 1183 1687 iis
1207 1652 1393 1687 excitatus
1419 1649 1500 1684 sum
1525 1649 1574 1684 ad
1593 1650 1733 1697 gratias

11 1719 76 1748 eo,
106 1721 168 1744 me
184 1708 406 1751 adiuuanti,
437 1710 594 1748 denotas
613 1710 888 1758 persoluendas
911 1718 947 1746 et
962 1711 1010 1747 ad
1027 1711 1214 1747 maiorem
1230 1722 1362 1748 curam
1381 1709 1488 1757 operi
1504 1708 1733 1756 impenden-

1 1764 84 1810 Ιειηῑ.
162 1766 434 1815 Qiorumdam
458 1769 664 1806 doftorurn
689 1771 868 1806 virorum
898 1771 1047 1807 monita
1077 1779 1206 1819 gratus
1238 1771 1311 1818 legi
1343 1777 1379 1806 et
1407 1768 1554 1816 accepi,
1594 1766 1730 1815 iis-que,

3 1816 172 1867 {uantum
197 1823 277 1860 fieri
303 1827 464 1873 poterit,
500 1829 570 1864 suo
597 1836 769 1877 tempore
793 1838 888 1866 vtar.
948 1830 1075 1866 Immo
1103 1842 1216 1877 vero,
1248 1839 1512 1878 quaecumque
1538 1825 1726 1868 addenda,

33 1892 46 1919 t
62 1884 287 1931 corrigenda
307 1885 399 1921 viris
416 1885 535 1922 doctis
553 1888 633 1922 visa
649 1888 723 1923 iani
738 1888 840 1929 sunt,
872 1896 938 1924 aut
958 1889 1084 1937 postea
1106 1889 1365 1929 videbuntur.
1395 1887 1590 1934 colligam,
1622 1894 1660 1922 et
1682 1887 1724 1922 in

23 1943 269 1992 pplcmentis,
312 1943 335 1978 fi
363 1943 455 1980 deus
482 1946 603 1981 vitam
627 1946 804 1994 viresque
828 1947 1068 1990 concesserit,
1101 1949 1300 1997 diligenter
1325 1945 1519 1982 indicabo.
1592 1944 1726 1993 Atque

23 2013 48 2038 o
75 2001 166 2050 ipse,
199 2014 321 2050 quum
347 2003 424 2038 dies
449 2003 550 2039 diem
577 2005 732 2047 doceat,
767 2006 870 2042 haud
896 2018 1035 2055 pauca,
1064 2020 1162 2055 quae
1180 2006 1377 2043 conimiss'a
1396 2005 1482 2040 sunt
1499 2016 1522 2040 a
1543 2016 1626 2052 me,
1653 2012 1721 2040 aut

47 2060 129 2101 iffa,
161 2061 342 2109 congesti,
373 2070 486 2109 atque
504 2064 776 2103 animaduerti.
805 2066 918 2102 etiam
938 2068 1034 2102 inter
1053 2066 1294 2103 scribendum
1310 2065 1500 2101 calamum
1523 2063 1720 2099 interdurn

50 2120 180 2160 trasse,
212 2133 335 2168 neque
359 2122 421 2157 vel
446 2134 506 2162 ca,
539 2135 635 2170 quae
658 2123 754 2159 inihi
778 2124 881 2161 haud
909 2126 1104 2174 incognita
1132 2123 1310 2165 suerunt,
1345 2124 1409 2160 vel
1434 2122 1627 2159 interdum
1652 2134 1720 2159 eos

32 2190 114 2220 ros,
152 2181 355 2228 praecipue
374 2182 534 2216 minoris
555 2182 687 2222 molis,
720 2195 817 2230 quos
834 2184 908 2232 ipse
926 2184 1069 2225 habeo,
1096 2186 1135 2220 in
1153 2193 1325 2232 ternpore
1341 2182 1483 2219 venisse
1506 2182 1547 2217 in
1570 2193 1719 2218 memo-

33 2249 71 2274 m
89 2250 312 2287 manusque.
376 2240 493 2289 Quod
512 2252 607 2276 vero
631 2241 669 2276 in
690 2241 822 2277 libellis
849 2243 1087 2283 minoribus‚-
1115 2242 1436 2291 disputationibus
1457 2249 1494 2278 et
1515 2252 1719 2290 program-

38 2296 138 2334 tibus
158 2299 351 2335 interdum
373 2300 528 2336 materia
545 2301 689 2348 egregia
707 2301 862 2337 collecta
879 2301 941 2342 est,
955 2311 1019 2337 aut
1038 2301 1194 2338 vberior
1213 2303 1419 2338 hominum
1433 2312 1650 2348 rerumque,
1667 2300 1716 2337 de

33 2355 40 2361 '
69 2368 112 2394 us
137 2358 321 2406 peculiari
345 2358 471 2396 studio
495 2360 643 2409 agitur,
671 2361 812 2397 notitia
833 2361 964 2403 datur,
1000 2361 1103 2410 iique
1125 2362 1287 2400 rariores
1314 2361 1400 2399 sunt
1423 2362 1611 2401 inuenta,
1639 2358 1714 2396 fre-

1528 2426 1712 2469 quentem
