2183 2747
91 131 153 160 Vol.
163 132 184 160 ῐ.
199 141 224 167 p.
239 140 286 168 ⁴39
296 135 380 168 2⁴⁴0

837 137 1091 174 THEOGNlS.
1442 141 1508 176 Μὶν.
1520 142 1570 176 II.
1591 154 1613 178 c.
1634 155 1669 178 ii.

1778 157 1840 191 705

90 228 137 276 [v.
148 241 213 275 751.
233 232 316 265 inter
332 240 444 280 poetas
462 232 789 279 gnomic.Brunckii,
817 236 908 269 cuius
927 244 1042 270 notam
1064 233 1137 270 vide
1155 248 1184 283 p.
1202 241 1279 283 296.
1307 237 1425 283 Harl]
1486 239 1760 286 Harpocratiouis
1782 240 1838 287 [if]

89 282 311 331 stephanique
331 281 522 320 sententiam
544 284 748 321 confirmans
771 296 801 321 et
818 286 985 335 Scaligero
1003 301 1031 336 p.
1048 300 1101 333 94.
1133 286 1171 323 ad
1196 287 1395 331 Eusebium,
1433 289 1525 326 Eliae
1548 293 1669 327 Vineto
1692 306 1727 327 ac
1750 292 1836 330 Frid.

87 332 269 382 Sylburgio
287 335 486 380 obseruatus,
513 349 580 386 quo
599 339 772 387 Megaram
791 339 882 375 illam
897 337 986 375 suam
1003 341 1042 375 ab
1057 339 1220 377 Alcathoo
1236 341 1366 389 Pelopis
1384 343 1416 380 F.
1433 342 1604 378 conditam
1621 342 1719 379 docet
1740 356 1837 394 atque

87 385 171 423 adeo
182 388 315 424 Athenis
332 392 472 426 vicinam
489 387 519 424 se
534 390 716 438 intelligere
731 394 846 428 innuit.
898 391 1025 427 Floruit
1041 393 1203 440 Theognis
1211 396 1294 429 circa
1305 393 1546 443 Olympiadem
1559 397 1674 433 LVIII.
1691 394 1721 442 ό)
1750 400 1837 444 (me-

88 438 146 476 dio
163 437 292 476 saeculo
310 454 386 478 ante
403 441 571 478 Christum
587 454 700 479 natum
718 441 836 488 sexto)
862 454 895 479 vt
917 458 934 479 e
949 446 1110 481 chronico
1128 445 1313 482 Eusebiano
1330 446 1442 482 Suidas
1459 450 1493 483 in
1513 445 1666 495 Θεάγης,
1681 451 1836 491 Φωκυλί-

86 488 144 537 δης
159 490 392 544 εῐΦεςεκύέης.
446 494 508 531 Sed
534 495 636 545 longe
652 496 725 545 post
740 500 842 531 vitam
861 495 1049 545 produxisse
1068 497 1110 533 est
1126 497 1262 542 necesse,
1290 509 1323 534 vt
1340 497 1473 537 fortasse
1485 500 1570 537 haud
1585 506 1751 546 errauerit,
1779 507 1835 552 qui

88 550 171 582 circa
188 547 328 595 Olymp.
350 550 464 584 LVIII.
482 558 599 584 natum
616 546 709 584 fuiffe
726 547 920 597 suspicetur;
945 564 1022 585 nam
1040 554 1193 587 meminit
1210 550 1391 587 Simonidis
1409 567 1439 589 v.
1464 557 1542 599 469.
1569 564 1600 591 et
1622 555 1833 592 Onomacriti

86 611 118 635 v.
139 611 209 645 503.
223 610 255 636 et
269 600 455 637 Medorum
474 600 632 637 aduentus
646 599 702 636 sub
722 603 825 637 Dario
836 599 1020 651 Hystaspis,
1049 618 1077 639 v.
1096 606 1169 647 762.
1191 615 1262 650 773.
1291 604 1433 656 Olymp.
1450 607 1583 642 Lxxn.

512 685 606 720 Μηδὲν
628 689 679 716 τῶν
700 685 801 721 Μήδων
823 685 944 718 δεδιότες
967 686 1098 725 πόλεμον.

189 766 217 810 ’)
245 763 433 812 Perslringit
451 767 536 803 ciues
558 765 645 807 suos,
672 771 728 815 qui
746 770 890 817 Megaris
906 766 1066 804 fouebant
1080 776 1182 816 partes
1199 769 1455 807 Corinthiorum
1473 769 1728 820 Cypselidarum
1744 787 1761 808 a
1779 774 1833 809 Pe-

86 817 218 854 riandro
236 815 413 866 Cypselida
430 831 457 851 v.
473 826 550 866 890.
603 819 736 868 Scripsit
749 818 788 855 ad
803 833 860 856 eos
878 833 1026 870 quoque,
1052 820 1129 856 teste
1144 819 1256 863 suida,
1282 821 1422 871 elegiam
1434 851 1444 866 ‚
1475 828 1531 872 qui
1555 838 1573 860 e
1595 823 1831 871 Syracusarum

88 870 260 907 obsidione
280 869 351 905 sunt
371 867 498 915 seruati,
526 882 600 908 ante
617 871 844 917 tyrannidem,
864 886 952 922 puta,
975 888 992 908 a
1008 872 1136 909 Gelone
1150 873 1294 924 Olymp.
1314 875 1444 911 LXXII.
1458 889 1488 912 2.
1516 887 1723 925 occupatam.
1777 880 1831 914 Ex

86 925 203 972 quibus
225 921 361 970 singulis
387 924 467 957 ratio
489 927 667 973 temporis,
700 937 767 973 quo
782 927 862 960 vixit
878 925 1000 965 nosler,
1030 925 1260 965 confirmatur.
1313 927 1441 963 Genese
1458 929 1561 963 nobili
1577 927 1668 965 fuisse
1686 940 1717 965 et
1738 931 1832 967 The-

86 975 141 1012 bas
155 973 286 1012 miffum
304 976 338 1009 iu
353 973 504 1012 exfilium
520 990 598 1012 cum
618 990 721 1012 vxore
742 979 883 1026 Argyri‚
914 977 1012 1014 docet
1034 993 1063 1014 v.
1082 991 1161 1024 1209
1183 976 1249 1027 sqq.
1309 980 1518 1030 Pythagorae
1533 976 1745 1021 διδάσκαλον
1763 981 1830 1018 fine

84 1039 333 1078 praeceptorem
348 1025 442 1063 fuiss'e
459 1042 548 1073 eum,
574 1030 664 1078 leges
682 1032 715 1065 in
732 1032 891 1066 chronico
912 1029 1041 1066 Eusebii
1055 1030 1427 1080 graeco-Scaligeriano
1454 1046 1485 1081 p.
1504 1046 1555 1080 50.
1609 1034 1744 1070 Exstant
1761 1038 1829 1071 eius

84 1078 316 1122 sNss'MAI
348 1080 543 1128 sententiae,
579 1081 646 1118 siue
671 1094 843 1131 praecepta
869 1086 999 1132 egregia
1022 1086 1122 1126 vitae,
1161 1081 1314 1132 singulari
1336 1081 1493 1120 suauitate
1517 1085 1664 1135 elegiaco
1682 1089 1830 1124 carmine

83 1132 230 1184 scriptae,
254 1130 361 1168 versus
375 1141 462 1178 1238.
476 1131 510 1175 f)
535 1137 569 1170 in
588 1136 699 1183 quibus
716 1133 891 1184 saepissime
904 1133 1030 1172 adfatur
1045 1138 1213 1180 Cyrnum,
1241 1150 1341 1184 quem
1365 1152 1382 1172 a
1407 1149 1496 1186 patre
1516 1139 1698 1187 Polypaede
1722 1149 1830 1179 πολυ.

82 1184 203 1232 παξὸην
220 1190 264 1235 [v.
282 1198 326 1231 25.
344 1198 386 1234 79
401 1197 460 1222 etc.
476 1186 549 1223 edit.
569 1187 727 1234 Brunck.]
751 1199 856 1225 vocat.
909 1188 1080 1224 Interdum
1099 1187 1290 1238 adloquitur
1312 1189 1462 1237 aequales
1486 1189 1705 1238 Academum‚
1734 1192 1830 1228 Clea-

80 1240 206 1283 ristum,
235 1239 449 1286 Demodem,
472 1242 740 1287 Onomaciitum,
768 1239 990 1280 Simonidem,
1016 1242 1243 1277 Theotimum
1259 1251 1289 1276 et
1303 1242 1540 1289 Timagoran).
1595 1243 1708 1279 Suidas
1727 1245 1830 1292 [etex

79 1305 122 1329 eo
138 1291 286 1328 Eudocia
300 1305 331 1340 p.
349 1304 408 1336 2²7
430 1290 476 1340 sq.
492 1302 523 1328 et
539 1306 570 1341 p.
585 1292 672 1337 232]
695 1292 838 1337 testatur,
872 1294 1039 1342 leeognin
1055 1291 1208 1342 scripfille
1225 1291 1391 1329 sententias
1407 1293 1551 1330 versibus
1569 1297 1708 1331 heroicis
1726 1303 1828 1338 2800.

80 1355 113 1381 et
130 1344 169 1381 ad
188 1348 341 1392 Cyrnum
359 1343 521 1380 amasium
544 1342 638 1380 suum
652 1373 662 1387 ‚
696 1346 964 1394 gnomologium
990 1348 1136 1382 carmine
1155 1346 1318 1396 elegiaco:
1348 1358 1379 1381 et
1395 1347 1470 1382 alias
1489 1345 1675 1391 ὑποθήκας
1696 1364 1827 1399 παρρα-

81 1394 228 1439 νετιχοὶς,
255 1401 289 1433 in
307 1398 423 1446 quibus
437 1395 600 1434 obscoena
617 1397 791 1434 nonnulla.
848 1401 896 1434 Ex
913 1399 963 1434 his
979 1399 1105 1434 duobus
1123 1397 1288 1446 opusculis
1304 1398 1478 1446 postremis
1495 1399 1639 1436 videatur
1660 1399 1826 1446 coaluiffe‚

79 1450 168 1501 quod
190 1450 363 1492 habemus,
389 1462 525 1500 poema,
549 1447 719 1486 obscoenis
733 1449 868 1500 quidem
892 1448 1012 1491 rescisis
1024 1454 1056 1499 g)
1081 1461 1113 1487 et
1134 1451 1274 1488 illorum
1294 1450 1374 1487 loco
1396 1450 1520 1489 insertis
1542 1453 1629 1494 aliis,
1661 1453 1714 1489 vel
1736 1455 1826 1491 hiatu

1697 1505 1825 1548 relicto.

79 1613 129 1643 ιιῧς
146 1614 376 1651 παλιλλογέτοᾳ.
411 1610 488 1642 ’Ότι
503 1608 532 1641 δὲ
552 1613 600 1650 ζα)
626 1611 748 1642 Σόλωνος
769 1612 816 1650 ιρι)
837 1611 928 1646 Ἐυῆνκ

82 1658 130 1696 qq)
147 1655 274 1696 Τνρταᾶκ
295 1660 345 1690 ε”πη
369 1659 561 1693 κατεμέμικτο
585 1661 641 1685 τοῖς
661 1654 854 1692 Θεογνιδάοις,
878 1669 927 1686 σα-

82 1702 139 1738 Φῖἆς
160 1699 303 1737 ἓνδεὲξομεν
327 1703 352 1730 ἓν
371 1705 426 1730 τοῖς
448 1698 634 1737 ὖπομνῆμασι.
661 1701 781 1732 Fabric.
831 1704 927 1742 Atque

80 1744 166 1786 plura
182 1745 305 1775 resecuit
320 1746 435 1775 Brunck
454 1747 483 1774 in
500 1744 549 1774 sua
563 1745 704 1775 editione.

125 1787 158 1822 d)
181 1789 308 1823 LVIIII,
346 1790 371 1816 ἐν
392 1789 428 1823 τῇ
451 1786 494 1818 ν5”
515 1785 685 1825 Ολυμπιάδι
715 1787 824 1826 legitur
845 1787 925 1829 apud

79 1830 212 1866 Suidani,
235 1839 263 1860 et
278 1831 355 1871 apud
373 1831 531 1861 Eudociam
546 1843 575 1873 p.
592 1840 658 1869 227.
675 1832 810 1873 expressis
826 1832 926 1861 verbis

82 1876 109 1904 h
122 1876 157 1910 τῇ
173 1875 320 1910 πεντηκοςῇ
334 1873 415 1909 ἐνάτῃ
431 1872 617 1911 Ὀλυμπιάδι.
640 1874 691 1904 alii
705 1874 798 1904 aliter.
827 1875 922 1905 Ham-

80 1919 195 1959 berger
215 1921 244 1948 in
260 1917 466 1955 zuverl'a‘ffigen
481 1919 693 1954 Narhrichten‚
717 1916 778 1947 vol.
794 1920 815 1947 1.
833 1929 861 1959 p.
878 1928 923 1954 23,

80 1962 167 1999 (duce
192 1961 332 1995 Koelero.
356 1960 480 1991 collocat
500 1961 688 2000 Theognidis
709 1969 837 1991 aetatem
855 1964 922 1991 circ.

80 2016 108 2037 a.
119 2008 155 2037 O.
167 2008 198 2036 C.
210 2010 292 2042 3436.
302 2015 368 2035 ante
377 2008 409 2035 C.
419 2007 459 2036 N.
473 2012 537 2041 548.
582 2005 703 2036 Saxius
718 2015 790 2035 vero
799 2007 829 2035 in
839 2007 921 2036 Ono-

80 2052 220 2086 mastico,
243 2058 315 2080 tom.
339 2051 361 2080 1.
385 2060 412 2090 p.
436 2058 480 2083 23.
502 2051 544 2079 ita
560 2051 689 2079 rationes
712 2047 861 2085 subduxit,
893 2057 925 2079 vt

80 2094 240 2132 Theognis
275 2095 395 2123 floreret
425 2103 450 2122 a.
469 2094 505 2122 O.
531 2094 563 2123 C.
593 2095 659 2122 circ.
690 2098 772 2128 3458.
802 2092 923 2134 Olymp.

81 2138 186 2168 LVIII.
209 2147 235 2167 2.
252 2146 318 2167 ante
334 2139 365 2167 C.
383 2138 424 2167 N.
449 2145 513 2171 545.
529 2139 565 2167 V.
580 2138 613 2166 C.
635 2144 706 2174 207.
747 2135 821 2166 adde
844 2136 923 2168 Sim·

75 2179 143 2223 son.
153 2183 291 2212 chronic.
302 2180 338 2210 ad
353 2181 422 2210 a.O.
435 2181 467 2209 C.
484 2188 572 2218 3474.
595 2179 777 2211 Larcherin
788 2181 923 2210 Chrono-

80 2224 161 2264 logia
176 2224 360 2260 Herodotca‚
382 2223 534 2253 subiuncta
551 2223 678 2254 vernoni
693 2222 811 2262 gallicae
828 2225 924 2253 Hero-

82 2267 158 2306 doti,
181 2268 241 2300 vol.
257 2270 307 2298 VI.
329 2279 358 2310 p.
374 2271 441 2303 564.
455 2277 564 2297 anuum
586 2266 776 2305 Theognidis
798 2266 924 2297 natalem

81 2314 168 2356 ponit
192 2315 222 2343 in
244 2323 320 2342 anno
343 2311 460 2353 periodi
482 2310 613 2341 Iulianae
637 2320 712 2348 413¹-
740 2317 806 2339 ante
828 2312 861 2341 C.
881 2312 923 2341 N.

81 2362 143 2394 383.
159 2356 278 2398 Olymp.
295 2357 398 2387 XLIX.
411 2365 438 2385 2.
455 2357 491 2385 V.
509 2356 541 2385 C.
559 2363 615 2393 ¹7¹-
633 2361 663 2385 at
677 2353 758 2395 quod
767 2355 926 2392 Theognis

83 2408 154 2432 vota
169 2409 354 2441 nuncupetv.
369 2405 436 2436 890.
454 2409 510 2440 pro
530 2400 653 2428 interitu
666 2397 797 2428 familiae
817 2397 924 2440 Cypse-

82 2443 118 2481 Ιὶ,
140 2444 301 2475 arbitratur
316 2443 415 2482 idem,
437 2441 547 2476 necesse
569 2440 644 2482 effe,
673 2448 707 2474 vt
727 2449 812 2474 natus
831 2441 866 2475 fit
887 2441 926 2474 ad

135 2514 205 2548 Vol.
217 2513 251 2546 l.

251 2568 260 2585 Ι

980 1615 1137 1645 minimum
1153 1615 1229 1644 circa
1245 1624 1290 1644 an.
1306 1623 1380 1650 4¹31·
1396 1624 1459 1656 per.
1478 1613 1533 1645 Iul.
1565 1622 1594 1645 et
1615 1614 1696 1657 quod
1717 1616 1824 1648 Theo-

981 1661 1046 1697 gnis
1064 1658 1205 1699 loquatur
1216 1657 1300 1688 versu
1316 1661 1385 1696 762.
1401 1658 1437 1687 dc
1454 1657 1533 1688 bello
1549 1659 1700 1689 Persarum
1721 1668 1825 1693 contra

980 1704 1120 1738 Graecos,
1145 1709 1173 1731 et
1187 1710 1324 1743 precetur
1341 1700 1508 1743 Apollinem
1524 1713 1551 1732 v.
1571 1711 1636 1740 773.
1654 1711 1686 1733 vt
1708 1711 1823 1736 auertat

979 1745 1101 1776 illorum
1126 1748 1289 1775 exercitum
1311 1745 1346 1775 ab
1372 1745 1444 1775 vrbe
1466 1747 1602 1783 Megara,
1630 1757 1698 1776 eum
1719 1747 1823 1779 vixisse

978 1790 1072 1820 adhuc
1091 1800 1116 1819 a.
1133 1800 1193 1830 per.
1212 1789 1265 1819 Iul.
1285 1795 1367 1824 4218,
1388 1800 1448 1829 quo
1465 1799 1541 1818 anno
1559 1792 1665 1820 Darius
1689 1789 1716 1819 se
1740 1801 1823 1832 prae-

978 1836 1095 1876 parauit
1112 1834 1148 1862 ad
1168 1835 1320 1862 Graeciam
1337 1832 1580 1870 adgrediendam,
1605 1842 1634 1865 et
1656 1834 1758 1864 vixisse
1774 1845 1821 1866 an.

978 1883 1024 1916 87.
1044 1876 1157 1915 colligit
1174 1876 1253 1906 idem
1270 1876 1406 1905 Larcher.
1429 1875 1522 1908 Harl.

1021 1940 1047 1972 e)
1072 1947 1101 1966 v.
1125 1944 1195 1974 792.
1218 1934 1292 1965 adde
1315 1933 1417 1973 Scalig.
1442 1934 1479 1965 ad
1502 1933 1665 1974 fragmenta
1689 1947 1820 1978 graecor.

973 1991 1040 2023 pag.
1058 1986 1105 2017 48.

1015 2031 1046 2070 f)
1072 2029 1243 2072 Xenophon
1268 2028 1346 2071 apud
1371 2028 1558 2059 Plutarchum
1589 2040 1644 2072 pro
1665 2029 1820 2064 nobilitate

977 2075 1055 2112 (seGr.
1076 2078 1139 2106 XV.
1156 2086 1184 2116 p.
1203 2084 1266 2110 239.
1282 2076 1312 2102 in
1329 2073 1393 2103 Ioh.
1411 2074 1579 2115 christoph.
1602 2073 1708 2106 Wolfii
1729 2077 1821 2106 Anec-

977 2120 1055 2150 dotis
1073 2121 1183 2157 graecis
1200 2125 1271 2147 tom.
1290 2119 1340 2146 IV.
1365 2125 1394 2146 et
1419 2117 1496 2158 apud
1522 2117 1702 2154 Stobaeum‚
1734 2117 1819 2150 serm.

977 2167 1022 2197 86.
1041 2175 1070 2205 p.
1088 2173 1157 2199 499.
1175 2163 1256 2190 cuius
1271 2159 1368 2189 locuni
1383 2170 1398 2190 e
1415 2160 1515 2190 codice
1538 2162 1620 2199 regio
1644 2160 1822 2204 descriptum

977 2207 1094 2237 Brunck
1111 2203 1264 2247 proposuit
1281 2203 1316 2233 ad
1344 2205 1495 2242 gnomicos
1521 2212 1599 2246 poet.
1621 2215 1663 2243 gr.
1688 2216 1716 2246 p.
1739 2209 1821 2241 280.)

976 2249 1130 2280 sententias
1144 2246 1333 2285 Theognidis
1349 2255 1435 2277 vocat
1452 2249 1696 2278 commentarium
1715 2247 1752 2278 de
1768 2249 1824 2280 ho·

977 2296 1091 2323 minum
1108 2294 1180 2327 vita,
1205 2290 1283 2320 haud
1301 2289 1385 2321 aliter
1403 2291 1608 2333 compositum,
1631 2291 1693 2322 acsi
1708 2293 1823 2334 peritus

978 2339 1022 2369 rci
1038 2337 1178 2378 equestris
1197 2345 1230 2364 ea
1245 2333 1320 2365 dere
1335 2334 1473 2377 scriptum
1489 2334 1611 2377 aliquod
1629 2335 1704 2366 edat.
1723 2335 1821 2367 Harl.

1017 2397 1058 2439 g)
1082 2393 1168 2426 Conf.
1197 2393 1325 2425 Gretser.
1355 2393 1393 2425 de
1430 2394 1636 2439 prohibitione
1671 2393 1820 2430 malorum

976 2440 1080 2473 libror.
1098 2449 1163 2481 pag.
1185 2447 1238 2476 ¹94
1254 2436 1295 2482 sq.

1052 2497 1121 2536 Vv
1143 2509 1199 2546 yv
