2183 2747
72 178 134 207 vot.
144 178 166 206 1.
175 185 199 212 ρ.
208 184 260 210 50.-
273 179 359 212 rsos
716 177 1171 215 PYTHAGORICORVM.
1443 181 1516 218 Lib.
1535 183 1578 220 ῙΙ.
1595 196 1618 218 c.
1638 196 1678 230 15.
1782 192 1836 232 85¹

71 275 246 325 Longinus
263 275 493 324 Pythagoricis
509 272 697 311 accensetur
713 273 752 309 ab
770 274 907 322 Eusebio
924 276 981 310 VI.
1005 286 1053 320 19.
1076 273 1162 311 Hm.
1191 275 1316 310 Faba-ir.
1378 277 1421 311 At
1444 279 1533 312 enim
1555 275 1701 323 'Aytsslyg
1724 280 1834 331 legen.

177 327 274 374 dum,
303 338 332 362 et
351 329 537 376 Longinum
552 340 696 363 numero
715 329 1018 376 Pythagoricorum
1034 325 1251 363 eximendum
1271 325 1349 367 ess'e,
1377 331 1420 364 ait
1444 330 1611 367 Ruhnken.
1635 336 1670 369 in
1694 333 1773 373 Diss',
1792 334 1833 371 de

173 382 342 429 Longino,
371 380 403 466 91.
421 392 451 427 7.
466 393 500 431 p.
517 393 561 425 17.
579 389 610 415 et
630 386 677 420 18.
692 383 766 429 quia
783 383 946 430 Origenes
961 381 1118 429 Longini,
1145 378 1299 416 nondum
1317 383 1394 422 nati,
1425 381 1528 418 libros
1553 384 1663 434 legere
1683 400 1753 422 nou
1774 401 1831 438 po.

175 436 282 469 tuerit.
310 434 383 468 Har
399 460 406 467 .
1594 450 1597 452 .

68 503 190 540 Lucius
206 492 397 538 Hetruscus.
449 498 618 538 Moderati
638 502 853 551 Pythagorici
871 498 1055 550 discipulus.
1085 499 1249 537 Plutarch.
1265 502 1352 538 VIII.
1370 514 1399 546 7.
1421 503 1543 552 quaesi.
1561 505 1727 544 conuiual.

69 572 190 618 Lycon
207 569 418 607 Tarentinus.
445 570 615 605 Iamblich.
635 583 663 606 c.
682 570 739 606 vlt.
770 571 861 607 Alius
875 566 991 609 Λύκων
1008 568 1023 608 ὁ
1038 567 1178 614 Ἰασεῦς,
1207 573 1261 620 qui
1278 573 1309 609 ἕν
1328 572 1379 623 τῷ
1399 572 1476 623 περὶ
1499 573 1696 628 Πυθαγόςε
1719 576 1830 614 lauda-

177 634 230 661 tur
246 623 285 660 ab
301 623 485 665 Athenaeo,
513 625 552 658 X.
568 636 599 671 p.
619 631 694 667 413.
712 625 747 659 F.
768 625 808 660 II.
827 637 859 673 p.
876 636 927 667 47.
949 625 986 658 A.
1016 623 1165 667 Lyconis
1182 624 1405 673 Pythagorici,
1434 627 1492 674 qui
1510 627 1689 666 Aristotelis
1712 627 1830 680 suppar

170 673 245 719 fuit,
268 687 299 712 et
314 674 549 718 calumniatus,
589 677 719 710 mentio
745 675 844 711 exssat
865 675 952 724 apud
974 672 1150 710 Eusebium
1176 677 1249 711 XV.
1275 689 1304 712 2.
1327 689 1506 726 praeparat.
1532 682 1698 718 Laertium
1716 684 1757 719 V.
1772 687 1828 729 69.

172 727 427 765 Theodoritum
447 727 505 763 lib.
531 729 618 763 VIII.
649 737 680 763 et
700 729 771 764 XII.
799 729 1007 778 Therapeut.
1034 728 1164 765 Fabric.
1224 726 1327 767 Conf.
1350 730 1520 770 Ruhnken.
1543 731 1583 768 ad
1605 735 1638 771 Ρ,
1663 735 1828 774 Rutilium

171 782 306 831 Lupum
322 793 354 830 p.
372 793 441 818 100.
469 780 572 817 Harl.

66 851 257 896 Lyramuus
275 850 439 884 Ponticus.

68 919 119 962 Ly
127 916 225 953 stades
241 918 437 952 Catanaeus.

67 984 217 1031 Lystbius
240 985 451 1023 Tarentinus.

69 1053 166 1102 Lyfis
181 1055 398 1098 Tarentinus,
426 1056 516 1089 cuius
531 1051 634 1089 exstat
654 1051 791 1102 epissola
809 1050 847 1089 ad
879 1053 1131 1103 Hipparchum,
1166 1052 1206 1091 de
1235 1067 1298 1104 qua
1321 1053 1416 1106 supra
1442 1061 1570 1108 cap.'X.
1594 1076 1644 1098 nr.
1671 1076 1718 1108 32,
1743 1065 1824 1113 [vid‚

172 1108 337 1143 Lambecii
356 1108 496 1142 Cotnm.
512 1104 552 1141 de
567 1104 644 1142 bibl.
663 1103 754 1143 Caes.
770 1105 836 1144 vol.
853 1107 925 1140 VII.
946 1120 978 1155 p.
994 1110 1045 1142 26.
1063 1105 1189 1144 Kollar.
1208 1119 1239 1143 et
1251 1108 1348 1148 indic.
1361 1109 1436 1147 ibid.
1448 1113 1651 1162 voc.Lyfis.]
1698 1121 1723 1153 Λ
1742 1122 1825 1155 lam.

173 1161 274 1195 blicfio
287 1172 356 1209 cap.
374 1172 423 1202 23.
439 1156 575 1195 refertur
590 1161 676 1194 inter
693 1172 762 1202 eos,
791 1160 847 1208 qui
862 1161 994 1195 iuuenes
1009 1160 1235 1209 Pythagoram
1259 1159 1478 1199 auscultarunt
1499 1167 1564 1202 iam
1584 1165 1706 1206 seuem.
1743 1174 1827 1221 Epa-

171 1210 371 1249 minondam
387 1210 417 1244 ⁴)
450 1209 588 1247 inslituit
610 1209 688 1247 teste
710 1212 865 1247 Diodoro
885 1213 946 1247 Sit.
973 1225 1005 1261 p.
1028 1215 1105 1255 246.
1141 1214 1294 1262 Excerpt.
1322 1213 1452 1251 Peiresc.
1470 1216 1619 1254 Cornelio
1637 1222 1765 1268 Nepote
1791 1228 1824 1262 in

172 1263 421 1313 Epaminonda,
449 1277 519 1314 cap.
541 1278 570 1301 2.
594 1263 662 1311 [vbi
675 1262 751 1300 vide
766 1265 923 1300 Staueren
939 1267 971 1300 in
987 1262 1063 1300 edit.
1079 1265 1178 1311 mim]
1213 1266 1323 1301 Dione
1349 1268 1511 1317 Clzrystss.
1534 1272 1649 1309 XLIX.
1671 1288 1743 1322 pao,
1759 1290 1823 1323 537,

173 1319 326 1360 Aeliano,
341 1318 397 1352 111.
413 1329 457 1360 ¹7·
475 1319 550 1352 Var.
571 1316 639 1364 [vbi
656 1315 722 1353 vid.
741 1313 898 1354 Scheffer.
917 1327 950 1352 et
966 1318 1130 1364 perizon]
1165 1317 1352 1367 Porphyris)
1376 1334 1408 1369 p.
1429 1329 1476 1364 38.
1498 1334 1530 1359 et
1554 1307 1732 1363 Iamblichg
1753 1344 1823 1380 cap.

175 1382 221 1416 35.
249 1371 523 1406 Commentatios
540 1366 581 1404 de
603 1366 816 1418 philosophia
839 1370 1063 1419 pythagorica
1088 1369 1295 1419 composuit,
1322 1370 1366 1407 id.
1392 1387 1422 1421 p.
1445 1386 1499 1418 40.
1553 1375 1636 1413 Vide
1658 1379 1824 1431 Hierony-

169 1435 256 1458 mum
272 1419 424 1458 aduersus
444 1421 607 1457 Rufinum
622 1421 789 1471 Apologia
807 1434 834 1461 2.
849 1435 883 1471 p.
896 1424 969 1458 166.
989 1435 1027 1458 ae
1046 1423 1218 1458 Laertium
1232 1423 1320 1460 vul.
1335 1438 1365 1470 7.
1386 1424 1417 1458 Υ)
1443 1430 1499 1476 qui
1514 1427 1644 1474 Lyfidis
1663 1434 1823 1482 quaedam

170 1472 228 1510 sub
247 1477 457 1524 Pythagorae
471 1477 609 1511 nomine
631 1485 732 1510 aetate
750 1473 803 1510 sua
816 1475 899 1511 ledia
914 1472 977 1510 esse
991 1474 1133 1511 testatur.
1187 1480 1293 1512 Aurea
1310 1481 1455 1515 carmina
1472 1480 1516 1515 illi
1532 1496 1550 1516 a
1574 1486 1746 1522 nonnullis
1769 1491 1823 1524 tri-

172 1527 241 1569 bui,
273 1539 426 1563 notatum
444 1541 461 1562 a
476 1540 532 1562 me
546 1525 592 1562 est
607 1529 713 1576 capite
725 1524 893 1576 superiore
906 1529 934 1572 §.
951 1530 984 1564 6.
1038 1527 1124 1564 Vide
1138 1538 1170 1564 et
1193 1526 1306 1577 supra,
1333 1533 1369 1566 in
1391 1532 1522 1579 Cylone.
1577 1534 1691 1573 fidem
1714 1537 1821 1590 singu.

170 1577 276 1615 larem
293 1578 439 1615 seruandi
456 1582 554 1614 etiam
575 1582 607 1614 iu
622 1592 656 1615 re
672 1580 736 1615 leui
752 1578 904 1629 promiffi
918 1581 1140 1629 Euryphamo
1158 1580 1286 1617 testatus
1300 1581 1356 1625 est,
1382 1593 1414 1618 vt
1434 1597 1542 1621 narrat
1561 1589 1724 1629 Iambi'iclt.
1749 1606 1819 1643 cap.

167 1644 219 1676 30.
273 1634 400 1667 Citatur
418 1630 511 1675 Lysis
527 1632 566 1668 ab
584 1634 797 1682 Athenagora
810 1635 846 1669 in
860 1632 1038 1682 Apologia.
1091 1632 1248 1670 scholam
1268 1636 1378 1671 habuit
1394 1637 1532 1681 Thebis,
1561 1639 1636 1677 teste
1651 1644 1824 1692 Hierony-

170 1698 243 1728 mo,
267 1682 408 1734 sepultus
430 1684 486 1732 [if]
507 1687 606 1720 etiam
621 1685 761 1726 Thebis,
789 1683 875 1721 vnde
893 1685 1042 1734 reliquias
1067 1689 1134 1722 eius
1155 1701 1174 1721 a
1198 1688 1423 1736 Pythagorico
1446 1690 1628 1730 Theanore
1650 1696 1765 1734 relatas
1786 1701 1821 1736 in

170 1737 302 1775 Italiam
314 1747 483 1774 memorat
498 1737 688 1775 Plutarchus
702 1736 744 1776 de
755 1739 832 1776 Deo
845 1739 988 1776 Socratis
1002 1752 1034 1789 p.
1050 1752 1120 1786 579.
1136 1738 1219 1775 adde
1235 1753 1267 1790 p.
1286 1747 1352 1789 583.

1018 1818 1043 1853 P
1057 1831 1077 1866 p
1101 1830 1122 1866 p
1137 1830 1159 1866 p
1173 1830 1195 1866 p
1222 1830 1240 1853 a
1652 1828 1817 1870 Malchus.

113 1938 144 1976 q)
168 1934 210 1965 Ab
234 1934 338 1964 eodem
364 1945 430 1965 cum
455 1937 572 1966 Thebis
594 1936 673 1968 diem
696 1939 776 1973 Lyfis
797 1937 914 1970 obiisset

70 1978 205 2009 conditus
222 1980 270 2008 cst.
317 1978 393 2008 Vide
414 1978 601 2010 Plutarchum
623 1980 658 2010 de
680 1984 768 2020 genio
787 1983 914 2012 Socratis

68 2022 92 2053 f.
113 2028 161 2058 585
183 2021 223 2063 sq.
254 2021 288 2060 [s.
309 2021 368 2052 vol.
388 2025 466 2053 VIII.
483 2023 553 2053 edit.
568 2025 693 2060 Reiskfi,
716 2036 745 2066 p.
767 2035 815 2060 312
838 2025 913 2067 sqq.]

69 2065 194 2098 Fabric.
237 2065 318 2096 Adeo
337 2065 427 2095 multa
443 2066 478 2096 de
494 2067 549 2096 hoc
564 2068 705 2104 homine,
734 2069 808 2098 eius.
821 2077 915 2099 aetate

6 2103 8 2110 ’
70 2118 99 2141 et
115 2111 295 2151 quaestione,
319 2121 389 2139 num
407 2110 458 2140 iste
473 2111 693 2151 Epaminondae
706 2111 762 2142 esse
783 2116 916 2154 potuerit

69 2155 217 2192 magister,
242 2153 345 2188 doc‘tc,
376 2162 405 2183 at
430 2156 537 2195 impari
554 2153 693 2191 fortuna,
722 2154 826 2197 scripta
850 2155 915 2187 sunt

18 2203 24 2236 ζ
72 2205 101 2228 et
115 2199 222 2236 agitata
236 2199 312 2227 inter
328 2197 518 2227 nodva-cllum
539 2202 696 2239 praecipue
718 2207 806 2240 atque
830 2201 914 2231 Bent-

6 2254 23 2272 «ι
72 2239 176 2277 Itium,
204 2249 235 2271 vt
252 2249 367 2282 ternpus
383 2248 410 2270 et
425 2242 555 2270 chamin
576 2242 750 2282 perderem,
779 2243 816 2278 fi,
839 2254 914 2284 quae

72 2285 105 2314 in
123 2293 277 2325 vtramquc
299 2293 411 2325 partem
442 2283 506 2314 sunt
533 2284 696 2326 disputata,
740 2295 914 2327 repeterem.

73 2326 253 2359 Dndwclins
272 2329 302 2357 in
325 2327 377 2358 lib.
403 2327 438 2357 de
462 2327 557 2362 cyclis
579 2336 636 2358 vet.
660 2340 688 2370 p.
712 2335 772 2364 148.
796 2329 917 2359 vberius

74 2380 147 2402 vero
162 2373 191 2401 in
206 2373 330 2401 Exercit.
349 2373 385 2402 11.
402 2371 437 2401 de
457 2373 518 2402 vita
542 2373 724 2410 Pythagorae
747 2383 777 2413 p.
794 2383 839 2409 19x
855 2373 916 2415 sqq.

2 2416 21 2444 l.
75 2422 124 2451 195
132 2413 172 2456 sq.
188 2424 257 2453 207.
274 2418 327 2444 216
336 2414 395 2456 sqq.
412 2423 505 2445 et222
515 2415 576 2457 sqq.
591 2419 690 2445 omnia
699 2415 826 2454 collegit,
851 2419 916 2457 qui-

3 2464 23 2500 ,ιι
75 2456 128 2488 bua
136 2457 355 2495 demonstraret,
371 2459 504 2493 Lysidem
515 2459 610 2495 illum,
624 2460 918 2501 quiEpaminondam

2 2508 19 2543 μ
76 2499 188 2541 docuit,
208 2501 292 2535 futffc
309 2501 483 2546 discipulum
499 2504 698 2543 Pythagorae,
729 2511 757 2534 at
776 2505 916 2542 iunioris,

967 1941 1050 1970 cuius
1077 1938 1198 1981 quidem
1231 1940 1387 1980 proprium
1409 1950 1516 1971 nomen
1539 1941 1636 1974 fuisset
1655 1946 1814 1982 Mnemar.

967 1982 1051 2020 chus,
1079 1983 1261 2021 Pythagorae
1283 1990 1382 2012 autem
1398 1995 1505 2015 nomen
1529 1986 1680 2021 dumtaxat
1699 1993 1813 2025 adsciti-

968 2029 1054 2057 tium.
1099 2030 1184 2064 Qtae
1202 2025 1348 2056 Dodwell.
1364 2025 1515 2069 scripserat
1529 2032 1560 2060 in
1574 2030 1641 2063 libr.
1664 2034 1700 2066 de
1716 2038 1813 2073 Cyclisss

969 2069 987 2100 l.
1003 2082 1042 2100 m.
1058 2081 1092 2100 ea
1110 2072 1240 2109 grauiter
1257 2074 1441 2110 oppugnauit
1459 2072 1618 2106 Bentlcius
1630 2079 1660 2108 in
1683 2080 1812 2123 Resp.ad

969 2113 1061 2148 Boyle
1075 2125 1103 2155 p,
1119 2123 1153 2150 43
1172 2112 1212 2154 sq.
1234 2120 1262 2142 et
1277 2114 1391 2143 erudite
1408 2114 1518 2152 docuit,
1542 2117 1624 2149 illam
1638 2125 1813 2164 opinionem

968 2168 1132 2198 repugnare
1155 2158 1295 2197 temporis
1316 2159 1442 2195 rationi,
1471 2167 1558 2202 atque
1579 2163 1733 2197 historicos
1752 2169 1814 2201 duo

968 2200 1130 2231 confudisse
1146 2200 1271 2234 Lysides.
1317 2202 1411 2241 Atque
1427 2203 1455 2234 J.
1472 2204 1536 2234 Iac.
1552 2205 1687 2246 Syrbius
1707 2213 1738 2242 in
1758 2215 1812 2248 Py.

969 2245 1093 2282 thagora
1121 2246 1197 2273 intra
1225 2242 1384 2273 Simonem
1410 2245 1566 2284 noscendo,
1590 2252 1620 2280 in
1642 2254 1812 2289 Corollario

969 2289 1080 2328 primo,
1103 2285 1173 2316 calci
1197 2286 1330 2322 adicem,
1355 2287 1425 2325 duo,
1451 2299 1550 2331 putat,
1571 2292 1656 2325 fm'ffe
1678 2297 1801 2338 Lysides

969 2331 1178 2370 Pythagoreos.
1239 2329 1371 2361 Bentleio
1399 2333 1560 2366 adsentitur
1588 2336 1770 2384 ll‘Ieineijites
1790 2323 1812 2375 li

969 2384 1008 2403 m,
1026 2385 1054 2415 p.
1077 2382 1134 2409 2¹5·
1155 2382 1212 2409 319.
1230 2383 1292 2409 343.
1305 2376 1375 2404 item
1392 2376 1535 2410 censorin
1551 2381 1688 2414 biblioth.
1711 2390 1811 2419 critica

969 2416 1126 2448 Amstelod.
1139 2415 1203 2447 vol.
1222 2419 1257 2446 11.
1274 2426 1347 2458 part.
1363 2422 1441 2451 VIII.
1456 2433 1484 2463 p.
1503 2433 1550 2453 ιιι.
1565 2433 1627 2456 not.
1643 2430 1680 2466 a)
1702 2430 1797 2463 Harl,

1012 2465 1042 2495 r)
1062 2461 1122 2491 Vbi
1140 2459 1201 2490 vid.
1218 2462 1387 2500 Men-agium
1412 2473 1441 2495 et
1463 2468 1599 2498 eumdem
1623 2472 1653 2501 in
1679 2475 1810 2508 Historia

970 2503 1087 2537 mulier.
1110 2503 1373 2547 philosophatum,
1396 2506 1421 2549 9.
1436 2520 1487 2547 90.
1503 2521 1547 2548 91.
1564 2512 1659 2546 Harl.
