2183 2747
327 119 420 146 XXIX
1023 110 1360 126 ————

325 221 412 248 cura
430 205 566 246 versata
584 205 634 244 est
646 236 656 253 ‚
687 213 728 243 vt
744 214 859 256 quam
876 200 1128 254 plenissimam
1144 209 1182 239 et
1196 198 1515 240 accuratissimam
1533 209 1665 238 earum
1683 195 1881 237 historiam
1898 195 1970 237 tibi
1993 209 2060 238 ex-

324 266 519 314 hiberem,
550 278 629 304 non
652 278 672 303 e
696 262 889 312 Catalogis
913 260 1080 312 vntlique
1105 268 1141 297 et
1172 257 1376 298 oscitanter
1409 258 1618 301 corrafam3
1648 256 1733 303 sed,
1764 267 1952 309 quantum
1977 257 2062 296 fieri

324 328 474 379 potuit,
507 322 681 377 inspeetis
701 334 737 360 et
755 320 921 360 euolutis
938 318 1042 358 libris
1069 315 1152 369 iplis
1179 328 1215 356 et
1241 317 1344 356 hautl
1369 316 1604 367 negligenter
1629 314 1876 355 consideratis
1901 326 2062 355 contex-

325 396 405 425 tam
421 397 532 437 atq-e
558 385 834 422 concinnatam.
895 381 1029 418 Fateor
1056 389 1206 425 tamen,
1237 376 1308 415 hac
1332 378 1369 414 in
1392 386 1496 427 parte
1522 388 1585 414 me
1607 375 1784 415 nondum
1811 377 1850 413 in
1876 373 2061 414 omnibus

324 443 487 499 potuiffe
504 444 597 482 milii
624 440 685 493 ipli
712 437 941 486 satisfacere,
970 440 1095 490 itaque
1111 438 1245 486 gratias
1263 434 1417 485 Ιειᾶυιίις
1436 434 1518 474 sum
1536 437 1595 484 ei,
1627 436 1693 488 qui
1711 432 1770 473 vel
1789 432 1923 474 omiffa
1940 447 1960 474 a
1983 446 2061 484 me,

325 503 385 544 vel
414 515 610 555 perperam
633 502 747 539 etiam
773 497 889 550 posita
916 498 1127 542 notauerit,
1162 493 1432 534 obseruatione
1457 493 1518 533 sua
1551 496 1696 546 priuata
1724 503 1763 532 et
1793 503 1896 533 certa
1928 490 2060 535 fultuS.

324 565 453 603 Huius
471 557 748 613 reprehensioni
769 557 929 597 libenter
945 557 1144 595 materiem
1161 552 1376 606 praebebo,
1408 551 1551 592 etiamsi
1568 552 1622 592 illi
1643 552 1766 592 visum
1784 549 1920 602 fuerit,
1951 551 2061 607 quOd

324 621 377 661 cst
392 622 613 660 criticorum
631 617 886 671 quorumdam
903 616 1094 655 sunnnuin
1113 617 1191 661 ius,
1224 623 1276 662 vt,
1304 623 1431 652 notata
1450 626 1522 651 vna
1540 611 1838 652 hallucinatione
1865 611 1926 652 vel
1945 610 2061 652 omis-

327 679 450 728 sione,
483 691 606 719 totuin
626 677 796 716 laborem
814 688 942 715 mcum
962 672 1163 713 conculcet
1178 683 1217 711 et
1233 674 1345 711 nauci
1361 671 1433 711 esse
1450 672 1629 712 clamitet.
1690 671 1913 712 Adiuuari
1928 685 1991 712 me
2005 671 2060 712 ab

328 740 416 790 lu‘s,
447 739 520 792 qui
536 736 702 790 aliquid
717 738 826 790 operi
844 735 935 776 huic
952 734 1187 792 aassruent,
1219 745 1296 771 non
1320 732 1453 787 argiri
1476 731 1672 782 credam,
1702 741 1743 771 vt
1770 732 1821 771 ait
1837 730 2035 776 Frontin.

440 856 741 909 Deperditorum
763 864 891 895 autem
916 851 1119 894 annorum
1136 864 1215 890 non
1239 852 1429 903 promitto
1452 851 1607 904 plenam
1631 851 1832 901 notitiam,
1863 852 1913 890 ita
1929 860 2062 891 tamen

327 916 412 957 vsus
427 916 507 956 sum
525 918 621 954 circa
640 914 716 954 hoc
731 925 995 965 argumentum
1015 913 1187 951 virorum
1202 909 1414 950 doc'lorum
1432 909 1629 951 laboribus
1641 941 1652 960 ‚
1681 921 1722 950 vt
1743 909 1962 951 addiderim
1979 922 2063 952 non

326 990 446 1030 pauca
465 989 485 1015 e
511 972 783 1014 communibus
812 971 1005 1020 fontibus,
1048 970 1117 1011 alia
1149 969 1462 1019 emendauerim‚
1514 971 1703 1024 quaedam
1728 969 1807 1023 ipse
1831 983 1882 1010 ex
1908 972 2061 1021 integro

326 1034 393 1077 fini
415 1034 583 1077 molitus,
659 1031 826 1072 Subinde
855 1034 968 1071 etiam
995 1032 1274 1080 Homonymos
1304 1028 1381 1069 siue
1413 1031 1670 1081 cognomines
1696 1027 1900 1082 scriptores
1932 1027 2062 1071 studui

328 1094 575 1145 distinguere,
606 1094 692 1144 quia
721 1089 813 1131 nihil
840 1090 966 1130 vtilius
993 1090 1047 1129 est
1064 1092 1102 1130 in
1125 1089 1280 1130 historia
1303 1087 1501 1138 litteraria,
1540 1087 1656 1136 nihil,
1704 1089 1814 1142 quod
1837 1086 2063 1140 neglectum

326 1156 490 1193 maiores
514 1150 571 1190 vel
594 1148 872 1204 frequentiores
897 1151 1015 1202 pariat
1039 1162 1198 1190 errores.
1266 1148 1415 1188 ludices
1441 1146 1647 1188 auclorum
1673 1148 1709 1186 in
1731 1150 1843 1188 variis
1866 1148 2062 1201 scriptori·

325 1212 416 1261 bus,
443 1212 605 1264 antiquis
621 1212 826 1262 praecipue
847 1208 1057 1249 scholiastis
1083 1210 1311 1257 citatorum,
1344 1221 1444 1262 quos
1469 1204 1642 1248 studiosis
1664 1220 1746 1246 non
1769 1209 1939 1260 ingratos
1956 1204 2060 1247 futu-

325 1284 390 1311 ros
422 1269 603 1318 conlido,
640 1271 775 1321 partim
807 1268 853 1309 ab
881 1267 961 1309 aliis
987 1267 1280 1308 concinnandos
1307 1269 1460 1316 curaui,
1493 1265 1563 1306 suo
1590 1265 1682 1306 loco
1713 1279 1733 1307 a
1768 1280 1832 1306 me
1863 1265 2061 1312 laudatos;

326 1333 461 1383 partim
492 1327 566 1380 ipse
596 1326 816 1380 composui,
856 1333 912 1377 (vt
942 1329 982 1368 in
1010 1326 1238 1369 scholiasten
1268 1328 1457 1376 Homeri,
1496 1325 1690 1380 Euripidis
1717 1328 1806 1378 etc.)
1839 1327 1980 1380 partim
2011 1338 2061 1366 ex

327 1388 429 1429 libris
456 1388 564 1428 editis
587 1386 786 1440 depromfi.

441 1506 573 1547 Multis
591 1516 674 1546 ante
692 1520 754 1546 me
777 1508 817 1546 in
840 1517 1012 1547 mentem
1029 1508 1134 1547 venit
1157 1519 1316 1559 graecos
1337 1505 1538 1559 scriptores
1561 1504 1756 1546 recensere
1779 1506 1871 1547 viris
1892 1506 2062 1558 eximiis,

331 1567 431 1606 vnde
454 1580 532 1606 non
561 1565 789 1616 ignobilem,
815 1579 886 1605 nec
912 1565 1076 1607 sterilem
1099 1580 1234 1619 agrum
1260 1565 1418 1606 coluisse
1446 1565 1542 1604 mihi
1565 1565 1713 1606 videor.
1772 1564 1951 1625 fiscmfii
1974 1568 2061 1622 qui-

329 1627 416 1666 dem
443 1625 489 1665 de
515 1623 602 1664 solis
627 1624 833 1677 deperditis
860 1624 1010 1666 solliciti
1031 1624 1294 1667 Bibliotheca
1311 1638 1494 1679 graeca,
1521 1638 1637 1678 quam
1664 1625 1847 1666 ineditam
1873 1625 2061 1668 euoluere

330 1698 390 1726 me
409 1686 564 1724 tuemini
581 1684 760 1724 Holiniae
778 1687 815 1723 in
834 1684 1072 1725 Bibliotheca
1089 1685 1339 1725 Potentiffinii
1357 1686 1514 1724 Sueciae
1530 1687 1658 1737 Regis,
1690 1697 1892 1739 nuperque
1915 1685 2060 1727 editam

331 1744 472 1784 Iacobo
490 1742 712 1790 Granoialo,
741 1755 856 1791 (otoni.
875 1748 916 1783 Χ.
935 1744 1125 1784 Theliiuri
1147 1746 1415 1798 antiquitatum
1438 1748 1695 1796 graecarum,)
1722 1742 1866 1784 debent
1889 1743 2060 1797 studiofi,

330 1803 532 1842 litterarum
551 1802 685 1840 ordine
702 1802 878 1851 decurrit,
907 1803 969 1843 scd
985 1806 1060 1844 iani
1078 1801 1212 1842 desinit
1228 1806 1267 1843 in
1284 1803 1435 1844 Diocle.
1496 1802 1603 1843 Idem
1619 1802 1832 1861 Memfius
1847 1806 1887 1843 in
1905 1803 2063 1845 Biblio-

331 1862 448 1901 tltectc
467 1861 599 1899 attica
632 1871 667 1899 et
692 1863 799 1900 variis
823 1863 869 1902 ad
892 1862 1081 1915 plurimos
1106 1861 1308 1914 scriptores
1326 1865 1430 1903 notis
1447 1865 1646 1904 innumera
1664 1862 1884 1903 obseruauit
1897 1864 1946 1904 ad
1969 1862 2060 1905 scri-

333 1932 485 1973 ptorum
503 1932 739 1970 graecorum,
753 1923 817 1973 qui
838 1922 1123 1967 interciderunt,
1143 1921 1340 1962 historiam
1362 1922 1525 1962 mirifice
1540 1920 1729 1963 facientia.
1767 1924 1858 1963 Non
1874 1924 2060 1976 pauciora

333 1979 428 2019 Ger.
448 1976 503 2018 lo.
525 1977 542 2017 Ι
558 1976 648 2032 'assio
667 1977 804 2018 debere
822 1994 882 2019 mc
897 1979 1044 2031 fateor,
1073 1995 1117 2021 ac
1137 1980 1190 2021 Io.
1208 1981 1355 2040 Ionsto,
1384 1995 1553 2035 quorum
1568 1981 1703 2034 scripta
1727 1995 1869 2032 nemo,
1901 1980 1968 2023 nisi
1991 1983 2061 2037 qui

335 2038 400 2077 has
416 2036 565 2084 litteras,
582 2040 738 2087 ignorat.
770 2039 823 2078 10.
839 2039 968 2080 fleur.
987 2040 1174 2082 Boea-leri
1191 2040 1342 2081 libellus
1360 2041 1408 2080 de
1429 2040 1676 2094 lcriptoribns
1693 2043 1838 2092 graecis
1854 2054 1898 2082 ac
1918 2040 2058 2092 latinis,

334 2109 370 2136 ct
395 2096 618 2135 Lam-catii
641 2094 794 2136 Lumln'
818 2100 1095 2151 con-pendium
1118 2098 1378 2140 bibliothecae
1403 2113 1579 2151 graecae,
1615 2102 1830 2150 (Hauniae,
1862 2113 1973 2154 1705.
1999 2106 2059 2151 8.)

335 2154 440 2194 vtiles
458 2168 528 2206 pro
546 2154 733 2193 tironibus
758 2157 1064 2198 nomenclaturae
1082 2157 1228 2198 suntab
1245 2158 1469 2200 autsloribus
1492 2159 1708 2201 destinatae.
1769 2162 1957 2215 Perquam
1980 2158 2059 2201 ele-

335 2227 424 2264 gans
441 2226 616 2266 quoque,
643 2212 704 2252 etli
722 2226 758 2252 et
775 2216 848 2267 ipla
865 2218 1150 2270 compendiaria
1167 2218 1215 2257 de
1233 2221 1344 2258 variis
1364 2218 1514 2270 linguae
1535 2232 1695 2270 graecae
1716 2217 1964 2272 scriptoribus
1985 2232 2057 2259 no·

334 2276 413 2312 titia
432 2272 482 2310 est
495 2302 504 2314 ,
534 2284 646 2324 quani
666 2271 843 2313 Paullus
867 2273 1124 2329 l'c'mlingt'tts
1149 2275 1216 2317 sub
1231 2280 1338 2318 Veris
1356 2280 1503 2329 graeci,
1528 2290 1566 2318 et
1579 2279 1726 2318 aestatis
1743 2288 1857 2332 atque
1881 2281 2058 2319 autumni

336 2330 447 2370 titulo
477 2329 615 2369 obtulit
646 2333 838 2381 statariae,
881 2335 986 2386 1693.
1025 2350 1060 2386 4.
1123 2335 1284 2377 Gadda
1319 2337 1367 2376 de
1400 2336 1651 2390 scriptoribus
1683 2351 1763 2378 non
1797 2335 2054 2378 ecclesiasticis

338 2390 529 2430 volu.1·in.1
559 2388 652 2428 inihi
677 2392 858 2442 exiguum
899 2394 1160 2446 praestiterunt
1198 2395 1325 2448 vsum,
1371 2395 1551 2439 Gesner-a·
1584 2395 1826 2440 Bibliotheca
1858 2408 2056 2449 magnum,

1951 2468 2061 2497 cuius
