2183 2747
476 159 794 198 PYTHAGORAE
828 161 986 198 AETAS.
1026 162 1306 200 EPIMETRON
1332 165 1373 200 II.
1436 166 1569 203 Lirnll.
1593 180 1673 205 1212.
1740 173 1797 214 761

52 259 311 294 Commentariis
332 254 519 293 academiae
537 270 604 306 reg.
622 256 753 294 Parisi‘n.
783 255 930 307 Inscript.
945 267 1028 294 tom.
1045 260 1131 296 XIV,
1148 258 1179 292 ⁹>
1207 273 1281 310 pag.
1298 271 1354 306 373
1370 281 1418 288 -
1435 274 1513 307 400.
1533 277 1616 313 quae
1637 263 1793 302 theotisce

49 308 140 346 versa
162 311 284 360 legitur
306 312 338 345 in
353 310 454 345 Mitti.
473 309 656 358 I-Ig'ffinanni
675 312 832 358 Magazin
855 308 909 346 fiir
931 309 983 346 die
999 309 1209 362 Philosophie
1233 312 1299 348 und
1325 315 1394 348 ihre
1411 312 1622 359 Gcschichte,
1648 327 1732 354 tom.
1751 321 1789 354 II.

49 376 126 413 pag.
146 375 332 410 75—122.
392 363 423 398 Is
446 375 585 397 omnem
610 373 725 398 mouet
747 362 910 411 lapidem,
936 373 969 398 vt
993 361 1213 407 demonstret,
1241 367 1466 415 Pythagoram
1482 379 1596 404 natum
1613 367 1675 405 effe
1699 373 1792 407 initio

50 403 192 465 Osymp,
218 417 352 451 XXXV.
380 425 454 450 ante
478 414 518 450 C.
543 417 584 450 N.
609 417 688 458 640.
714 426 744 450 et
765 425 839 450 ante
859 418 897 451 C.
920 417 960 451 N.
984 428 1052 462 550.
1082 416 1224 467 Olymp.
1240 419 1306 454 LX.
1330 432 1356 453 a.
1379 423 1489 455 aetatis
1514 422 1582 457 XC.
1605 433 1791 460 mortuum.

47 468 234 505 Enimuero
251 469 366 517 Nmfii
385 470 560 516 ingenium
580 477 651 503 vtut
673 466 770 504 laude
792 481 861 503 non
883 466 920 503 fit
941 466 1226 513 defraudandum,
1254 480 1385 512 tamen,
1412 486 1514 522 quam
1538 472 1627 510 fluxa
1651 474 1689 511 sit
1707 476 1793 512 illius

49 522 184 570 opinio,
211 534 313 570 quam
329 522 447 570 iniquis
466 523 688 569 a1·gu1nenti3‚
716 530 747 555 et
765 520 871 563 male,
897 534 1102 570 quamquam
1118 521 1283 558 interdum
1299 523 1487 573 ingeniose,
1510 523 1672 564 subductis
1694 532 1791 566 ratio.

48 573 144 608 nibus
162 576 284 610 nitatur
307 572 392 608 illius
413 575 670 620 argumentatio,
697 571 883 608 docuerunt
899 575 1016 613 Frcrct
1042 576 1073 609 in
1093 577 1283 612 recitatione
1297 576 1441 626 quadam
1459 577 1663 627 academica,
1692 583 1791 631 (quae

46 627 81 660 in
95 624 214 662 eodem
232 625 405 661 volumine
422 626 508 660 XIV.
525 628 848 661 commentariorum
865 626 1065 673 gallicorum
1093 641 1168 677 pag.
1189 640 1250 672 401
1270 649 1319 655 —-
1333 641 1408 674 447.
1436 641 1467 666 et
1493 634 1525 666 in
1550 632 1669 668 eodem
1693 644 1790 671 tomo

44 677 252 714 collectionis
269 689 364 727 atquc
381 680 654 726 interpretationis
670 675 845 713 theotiscae
867 675 1139 715 Hiss'mannianac
1163 693 1239 730 pag.
1260 692 1309 726 ¹25
1326 702 1374 709 —
1392 691 1460 724 ¹82.
1483 682 1671 733 reperitur,)
1692 697 1790 737 atque

45 731 202 777 IIIeirms.
217 730 238 766 1.
255 744 301 765 m.
320 743 392 779 pag.
410 741 469 775 339
487 727 554 779 sqq.
578 732 634 779 qui
656 728 790 779 quidem
809 730 971 780 posterior
988 734 1108 781 pariter
1124 734 1253 768 Frereti
1272 733 1430 770 iudicium
1448 746 1480 771 et
1501 749 1696 785 argumenta
1711 752 1788 790 pag.

46 794 108 826 344
131 801 183 809 —-
201 793 267 827 359.
292 780 409 824 refert,
441 785 623 824 examinat,
659 795 720 817 nec
747 785 888 818 omnino
911 784 1038 832 probat.
1104 786 1256 822 Ιῆἐνεέιιιη
1284 788 1384 835 igitur
1413 790 1447 824 in
1476 788 1709 827 Observations
1736 790 1790 827 sur

46 835 76 870 la
93 834 296 883 Gc'ne'alogie
311 834 351 870 de
373 836 580 882 I'ythagore,
609 844 637 869 et
657 831 708 869 sur
722 832 850 883 l'usage
865 836 1151 886 chronologique,
1178 851 1241 888 que
1256 839 1331 874 l’on
1353 853 1394 875 en
1416 855 1432 875 a
1451 841 1511 876 tir&
1530 855 1615 891 pour
1634 842 1788 880 determi-

44 900 103 922 ncr
123 887 294 935 l’Epoque
320 886 360 922 de
381 886 410 921 la
436 883 518 935 prise
543 885 583 921 de
603 887 743 932 Troye,
770 890 919 936 primum
946 888 1121 937 diligenter
1135 901 1306 926 enumerat
1321 902 1352 927 et
1367 897 1543 943 componit
1558 899 1790 947 examinatque

43 952 161 975 omnes
177 950 325 974 veterum
341 941 516 988 opiniones
531 948 627 987 atque
642 941 844 975 narrationes
859 939 899 975 de
916 951 1086 990 tempore,
1113 955 1180 991 quo
1199 944 1328 989 Sybaris
1347 943 1453 980 diruta
1467 945 1601 991 dicitur,
1628 949 1788 998 quamdiu

42 992 248 1037 Pythagoras
265 993 397 1034 vixerit,
425 989 466 1026 de
483 990 640 1040 potestate
656 1005 728 1027 voc.
748 991 876 1036 ἡλικία,
902 991 943 1028 de
959 991 1152 1044 philosophi
1169 997 1346 1040 itineribus,
1368 996 1472 1034 reditu
1489 1002 1523 1034 in
1542 1002 1716 1037 Graeciam
1733 1001 1789 1038 ad-

41 1032 207 1093 ventuQue
223 1046 255 1078 in
274 1043 381 1083 Italia,
410 1053 442 1078 et
456 1042 617 1087 ostendit,
642 1042 776 1094 quando
792 1041 974 1082 secundum
990 1045 1133 1095 singulas
1150 1051 1323 1097 opiniones
1339 1059 1432 1085 natus
1447 1048 1545 1088 fuerit
1565 1063 1597 1089 et
1622 1065 1786 1092 mortuus.

36 1094 139 1132 Tum
153 1093 210 1131 sub
227 1109 367 1132 examen
383 1106 480 1132 vocat
494 1106 709 1144 argumenta,
738 1110 822 1146 quae
843 1096 883 1132 de
901 1097 931 1133 la
946 1101 1059 1135 Nauze
1081 1097 1174 1135 duxit
1196 1114 1235 1136 ex
1260 1102 1353 1137 Plinii
1374 1103 1471 1146 loco,
1506 1105 1557 1140 vbi
1581 1107 1787 1155 Pythagoras

40 1147 160 1185 dicitur
174 1146 316 1184 Luciferi
330 1157 482 1184 naturam
499 1146 680 1196 indagasse,
708 1160 740 1185 et
754 1164 792 1185 ex
809 1151 964 1186 aetatibus
979 1162 1049 1187 tum
1066 1152 1317 1200 magistrorum,
1344 1165 1416 1191 turn
1435 1153 1685 1206 discipulorum,
1703 1173 1787 1210 quos

38 1197 184 1238 habuiss'e
202 1202 242 1237 N.
258 1199 314 1237 fibi
330 1198 539 1251 persuaserat.
593 1203 758 1238 Omnibus
773 1202 984 1252 compositis,
1012 1201 1212 1254 suspicatur,
1239 1208 1460 1256 Pythagoram
1486 1220 1600 1245 natum
1626 1213 1708 1247 intra
1731 1226 1787 1248 an.

38 1267 101 1290 nos
125 1265 200 1289 ante
225 1255 262 1289 C.
283 1255 325 1290 N.
345 1259 412 1299 562.
433 1263 465 1289 et
488 1267 554 1300 575.
581 1264 612 1290 et
637 1257 701 1291 vita
722 1252 919 1292 defundtum
942 1253 1005 1292 esse
1022 1270 1072 1292 an.
1090 1264 1162 1304 508.
1178 1268 1232 1294 aut
1248 1271 1320 1303 507.
1338 1270 1410 1296 ante
1429 1262 1466 1296 C.
1481 1263 1522 1298 N.
1575 1264 1685 1299 Multa
1698 1261 1785 1301 ‘vere

39 1309 236 1356 egregieque
249 1303 426 1356 disputauit
439 1317 553 1342 contra
570 1304 665 1342 suum
683 1305 927 1354 aduersarium3
954 1320 985 1345 at
1006 1312 1097 1345 enim
1113 1310 1219 1346 multa
1241 1324 1373 1361 quoque
1389 1327 1494 1363 neque
1518 1314 1604 1351 clare
1623 1313 1784 1365 exposuit,

37 1372 146 1409 neque
161 1361 220 1394 rite
235 1358 450 1408 legitimeque
466 1357 722 1401 demonstrauit,
751 1374 858 1410 neque
872 1371 1020 1398 veterum
1043 1362 1230 1398 testimonia
1250 1375 1360 1400 curate
1383 1362 1520 1402 secreuit
1537 1378 1592 1403 aut
1611 1367 1784 1418 expendit:

36 1410 70 1447 id
87 1410 178 1461 quod
190 1411 345 1460 Meinas.
363 1411 491 1447 vberius
506 1410 696 1448 declarauit.
749 1414 817 1448 Hic
832 1427 910 1450 vero
926 1417 975 1449 vir
991 1413 1214 1463 dodffllimus,
1241 1416 1415 1466 postquam
1433 1417 1566 1469 copiose
1581 1419 1784 1457 recensuerat

37 1475 68 1500 et
83 1475 232 1500 veterum
257 1474 288 1500 et
309 1466 532 1499 recentiorum
553 1467 726 1514 opiniones
753 1475 850 1515 atque
871 1469 1032 1511 rationes,
1059 1471 1190 1517 potiora
1206 1469 1478 1518 comprehendit,
1506 1483 1536 1508 et
1560 1472 1694 1515 iudicat,
1723 1477 1784 1519 Py-

35 1510 214 1566 thagoram
233 1530 304 1555 non
320 1526 395 1552 ante
411 1517 552 1566 Olymp.
569 1518 668 1553 XLV.
697 1515 750 1552 sed
768 1517 840 1567 post
855 1518 966 1566 illam,
994 1531 1025 1555 et
1042 1521 1253 1570 probabiliter
1269 1522 1411 1572 Olymp.
1431 1525 1544 1561 XLIX.
1570 1536 1684 1561 natum
1708 1525 1783 1570 esse,

35 1570 82 1619 (p,
102 1571 156 1615 361
171 1590 222 1595 -
241 1570 330 1614 364.)
346 1571 446 1604 vitam
462 1580 573 1605 autem
590 1583 668 1604 cum
684 1580 794 1606 morte
816 1570 1036 1607 commutass'e
1055 1587 1143 1608 anno
1160 1584 1219 1608 aet.
1240 1577 1368 1610 circiter
1389 1575 1610 1625 octagesimo,
1639 1577 1781 1628 Olymp.

35 1619 102 1658 siue
118 1622 233 1657 LXIX.
251 1624 320 1657 init.
336 1619 402 1657 fiue
419 1618 601 1657 secundum
618 1619 815 1666 Eusebium,
843 1625 990 1660 LXVIII.
1011 1637 1038 1667 3.
1065 1629 1111 1675 (p.
1128 1629 1184 1671 365
1198 1647 1249 1652 -
1267 1629 1360 1674 370.)
1380 1631 1480 1663 reiicit
1498 1631 1618 1677 igitur,
1643 1629 1681 1674 ad
1698 1645 1781 1680 quae

38 1673 92 1709 alii
110 1687 294 1723 prouocare
310 1671 434 1714 solent,
462 1673 647 1710 testimonia
666 1677 855 1719 Ciceronis,
882 1679 933 1720 (in
950 1675 1066 1713 ordine
1084 1681 1242 1727 temporis
1258 1678 1447 1715 definiendo
1472 1684 1612 1718 minime
1635 1682 1780 1720 adcurati

37 1735 69 1761 et
83 1722 240 1772 sollertis,
267 1725 401 1774 quando
416 1727 469 1760 hic
484 1728 691 1775 Pythagorae
711 1730 744 1763 iii
761 1727 851 1764 Italia
867 1727 1048 1765 aduentum
1064 1733 1097 1766 in
1114 1733 1255 1780 imperio
1271 1733 1447 1782 Tarquinii
1469 1731 1595 1783 superbi
1621 1735 1777 1786 (Olymp.

34 1777 153 1812 LXIII.
178 1789 200 1811 1.
220 1796 267 1804 —-
284 1779 430 1812 LXVIII.
455 1779 495 1823 1.)
516 1780 643 1829 ponit,)
667 1779 792 1823 solini,
823 1781 1063 1825 Eratosthenis,
1104 1785 1298 1829 Phauorini,
1340 1785 1530 1834 Apollonii,
1570 1789 1780 1827 Nicomachi.

38 1825 197 1863 paschalis
219 1841 423 1877 eorumque,
454 1833 510 1878 qui
533 1833 775 1880 Pythagoricae
801 1836 894 1868 aetati
920 1834 1049 1884 plures,
1085 1849 1185 1884 quam
1212 1838 1338 1871 LXXX.
1363 1851 1464 1873 annos
1490 1836 1661 1887 adserunt,
1687 1842 1779 1891 (pag.

37 1892 100 1926 370
117 1900 169 1906 —
184 1881 265 1923 372.)
299 1899 346 1906 —-
385 1883 505 1916 Parum
525 1881 660 1918 discedit
685 1884 936 1928 Tiedcmannus,
963 1890 1017 1936 qui
1040 1887 1061 1922 1.
1079 1902 1124 1922 m.
1147 1889 1291 1924 natalem
1314 1903 1438 1925 annum
1456 1893 1591 1940 Pythag.
1609 1891 1781 1929 conferen-

36 1931 118 1968 dum
136 1930 296 1967 existimat
312 1944 346 1980 p.
363 1943 433 1976 ²50·
451 1933 516 1975 (vbi
532 1934 676 1970 aliorum
692 1939 833 1972 rationes
847 1941 958 1986 paucis
973 1938 1093 1975 indicat
1109 1939 1221 1976 addito
1240 1939 1386 1986 iudicio.)
1404 1945 1435 1978 in
1452 1943 1591 1993 Olymp.
1603 1946 1640 1980 L.
1669 1947 1779 1994 Repu-

36 1984 129 2020 diatis
145 1986 234 2019 enim
253 1986 285 2018 Ρ.
306 1986 338 2018 in
354 1986 525 2020 Orientem
543 1987 727 2029 itineribus,
754 2001 872 2024 eorum
887 1990 1098 2041 amplectitur
1113 1996 1354 2040 narrationem,
1381 1996 1436 2043 qui
1455 1996 1489 2030 P.
1507 2010 1611 2032 annos
1631 1998 1697 2034 XL.
1724 2012 1779 2034 na-

34 2047 108 2073 tum
132 2050 169 2072 ex
193 2039 350 2086 Aegypto
375 2037 514 2072 Samum
538 2036 662 2074 rediiffe
683 2043 868 2076 memoriae
890 2042 1120 2092 prodiderunt,
1175 2047 1262 2081 Dein
1286 2049 1320 2081 iis
1343 2046 1486 2094 accedit,
1522 2052 1596 2098 qui,
1624 2054 1777 2088 extremis

32 2091 139 2126 Seruii
154 2089 250 2124 Tulli
275 2091 358 2136 regis
385 2090 488 2125 Rom.
511 2093 622 2136 annis,
651 2091 791 2142 Olymp.
807 2095 875 2129 LX.
900 2094 1081 2132 aduentum
1107 2096 1192 2132 illius
1215 2101 1246 2132 in
1269 2099 1378 2141 Italia,
1405 2110 1436 2135 et
1451 2101 1628 2150 Tarquinii
1651 2101 1778 2152 superbi

34 2144 214 2193 imperium
231 2141 373 2190 Olymp.
393 2142 475 2177 LXI.
494 2153 525 2186 4.
544 2140 716 2194 adserunt5
744 2145 878 2195 quando
892 2144 950 2183 sub
966 2150 1082 2185 Seruio
1099 2150 1218 2185 Tullio
1234 2147 1414 2187 secundum
1434 2153 1568 2189 Liuium
1585 2153 1613 2188 ³)
1636 2158 1670 2191 in
1686 2157 1778 2192 Italia

1648 2206 1776 2245 scholas

76 2306 108 2337 r)
130 2303 164 2332 In
186 2300 290 2331 codem
319 2303 607 2331 Commentariorum
629 2303 772 2333 Parifinae
796 2303 876 2333 acad.
929 2307 990 2336 reti
1007 2307 1185 2337 Recherehes
1206 2308 1253 2338 sur
1278 2308 1304 2339 le
1321 2317 1410 2348 tems⁷
1434 2312 1539 2354 nuque]
1555 2313 1582 2344 le
1599 2314 1775 2357 Philosophe

26 2345 185 2382 ¹volumine
200 2344 296 2375 insunt
311 2347 495 2375 recitationes
516 2344 619 2381 binae,
642 2357 716 2386 quae
736 2347 792 2376 huc
813 2357 877 2388 per·
931 2350 1115 2388 Pythagorc,
1139 2352 1304 2382 Fundateur
1327 2354 1362 2384 di.-
1385 2355 1412 2384 la
1436 2358 1516 2387 Seetc
1539 2357 1680 2399 Italique,
1704 2369 1775 2401 peut

33 2391 142 2420 finum
157 2388 193 2420 de
208 2388 238 2419 la
248 2389 364 2420 Nauze
380 2388 500 2418 seconde
517 2387 696 2418 dissertation
713 2389 759 2420 sur
774 2391 876 2425 Pytha·
931 2395 1017 2423 avoir
1033 2393 1105 2423 νέαι
1117 2417 1126 2429 ,
1149 2405 1213 2436 pag.
1230 2406 1289 2434 472
1305 2414 1345 2420 —
1365 2408 1433 2434 504.

34 2443 123 2472 zore,
147 2431 185 2462 οὐ
202 2431 220 2462 I'
230 2443 268 2461 on
286 2442 400 2473 prouve
416 2431 442 2461 la
458 2430 570 2462 Realite'
583 2432 659 2462 d'un
677 2432 815 2463 Discours
836 2442 877 2464 at·
974 2441 1002 2467 s.)
1041 2438 1105 2466 Lib.
1129 2440 1164 2467 ll.
1188 2445 1225 2472 18.
1263 2451 1375 2482 -vquem
1403 2445 1611 2482 (Pythagoram
1645 2445 1773 2487 philoso-

32 2475 131 2507 tribue'
153 2475 169 2506 ὁ
193 2486 223 2505 ce
244 2474 442 2517 Phssosophe,
463 2485 527 2517 pag.
547 2481 606 2512 448
623 2492 666 2499 —-
680 2486 744 2514 471.
761 2485 790 2507 et
806 2477 877 2509 Fre·
932 2479 1036 2520 phuni)
1064 2483 1167 2511 Seruio
1194 2482 1302 2514 Tullio
1330 2496 1468 2525 regnante
1490 2489 1619 2526 Romae,
1658 2501 1774 2519 centum

76 2527 145 2561 Vol.
159 2528 188 2560 I.
985 2525 1016 2560 D
1033 2523 1052 2560 d
1081 2523 1101 2560 d
1117 2524 1136 2561 d
1151 2525 1172 2562 d
1649 2532 1774 2574 amphus
