2183 2747
24 178 159 209 ’.ιιι
168 181 212 209 5¹8
221 178 243 212 P
256 179 304 211 519'

675 175 1137 213 PYTHAGORICORVM.
1370 177 1444 218 Lib.
1459 180 1511 215 II.
1529 191 1555 215 c.
1573 191 1612 225 ¹3·
1721 182 1788 224 869

132 284 272 311 aetatem
291 272 375 317 tulit,
402 272 517 309 Rufini
534 270 684 308 versione
698 273 891 314 Rom.1633
908 284 955 309 η.
980 272 1085 322 Lugd.
1101 275 1169 310 Eat.
1187 274 1328 321 1639.12.
1346 283 1377 310 et
1396 277 1430 310 in
1441 271 1613 322 opusculis
1633 273 1688 319 [Ψ]
1711 285 1785 317 my-

133 325 312 376 thologicis
331 328 446 361 ethicis
462 336 495 361 et
517 323 660 373 physicis
686 326 824 359 iunctim
850 324 940 360 editis
956 339 974 360 a
1002 326 1081 361 Tho.
1109 327 1227 368 Galm,
1254 328 1440 376 Cantabrig.
1461 329 1544 371 1670
1561 335 1592 367 8.
1624 337 1656 360 et
1678 324 1782 361 Amst.

131 382 220 422 ¹688.
236 387 267 421 8.
297 381 329 414 in
345 391 409 427 qua
426 376 609 426 posteriore
627 376 782 419 editione,
811 376 978 413 Holssenii
996 375 1156 427 praefatio
1179 377 1218 414 ad
1241 379 1403 415 Cat'olum
1427 390 1458 415 et
1479 381 1684 427 Maphaeum
1708 379 1781 412 liar.

131 432 274 472 horinos,
299 441 330 466 et
343 428 503 479 praefatio
528 428 567 465 ad
593 431 769 466 Let‘iorem
791 427 1007 472 desideratur,
1037 444 1076 466 ex
1097 444 1159 480 qua
1179 428 1280 466 discas
1303 431 1546 481 Demophilum
1570 445 1587 467 e
1612 433 1782 473 vaticana,

130 485 370 520 Democratem
395 496 413 518 e
432 483 604 518 Barberina
625 479 839 531 depromsiffe
868 482 1082 521 bibliotheca,
1122 483 1263 519 Secundi
1287 497 1365 520 vero
1392 482 1562 519 sententias
1589 483 1639 519 vel
1671 484 1786 531 potius

127 539 313 585 aenigmata
324 549 439 571 verum
455 531 658 577 existimasse,
686 545 717 570 et
732 536 915 583 genuinum
931 532 1089 584 sophistae
1113 536 1198 572 illius
1221 540 1327 585 arguti
1348 547 1378 572 et
1402 532 1628 588 βξοιχυλέγε
1646 535 1779 571 foetum

129 589 169 624 de
181 601 244 637 quo
254 587 329 634 post
345 588 496 630 Antonii,
523 590 643 635 inquit,
670 593 698 621 et
720 587 761 622 V
758 588 884 621 incentu*
898 587 1074 634 testimonia
1089 589 1235 624 dubitare
1251 602 1313 624 nen
1329 590 1409 624 licet.
1465 589 1684 635 [Demophili‚
1714 587 1779 622 Dc·

128 643 282 676 moen-atis
299 650 329 675 et
343 640 671 688 Secundiscntentias,
699 652 775 674 cum
792 642 853 674 vita
868 639 1019 682 Secundi,
1047 650 1138 676 antea
1153 654 1221 677 non
1243 641 1327 677 edita
1351 655 1391 677 ex
1412 643 1604 689 apographo
1626 638 1778 675 Gudiano

130 693 253 728 codicis
269 691 433 734 Medicei,
466 691 567 727 edidit
591 692 641 727 Io.
662 691 772 726 Adam
795 692 913 738 Sekia-3
937 691 1062 731 Lipsiae
1087 704 1170 738 1754.
1187 698 1217 732 8.
1250 693 1333 729 adde
1357 694 1478 729 Mhi-ic.
1503 691 1586 728 infra
1609 691 1673 727 vol.
1691 693 1778 728 xm.

125 744 182 781 lib.
204 747 261 780 vl.
287 758 354 793 cap.
375 757 422 779 10.
444 757 474 792 p.
493 749 554 788 643
573 741 634 791 sq.]
690 742 820 779 Similes
836 742 1023 791 ingeniosae
1043 744 1251 780 definitiones
1271 759 1308 781 ex
1330 749 1479 781 Antonio
1494 747 1640 794 Chapuis
1665 743 1778 792 legun.

127 808 179 832 tur
199 798 232 832 in
244 799 279 832 A.
295 795 443 832 Verderii
459 796 532 831 bibl.
547 795 662 844 gallica
679 809 710 844 p.
726 807 764 839 54
781 793 825 844 sq.
851 797 961 831 Plures
980 810 996 831 e
1013 799 1171 832 veteribus
1189 795 1400 848 scriptoribus
1420 798 1555 848 collegit
1578 797 1677 834 Frid.
1700 798 1778 832 Lin-

124 850 278 897 dmbrog.
298 851 331 884 in
346 848 444 892 libro,
471 851 526 898 qui
547 849 622 884 MS.
641 846 686 883 est
700 849 733 884 in
754 847 827 886 bibl,
844 849 985 884 loannea
1003 848 1259 900 Hamburgenfi.

236 923 384 962 Obseruo
403 928 533 962 interim
550 927 733 962 Antonium
747 922 914 961 Meliss'am
934 928 982 972 g³)
1009 925 1112 975 longe
1127 928 1228 963 alium
1244 926 1394 965 codicem
1413 927 1645 965 sententiarum
1669 927 1777 962 Steun-

127 979 162 1014 di
175 976 330 1020 habuisse,
359 992 458 1028 quam
473 977 678 1015 Holssenius.
732 977 858 1014 Eadem
875 989 983 1014 autem
1002 977 1173 1028 descriptio
1191 980 1356 1028 mulieris,
1386 994 1467 1030 quae
1492 994 1531 1017 ex
1557 981 1691 1015 Secundi
1718 992 1777 1014 ore

127 1030 214 1080 apud
231 1033 416 1066 Antonium
432 1031 544 1074 exstat,
563 1045 581 1066 a
595 1030 774 1066 Lambccio
789 1044 806 1066 e
821 1028 936 1066 codice
954 1029 1114 1067 Caesareo
1130 1032 1321 1081 producitur
1344 1033 1400 1069 lib.
1417 1035 1489 1069 Vll.
1519 1046 1548 1082 p.
1570 1046 1646 1077 270.
1683 1032 1773 1081 [pag.

125 1097 195 1129 579.
213 1082 287 1119 edit.
305 1083 445 1130 Kouma]
501 1083 638 1120 Diuersa
652 1083 690 1118 ab
708 1082 874 1118 Holssenii
890 1086 1010 1132 pariter
1025 1095 1055 1118 et
1072 1087 1220 1127 Antonii,
1247 1084 1291 1120 est
1307 1089 1339 1120 in
1356 1084 1470 1121 codice
1486 1085 1639 1122 Gudiano
1658 1086 1690 1118 in
1704 1084 1775 1132 plu·

123 1138 216 1172 rimis
239 1136 277 1171 ab
293 1135 509 1172 Holsseniana
523 1135 668 1172 editione
682 1133 897 1185 discrepante,
925 1138 1016 1170 cuius
1037 1140 1269 1186 apographum
1293 1136 1386 1173 seruo
1403 1136 1462 1184 hh),
1497 1148 1528 1173 et
1549 1151 1587 1173 ex
1610 1136 1667 1171 illo
1688 1133 1775 1172 nihil

127 1187 212 1224 aliud
231 1191 263 1223 in
281 1185 440 1236 praesenti
458 1187 622 1237 produco,
649 1201 748 1237 quam
765 1189 851 1223 hanc
869 1189 1027 1224 monachi
1053 1187 1330 1238 descriptionem,
1364 1191 1402 1226 ab
1426 1189 1605 1226 Holssenio
1630 1187 1680 1224 vel
1703 1200 1774 1223 non

127 1242 309 1282 inuentam,
337 1240 398 1282 vel,
425 1239 516 1288 quod
531 1241 703 1277 aucfforem
717 1242 911 1289 neutiquam
927 1241 1047 1276 habere
1063 1241 1168 1290 potest
1186 1241 1428 1292 Philosophum
1455 1242 1549 1278 inum
1568 1237 1775 1282 Secundum,

124 1293 163 1327 ab
177 1305 219 1328 eo
234 1290 506 1341 praetermissam:
529 1295 575 1331 Τι’
585 1296 634 1335 ἐς,
649 1289 843 1344 Μοναχές;
871 1289 1040 1332 Θάνατος
1055 1291 1269 1343 πωλέμειτς,
1284 1294 1492 1341 αἰγωνεθέτες
1506 1290 1628 1342 Souis,
1651 1307 1774 1343 «γαςξι-

123 1347 284 1395 μαργιόις
299 1345 483 1395 ἐπιθυμίαι,
509 1343 623 1394 τύχης
638 1343 896 1397 παράπτωμα,
915 1341 988 1397 ὀξύς
1001 1343 1176 1390 θάνατος,
1194 1347 1507 1399 περισαλπιζομένη
1524 1354 1638 1397 μεῖξαι,
1652 1360 1772 1395 παρκ-

121 1399 225 1446 μένων
246 1394 359 1448 μέρος,
386 1394 477 1441 κακὴ
499 1400 574 1443 νίκη.
623 1401 733 1451 Qam
750 1397 920 1434 variiolim
935 1400 1118 1435 circumlati
1133 1399 1196 1434 sint
1213 1398 1467 1450 responsionum
1481 1400 1614 1435 Secundi
1629 1397 1773 1443 codices,

121 1449 230 1485 videre
239 1452 336 1486 etiam
352 1450 426 1486 licet
442 1464 482 1486 ex
494 1452 672 1487 Vincentio
689 1449 786 1501 supra
803 1448 933 1486 laudato
941 1452 1053 1497 XL71.
1072 1449 1194 1501 speculi
1210 1452 1367 1489 hillorial.
1381 1466 1421 1489 ex
1439 1453 1572 1489 auctore
1581 1449 1773 1487 semibarba-

121 1514 161 1538 ro
186 1503 303 1551 Operis
319 1501 359 1537 de
376 1505 447 1538 vitis
463 1501 744 1552 philosophorum
769 1517 840 1552 cap.
856 1515 919 1550 119.
935 1513 966 1539 et
981 1517 999 1540 e
1016 1504 1154 1552 qujmre
1177 1506 1314 1542 Bartln‘o
1329 1508 1400 1542 XV.
1417 1518 1460 1550 ¹7·
1487 1501 1656 1540 Aduersar.
1679 1501 1702 1537 ss
1719 1501 1771 1537 vel

121 1555 204 1590 inter
217 1552 250 1590 se
269 1553 320 1590 vel
335 1567 413 1590 cum
430 1558 552 1604 graecis
568 1556 735 1592 codicibus
751 1553 974 1592 conferantur.
1030 1557 1113 1593 Vide
1132 1561 1240 1601 etiam,
1267 1557 1291 1593 si
1307 1559 1423 1606 placet,
1450 1558 1589 1606 Jonſsum
1606 1569 1677 1604 pag.
1694 1561 1769 1598 278.

121 1608 234 1656 Itaque
249 1604 273 1641 s1
293 1605 370 1656 quid
385 1611 587 1656 argutiarum
604 1621 635 1644 et
652 1611 788 1659 ingenii,
815 1611 931 1644 veteris
953 1608 1041 1644 illius
1062 1609 1216 1649 Secundi,
1250 1613 1281 1645 in
1299 1612 1348 1646 his
1368 1609 1549 1649 sententiis,
1580 1609 1671 1656 quod
1696 1619 1768 1642 non

121 1661 323 1708 negauerim,
351 1657 501 1708 superest,
526 1660 621 1697 valde
641 1672 751 1698 tamen
768 1660 978 1709 interpolatas
1000 1661 1039 1696 ad
1055 1676 1116 1698 nos
1139 1660 1319 1711 perueniss‘e
1343 1660 1553 1699 manifestum
1575 1660 1630 1696 ell.
1669 1661 1770 1708 [quae

119 1714 217 1747 etiam
234 1711 280 1747 esi
298 1709 455 1748 sententia
470 1714 649 1761 Bruckeri.]
702 1714 791 1750 Alias
807 1724 969 1762 praeterea
990 1713 1029 1749 ab
1049 1713 1142 1750 editis
1164 1716 1371 1750 Democratis
1395 1714 1564 1750 sententias
1587 1711 1711 1748 exstare
1731 1714 1768 1747 in

122 1761 281 1799 Caesareo
302 1762 417 1800 codice
439 1762 540 1801 refert
554 1766 750 1803 Lambecius
774 1765 830 1802 lib.
853 1767 910 1801 111.
936 1779 966 1815 p.
988 1778 1040 1812 39.
1102 1766 1295 1803 Nonnullae
1317 1770 1414 1803 etiam
1441 1764 1612 1802 sententiae
1631 1763 1766 1800 eaedem

122 1816 190 1849 iam
205 1812 260 1850 sub
276 1816 474 1861 Demophih,
499 1820 568 1853 iam
584 1816 640 1854 sub
649 1820 870 1858 Democratis,
896 1820 963 1854 iam
981 1816 1037 1855 sub
1053 1820 1143 1854 Sexti
1157 1820 1311 1869 leguntur
1325 1822 1475 1862 nomine,
1507 1817 1668 1867 quaedam
1690 1816 1767 1852 alibi

121 1867 309 1904 tribuuntur
326 1866 387 1918 ipsi
406 1869 625 1919 Pythagorae,
649 1882 686 1908 vt
703 1871 791 1923 apud
807 1871 986 1908 Stobaeum
1004 1873 1084 1907 haec
1100 1884 1170 1908 non
1189 1872 1323 1922 indigna
1344 1883 1434 1909 tanto
1447 1868 1675 1921 philosopho:
1693 1885 1766 1931 ‘pae-

956 1924 988 1959 R
1002 1937 1018 1960 r
1044 1937 1059 1959 1·
1073 1938 1088 1960 r
1103 1938 1118 1960 r
1142 1937 1159 1969 3
1647 1931 1768 1969 ’γαλῆς

18 2027 49 2052 (ε
64 2020 168 2052 clarus.
187 2023 310 2058 Eutych.
329 2030 400 2054 tom.
418 2024 441 2054 1.
457 2021 559 2054 Annal.
575 2035 603 2066 p.
621 2028 688 2063 367.
711 2027 866 2058 Praetereo

18 2061 251 2102 Democratem,
268 2069 316 2096 cui
331 2066 409 2098 sacra
427 2066 524 2097 facere
547 2078 564 2097 a
586 2069 691 2103 Pythia
713 2070 776 2100 iussi
801 2070 866 2102 sunt

18 2105 207 2146 Plataeenses,
231 2111 300 2140 teste
317 2110 467 2141 Clemente
481 2110 562 2140 Alex.
579 2123 607 2153 p.
619 2116 666 2142 26.
679 2116 864 2155 protreptici.

18 2149 222 2183 Democrates
238 2151 270 2182 ’Λ
283 2155 356 2183 1ΞΩ
368 2157 420 2183 NE
433 2152 489 2184 ΤΣ
513 2164 696 2186 memoramr
717 2158 748 2186 in
770 2157 864 2188 Plato-

20 2195 64 2225 ni·
78 2195 191 2232 Lyside,
217 2197 329 2232 Lyfidis
344 2206 438 2240 pater,
462 2200 514 2240 qui
537 2197 662 2229 fortaffis
689 2200 793 2232 auctor
813 2203 863 2233 ha-

20 2246 86 2268 mm
101 2238 322 2271 sententiarum.

58 2302 122 2339 gg)
144 2300 250 2338 [Serm.
270 2310 330 2330 122.
346 2299 422 2330 adde
435 2297 621 2332 S-Maxt'rm'
630 2308 701 2332 tom.
711 2303 747 2333 11.
758 2313 786 2344 p.
797 2306 862 2338 632.

21 2342 93 2372 etin
111 2342 315 2374 Montfaucou.
331 2343 403 2374 bibl.
421 2342 542 2375 Coislin.
556 2355 584 2385 p.
602 2353 667 2383 577.
683 2344 736 2375 fol.
752 2347 833 2384 ιαμ]

50 2407 117 2445 ib)
138 2411 287 2443 Fabricius
303 2415 335 2443 in
350 2411 411 2444 vol.
428 2415 507 2444 xm.
526 2424 554 2455 p.
571 2418 628 2450 564
646 2413 704 2455 sqq.
723 2413 863 2445 reniden-

20 2449 196 2485 «incanuit
215 2455 348 2487 Secundi
371 2456 532 2498 Sophrstae
545 2456 719 2498 sententias
743 2468 757 2486 e
801 2459 862 2488 edi-

19 2495 98 2527 (ione
110 2497 206 2530 Lucae
221 2499 380 2540 Holstmfi,
404 2499 510 2534 collata
531 2511 599 2534 cum
623 2502 686 2534 MS.
705 2468 862 2535 Gutiiano:

918 2026 1026 2058 adiecit
1042 2034 1124 2058 notus
1138 2027 1217 2058 alias.
1239 2031 1268 2059 P.
1288 2037 1338 2066 573
1347 2026 1407 2069 sqq.
1424 2028 1543 2069 repetiit
1552 2025 1686 2058 Secundi
1694 2024 1766 2068 phi-

919 2070 1035 2113 losophi
1056 2071 1208 2113 Responsa
1239 2071 1503 2112 adinterrogata
1533 2071 1691 2106 Adriani,
1727 2080 1764 2101 ex

918 2117 1076 2145 Vincentio
1100 2114 1320 2151 Bellouacense,
1351 2114 1424 2156 spec.
1447 2116 1548 2145 histor.
1570 2113 1621 2145 lib.
1642 2115 1677 2145 X.
1697 2124 1760 2156 cap.

918 2167 961 2196 7¹-
985 2169 1011 2199 p.
1028 2167 1079 2195 575
1092 2158 1131 2198 sq.
1161 2158 1486 2200 Eiusdcmji‘ntentIas
1499 2158 1556 2188 flue
1568 2157 1764 2201 Quaestiones

915 2201 1291 2242 problematmnstrsptas
1315 2202 1358 2232 asi
1379 2201 1557 2233 Adrianum
1582 2203 1697 2242 Imper.
1725 2211 1761 2232 ex

916 2244 999 2285 Casp.
1015 2245 1126 2274 Bartliii
1143 2245 1295 2275 Adaei-sar.
1312 2244 1361 2275 hb.
1382 2247 1431 2276 XI.
1450 2257 1511 2287 cap.
1525 2254 1573 2283 27.
1589 2257 1618 2287 p.
1634 2249 1689 2283 576
1699 2243 1761 2286 sqq.

917 2287 1068 2317 subiunxit
1094 2288 1223 2318 loannis
1249 2288 1414 2329 Ptdiasimi
1443 2289 1600 2319 versiculos
1622 2299 1658 2319 ex
1678 2291 1759 2327 regia

915 2330 1095 2360 bibliotheca
1108 2331 1143 2360 ab
1154 2331 1306 2362 Holsscnio
1323 2332 1495 2374 descriptos:
1517 2344 1546 2374 p.
1563 2342 1620 2371 579
1633 2331 1694 2374 sqq.
1715 2332 1759 2363 di-

915 2373 1110 2415 sputationem
1127 2373 1231 2412 regalis
1248 2384 1275 2406 et
1296 2375 1467 2406 nobiliffimi
1488 2379 1606 2406 iuuenis
1630 2376 1760 2416 pippini

915 2427 981 2446 cum
998 2417 1110 2448 Abina
1125 2417 1304 2460 sikos'astico
1327 2431 1360 2450 ex
1382 2420 1595 2459 Lindenbrogii
1619 2420 1688 2450 edit.
1712 2430 1757 2449 re-

913 2464 1005 2502 petita
1020 2463 1048 2490 in
1064 2460 1179 2491 Alcumi
1195 2464 1270 2505 Opp.
1286 2475 1314 2506 p.
1331 2468 1409 2500 1336.
1433 2472 1463 2496 et
1482 2464 1552 2495 alias
1574 2464 1756 2506 quaestione·

914 2514 945 2535 ac
963 2503 1126 2537 sententias.
1150 2505 1248 2538 Harl.
1762 2520 1765 2523 ⁴
