2183 2747
524 119 741 157 ORACVLA
793 117 994 155 VETERA.
1141 117 1216 155 Lib.
1237 119 1267 156 Ῑ.
1297 133 1321 156 c.
1341 119 1473 158 XVII.

1748 136 1820 173 139

76 228 214 255 umento
232 213 375 266 inseruit=
388 216 435 252 T.
457 217 543 253 XIII.
560 216 640 252 Bibl.
666 214 801 253 selectae
822 230 854 266 p.
873 223 943 257 180.
962 211 1026 265 seq.
1051 224 1082 251 et
1105 215 1243 264 Georgii
1255 218 1375 253 liscebii
1391 218 1438 258 τέ
1456 220 1640 268 μακαρίτε
1662 221 1816 259 tractatus

49 231 93 309 {e
114 270 274 312 oraculis,
313 267 478 306 Vandalio
500 283 608 305 meras
636 271 817 306 hominum
846 266 979 304 fraudes
1002 271 1035 303 in
1058 267 1122 303 illis
1157 267 1341 306 obseruanti
1369 270 1540 321 oppositus
1560 269 1619 307 ³):
1668 274 1815 323 Haquiui

48 324 249 370 Stidzbcrgii
268 321 310 358 de
331 322 547 359 oraculoruin
575 324 797 358 Ethnicorum
823 323 952 370 origine
974 318 1164 365 diss'ertatiQ
1187 321 1271 358 edita
1294 322 1435 359 Londini
1455 325 1642 360 Scanorum
1664 330 1756 370 1706.
1782 340 1812 371 4.

49 377 211 423 (1708.11.
227 388 303 426 pag.
320 377 412 422 603.)
440 389 502 425 qua
527 377 718 411 Daemones
744 374 960 411 oraculorum
976 375 1126 410 auc‘iores
1149 383 1249 424 negat
1274 373 1426 412 aduersus
1451 376 1574 413 laudati
1599 378 1727 415 Moebii
1748 377 1816 415 sen-

48 431 206 471 tentiam,
233 439 305 464 tum
331 428 482 464 Danielis
496 428 638 476 Claseuii
657 431 700 474 (a.
720 428 825 474 1707.)
848 425 889 463 de
912 425 1054 463 oraculis
1079 428 1263 464 Gentilium
1286 428 1358 464 libri
1375 432 1428 465 ΙΙΙ.
1459 440 1490 466 et
1512 431 1665 477 Stephani
1688 431 1815 467 Morini

48 478 226 519 dissertatio
250 483 336 518 vm.
363 494 445 531 quae
464 481 509 517 est
531 480 572 517 de
593 481 745 517 Oraculis
770 492 801 517 et
827 493 946 517 eorum
963 476 1095 517 defectu
1111 479 1144 515 ‘).
1200 484 1244 518 At
1260 481 1423 529 Gasjmris
1439 483 1578 518 Gezmrti
1593 483 1672 519 liber
1688 482 1728 519 de
1744 497 1815 520 ora-

48 534 130 571 culis
155 545 326 575 veterum,
354 548 454 584 quem
478 546 646 570 memorat
672 531 738 583 ipse
760 537 792 569 in
809 536 992 584 Papinianis
1012 532 1208 570 lectionibus
1231 547 1306 584 pag.
1323 547 1392 582 229.
1422 549 1593 586 nunquam
1619 536 1694 583 ΗΠ,
1722 537 1814 587 quod

48 586 183 637 quidem
205 585 303 623 seiam
316 616 325 629 ,
348 586 459 623 lucem
477 585 631 637 adspexit.
685 589 797 635 Magis
812 590 911 622 etiam
926 584 1112 622 dolendum
1127 586 1172 622 est
1187 597 1381 638 tempomm
1400 591 1515 623 iniuria
1533 587 1728 624 intercidisse
1749 590 1814 625 Oc.

47 642 154 675 nomm·
175 643 290 676 veteris
310 642 429 686 Cynici
455 636 715 692 φωξαγοῆτονοι
735 638 802 675 fiue
822 639 1043 676 detectionem
1065 639 1351 689 praestigiatorum
1374 639 1415 676 de
1430 641 1647 678 oraculorum
1664 640 1814 685 salsitate,

49 695 239 742 Porphyrio
262 704 487 729 memoratam
510 704 541 729 et
562 690 725 735 Eusebio,
753 695 808 742 qui
835 692 909 728 loca
930 691 1093 740 quaedam
1116 706 1155 728 ex
1173 692 1234 729 illo
1258 692 1412 744 producit
1430 696 1464 730 1..
1480 697 1520 729 V.
1538 698 1816 745 praeparationis:

47 755 122 784 tum
145 745 342 781 Philemonis
365 744 570 782 Atheniensis
597 759 680 795 opus
703 746 781 797 περὶ
810 741 1050 785 παντοδαπῶν
1074 747 1262 798 χρη-τηξίων
1287 745 1462 783 laudatum
1485 747 1654 784 Allzcnaco
1676 750 1742 785 Lib.
1759 751 1814 785 111.

47 810 80 834 et
99 812 182 849 quae
202 797 244 834 de
266 798 409 834 oraculis
428 796 549 848 scripta
563 796 705 834 'suerunt
721 812 738 834 a
763 799 957 848 Clitgffippo,
985 811 1021 833 ac
1043 798 1212 834 Nicandro
1233 799 1477 849 Colophonio.
1510 804 1601 837 cuius
1629 801 1730 838 libros
1752 812 1816 838 tres

45 852 125 903 ’περὶ
147 853 330 902 Χρηςηξίων
356 847 499 889 πάντων
523 850 636 886 suidas
659 862 843 893 memorat,
869 849 1012 900 denique
1033 864 1117 901 quae
1133 853 1210 904 περὶ
1231 853 1400 902 μαντικῆς
1420 850 1666 904 disputauerant
1689 855 1815 903 Dioge-

47 918 104 940 nes
125 904 343 949 Babylonius7
378 907 550 953 Antipater
572 915 603 940 et
630 902 821 939 Posidonius
844 903 919 939 teste
941 906 1104 940 Cicerone
1121 917 1144 940 1.
1166 904 1206 940 de
1229 905 1365 941 diuinat.
1388 906 1526 956 [eap.3.]
1581 904 1813 943 consulendus

47 960 181 993 interim
205 968 331 1005 praeter
353 955 496 992 eundem
525 959 723 992 Ciceronem
745 955 937 992 Plutarchus
959 955 1000 992 de
1021 957 1238 993 oraculorum
1264 956 1414 1001 defectu,
1443 963 1523 995 etin
1543 958 1647 996 libro:
1661 973 1721 995 cur
1742 974 1813 996 ver-

49 119 134 150 voti
144 126 224 157 '³³09
233 122 254 156 P
264 127 310 148 11ο

48 1009 133 1045 sibus
157 1008 290 1044 oracula
313 1005 452 1045 fundere
473 1008 601 1045 desierit
621 1010 758 1053 Pythia,
797 1019 831 1044 vt
851 1008 932 1044 alios
958 1013 1024 1044 iam
1052 1013 1218 1046 omittam.

49 1061 202 1099 notabilis
222 1060 321 1097 exssat
340 1061 428 1112 apud
451 1061 613 1109 Iustinum
633 1063 754 1097 XXIV.
779 1064 810 1098 6.
838 1059 884 1096 υ).

50 1185 174 1215 historia
196 1193 319 1222 graecae
342 1181 464 1222 linguae
486 1192 551 1225 pag.
570 1187 613 1220 56.
640 1182 680 1225 sq.
703 1191 806 1225 putat,
837 1193 903 1213 ora-

50 1227 115 1258 cula
138 1230 325 1258 Graecorum
346 1230 496 1266 originem
524 1235 553 1258 et
572 1228 756 1258 incunabula
780 1227 830 1257 sua
853 1229 903 1257 ha-

48 1270 144 1303 buisse
167 1274 200 1301 in
229 1272 400 1302 Gothorum
423 1273 511 1302 terris
541 1282 570 1301 et
593 1283 620 1313 p.
642 1278 687 1306 68.
712 1272 750 1302 de
776 1271 901 1302 illorum

46 1316 227 1346 auctoritate
249 1318 319 1354 agit.
351 1332 392 1338 —-
437 1315 566 1352 Baldus,
590 1317 724 1350 Hkkes,
757 1318 900 1354 Morgues

46 1367 97 1396 et,
121 1367 153 1390 vt
176 1358 335 1401 probabile
361 1360 409 1396 fit,
435 1362 589 1395 porterus,
617 1364 705 1395 (nam
722 1359 900 1390 sententiam

45 1402 128 1433 suam
160 1414 222 1434 non
243 1412 345 1445 aperte
370 1403 464 1440 dixit,
499 1405 531 1433 in
553 1403 774 1443 Archaeologia
796 1413 901 1442 graeca

45 1446 100 1477 Iib-
111 1449 148 1478 11.
177 1457 240 1489 cap.
255 1459 284 1486 7.
308 1446 369 1477 vol.
395 1458 416 1477 1.
441 1457 506 1489 pag.
522 1456 581 1484 59⁰5.
606 1447 682 1478 vers.
703 1450 901 1489 germanicae

45 1491 323 1528 Rambachianae,)
345 1491 541 1522 oraculorum
558 1490 695 1532 responsa
716 1500 824 1533 putant
840 1491 902 1521 dia-

44 1534 149 1565 bolum
167 1534 301 1565 habuisse
317 1537 488 1567 auctorem:
513 1536 609 1576 (quod
626 1536 751 1576 quidem
765 1536 802 1566 ab
817 1537 902 1566 omni

45 1578 268 1620 probabilitatis
283 1578 398 1620 specie,
428 1582 522 1610 immo
543 1590 618 1609 vero
638 1579 803 1609 inultorum
822 1588 903 1610 vete-

46 1634 114 1653 rum
151 1621 402 1664 philosophorum
437 1623 554 1653 iudicio
586 1624 667 1653 abest
695 1622 901 1662 longissima)

47 1669 161 1698 Contra
191 1677 249 1696 van
280 1666 375 1704 Dale,
413 1666 591 1698 Fontenelle
623 1675 652 1698 et
690 1667 818 1706 Basnage
848 1665 900 1696 illa

47 1712 255 1741 existimarunt
280 1718 309 1741 et
337 1710 530 1742 declararunt
556 1711 744 1741 sacerdotum
767 1711 899 1741 fraudes.

48 1755 195 1795 Equidem
212 1766 266 1784 nee
282 1765 387 1785 omnes
400 1754 566 1785 sacerdotes
576 1766 629 1785 nec
645 1758 745 1785 omnia
762 1753 900 1795 responsa

47 1809 64 1828 a
85 1797 217 1835 fraudis,
243 1801 275 1828 in
296 1801 402 1840 primis
429 1799 634 1838 ambiguitatis
649 1804 721 1839 (qua
745 1798 833 1829 inulti
851 1799 900 1828 de-

47 1844 128 1884 cepti
151 1841 238 1878 sunt,
268 1853 297 1872 v.
318 1842 498 1873 Theodoret.
522 1841 659 1872 sermone
690 1843 809 1872 decimo
831 1853 900 1874 con-

47 1896 92 1917 tra
116 1888 245 1917 Graecos
262 1908 272 1921 ‚
306 1888 360 1926 qui
388 1887 428 1915 est
451 1886 488 1915 de
513 1885 690 1923 Oraculis,)
731 1885 899 1928 suspicione

48 1933 238 1970 crimineque
258 1928 388 1959 liberare
411 1928 554 1959 sustineo:
585 1939 715 1960 attamen
738 1929 899 1960 Pausaniae

48 1974 282 2004 Lacedaemonii
303 1971 496 2013 aliorumque
526 1973 661 2015 exempla
692 1973 783 2004 fidem
806 1973 897 2004 sacer-

48 2019 174 2054 dotum,
204 2019 257 2058 qui
280 2019 434 2058 corrumpi
451 2016 480 2046 se
504 2029 564 2047 non
587 2018 656 2059 pass]
680 2017 765 2053 sunt,
795 2017 898 2048 s-‹ltcm

47 2061 263 2103 quorumdam,
285 2060 352 2091 satis
368 2062 575 2102 comprobant.
600 2063 697 2102 Atque
712 2060 768 2092 cel.
782 2062 898 2101 Koppe’,

49 2109 81 2137 in
103 2104 251 2148 praesenti
273 2103 389 2146 praeses
412 2104 564 2135 sacrorum
581 2104 736 2147 supremus
751 2105 830 2147 apud
840 2108 899 2136 Go-

46 2151 172 2185 manos,
200 2151 233 2179 in
256 2148 477 2189 disputatione,
510 2150 675 2181 Vindiciae
690 2150 900 2181 Oracnlorum

45 2204 67 2225 a
87 2193 270 2225 daemonum
291 2193 421 2232 imperio
442 2201 479 2223 ac
488 2191 688 2235 sacerdotium
703 2192 900 2234 fraudibus,

28 2274 30 2276 v
47 2239 209 2276 Gottingae
228 2246 310 2275 ¹774·
326 2236 428 2266 habita
451 2245 467 2264 a
493 2235 580 2278 culpa
595 2246 624 2266 et
647 2239 775 2266 crimine
790 2235 900 2267 liberat

47 2280 214 2312 sacerdotes
239 2281 384 2321 quoniam
406 2278 528 2309 oracula
561 2279 683 2310 fuissent
713 2288 801 2321 caput
829 2279 898 2310 reli-

46 2327 147 2365 gionis
169 2323 324 2366 popularis
337 2346 345 2359 ‚
369 2325 454 2353 cuius
471 2325 682 2354 auctoritatem
697 2327 775 2354 tueri
793 2333 821 2354 ct
836 2323 897 2354 ser-

49 2379 121 2399 uare
142 2369 180 2399 ad
203 2370 318 2397 animos
341 2369 455 2397 ciuium
477 2367 680 2398 moderandos
695 2377 724 2398 et
746 2378 762 2397 a
782 2367 897 2398 ferocia

49 2412 205 2453 turbisque
228 2411 399 2442 auocandos
420 2420 470 2440 aut
491 2412 713 2453 reprimendos,
735 2411 897 2453 prudentia

48 2458 274 2495 magistratuum
292 2464 321 2485 et
344 2454 419 2484 salus
435 2456 591 2485 ciuitatum
607 2455 764 2486 suafiffent.
780 2467 808 2486 v.
824 2466 897 2496 quo-

50 2510 109 2541 que
132 2498 167 2529 cl.
191 2498 413 2531 Rambaclzium
434 2498 470 2528 ad
496 2497 597 2529 locum
619 2501 731 2529 Potteri
749 2509 898 2529 memora-

49 2552 115 2575 tum
136 2543 230 2575 Harl.
277 2541 362 2579 [Car.
374 2542 501 2575 Denina
517 2541 768 2586 Istoriapoltitica
784 2554 799 2573 e
813 2542 896 2574 lette-

1300 1011 1437 1047 Oraculi
1460 1012 1616 1061 Delphici
1638 1010 1814 1063 descriptio

942 1061 1016 1108 [De
1039 1064 1178 1099 oraculo
1201 1062 1391 1101 Dodonaeo
1413 1078 1442 1101 v.
1471 1065 1589 1100 Sallier
1610 1068 1645 1101 in
1666 1065 1813 1103 Histoire

1095 1118 1161 1152 Sa
1770 1118 1812 1156 de

956 1186 1036 1214 raria
1058 1183 1137 1215 della
1161 1187 1287 1221 Grecia,
1321 1194 1399 1227 quae
1420 1196 1513 1225 germ.
1536 1186 1621 1217 versa
1646 1188 1686 1217 est
1701 1210 1709 1224 ,
1739 1186 1810 1218 s.t.:

956 1229 1144 1258 staats-und
1183 1229 1522 1269 Gelehrtengeschichte
1552 1230 1810 1268 Griechenlands,

957 1273 1032 1302 T.1.
1050 1283 1078 1313 p.
1090 1277 1151 1311 ¹67·
1169 1272 1198 1302 ss'.
1217 1273 1346 1314 Godosiz
1358 1273 1427 1313 Lflss
1436 1277 1472 1303 V.
1490 1277 1516 1304 S.
1528 1277 1563 1304 V.
1576 1276 1679 1305 Ueber
1695 1275 1744 1305 die
1756 1278 1811 1305 Re-

956 1314 1052 1355 ligion
1065 1338 1073 1351 ,
1106 1317 1172 1346 ihre
1194 1316 1372 1347 Geschiehte
1389 1327 1442 1347 etc.
1465 1319 1538 1348 T.1.
1555 1330 1582 1359 p.
1601 1326 1658 1355 3⁸32.
1674 1319 1704 1349 ss.
1734 1323 1813 1349 Ano·

956 1363 1030 1395 nyni
1053 1359 1184 1390 librum:
1209 1360 1343 1391 Versuch
1368 1363 1453 1390 einer
1470 1361 1648 1392 Gesehichte
1673 1363 1728 1393 der
1742 1373 1812 1394 vor-

956 1406 1110 1434 nehmsten
1127 1403 1277 1440 mankel,
1301 1407 1389 1435 Bern.
1402 1414 1480 1443 1775.
1498 1413 1522 1437 κ.
1557 1405 1662 1444 Beck]

995 1452 1030 1484 S)
1052 1447 1140 1478 Conf.
1169 1451 1264 1478 Mem.
1296 1448 1333 1478 de
1354 1450 1506 1479 Trevoux
1540 1459 1612 1488 ¹7¹¹·
1642 1460 1708 1491 pag.
1729 1460 1811 1488 2053.

957 1491 1060 1521 Editio
1083 1494 1182 1533 prima
1204 1491 1276 1522 libri
1297 1502 1355 1522 van
1372 1491 1458 1529 Dale,
1482 1493 1628 1524 Amsterd.
1646 1498 1723 1527 1682.
1740 1501 1765 1528 8.
1782 1506 1811 1525 v.

957 1537 1028 1566 Acta
1055 1536 1172 1566 Erudit.
1191 1540 1271 1573 1684.
1296 1546 1362 1577 pag.
1385 1546 1453 1575 207.
1479 1536 1608 1567 secunda
1635 1536 1727 1576 longe
1756 1548 1812 1568 au-

956 1580 1051 1616 chor,
1073 1578 1194 1609 Amstel.
1214 1589 1297 1617 1700.
1314 1590 1343 1617 4.
1366 1591 1394 1610 v.
1415 1579 1492 1611 Bibl.
1511 1582 1640 1617 choifie,
1669 1589 1742 1612 tom.
1756 1585 1809 1612 III.

955 1634 983 1665 p.
1001 1634 1063 1661 ¹09·
1092 1624 1129 1653 de
1155 1622 1324 1653 Fontcnelli
1349 1622 1448 1657 libro,
1481 1623 1628 1654 Nouvell.
1651 1635 1714 1666 rep.
1734 1625 1809 1656 littr.

956 1672 1037 1706 1687.
1060 1678 1088 1708 p.
1107 1672 1170 1704 145.
1186 1678 1252 1704 459.
1278 1667 1331 1697 vbi
1352 1666 1474 1708 epistola
1496 1677 1552 1696 van
1574 1667 1704 1698 Dalenii.
1735 1671 1808 1699 Ger-

953 1714 1071 1742 manice
1093 1721 1109 1740 a
1125 1714 1168 1742 Io.
1188 1711 1356 1752 Christoph.
1375 1710 1570 1741 Gottschcdio
1589 1711 1666 1753 Lips.
1685 1722 1764 1752 1750.
1783 1721 1808 1745 ε,

955 1767 984 1786 v.
1000 1754 1194 1785 Auserlesene
1206 1753 1298 1785 theol.
1313 1753 1457 1785 Biblioth.
1469 1762 1540 1784 toni.
1555 1758 1590 1784 V.
1607 1767 1634 1797 p.
1648 1760 1708 1786 261.
1733 1759 1807 1786 Fon-

954 1798 1100 1830 tanellum
1125 1798 1295 1829 consutauit
1316 1798 1453 1831 Bestius,
1492 1808 1523 1828 vt
1552 1798 1639 1840 supra
1660 1810 1807 1830 memora-

951 1851 1018 1874 tum
1036 1844 1087 1879 est,
1111 1841 1232 1881 gallice:
1258 1840 1374 1881 anglice
1392 1844 1421 1871 in
1439 1843 1552 1872 &Vox-ks
1568 1842 1604 1873 of
1616 1844 1666 1873 the
1682 1842 1807 1875 learned

956 1894 1036 1925 1708-
1060 1898 1088 1928 p.
1103 1892 1170 1926 697.
1194 1897 1261 1915 cum
1286 1886 1418 1915 Hickesu
1439 1886 1564 1927 praefat.
1587 1897 1645 1927 qua
1666 1889 1806 1928 perstrin-

953 1939 1085 1970 guntur,
1121 1941 1197 1971 quae
1221 1929 1355 1960 Clericus
1383 1941 1438 1970 pro
1462 1930 1632 1961 Fontanelli
1660 1931 1808 1962 sementia

953 1974 1117 2015 scripserat.
1164 1973 1324 2014 Responsio
1347 1972 1460 2003 Clerici
1476 1975 1639 2016 Iacobique
1658 1977 1806 2007 ssernardi

953 2017 1044 2048 mens.
1063 2021 1130 2048 Iun.
1152 2026 1237 2056 1707.
1283 2016 1407 2047 Novell.
1428 2017 1559 2059 reipubl.
1582 2018 1672 2049 litter.
1695 2019 1806 2050 Baldus

952 2061 1014 2104 ipse
1035 2063 1245 2096 continuauit‚
1269 2059 1296 2090 la
1314 2063 1396 2091 Suite
1419 2061 1456 2091 de
1472 2061 1499 2092 la
1522 2062 1647 2103 reponse
1669 2063 1685 2093 ὲ
1701 2061 1804 2095 l‘ffist.

954 2106 1003 2136 des
1027 2104 1126 2137 Oracl.
1157 2107 1316 2144 Argentor.
1341 2112 1421 2144 1708.
1438 2113 1463 2140 8.
1504 2108 1614 2136 Denuo
1635 2117 1804 2148 propugna-

953 2152 998 2180 uit
1022 2148 1232 2180 Fontanellum
1253 2151 1309 2179 Iac.
1334 2148 1462 2187 Basnage
1484 2151 1514 2179 in
1546 2152 1668 2191 Antiqq.
1691 2151 1804 2182 iudaic.

952 2192 1059 2232 gallice
1074 2193 1172 2223 editis.
1197 2192 1684 2235 Oppugnauit.'I?.='cI1.Mourgues
1701 2192 1767 2225 sect.
1779 2198 1802 2226 Ι.

953 2240 1059 2275 Journ.
1078 2237 1128 2266 des
1144 2238 1187 2267 Se.
1204 2247 1280 2275 ¹7¹3·
1297 2239 1334 2267 11.
1353 2248 1381 2278 p.
1395 2241 1457 2267 216.

996 2284 1029 2315 t)
1053 2281 1124 2312 Olai
1143 2278 1303 2311 Bor-richiz'
1325 2291 1369 2311 or.
1389 2283 1424 2311 Χ.
1449 2280 1486 2310 de
1507 2279 1647 2311 Oraculis
1664 2283 1803 2323 antiquo-

950 2335 1016 2355 rum
1032 2333 1104 2354 tom.
1120 2326 1143 2354 1.
1158 2335 1185 2365 p.
1196 2334 1266 2362 447.
1676 2356 1678 2358 v

992 2372 1034 2404 v)
1058 2366 1212 2398 Ridiculas
1232 2369 1421 2409 quaestiones
1443 2367 1582 2398 ridiculis
1604 2367 1800 2410 responsioni-

950 2413 1006 2442 bus
1022 2410 1143 2441 oracula
1159 2410 1335 2448 eludebant,
1359 2423 1386 2442 v.
1401 2411 1596 2443 Athenaeum
1606 2415 1643 2442 V.
1662 2422 1726 2454 pag.
1737 2423 1798 2449 219·

953 2454 1114 2496 Colophon
1143 2455 1188 2483 τόν
1210 2455 1318 2488 ereans-»ir
1345 2455 1362 2483 ἐ
1385 2457 1491 2493 χείρονα
1513 2454 1622 2495 Ὁμῆρε
1649 2451 1799 2495 καὲἔχετη

951 2499 1112 2529 Ἀπόλλωνα
1129 2500 1188 2530 Dio
1205 2498 1402 2541 Clzrysoflom.
1419 2501 1538 2532 XLVII.
1554 2509 1620 2542 pag.
1631 2509 1694 2537 542.
1709 2498 1799 2541 respi-

952 2546 992 2574 cit
1006 2542 1101 2574 Clarii
1124 2541 1272 2585 ApolliniS
1288 2541 1456 2574 oraculum.
