2183 2747
44 127 104 159 Vol.
114 129 134 157 t.
147 137 172 164 p.
186 130 262 165 399?
270 134 331 163 ion

734 131 1100 170 COLLECTIONES.

1408 137 1478 172 m.
1490 138 1540 172 11.
1561 151 1583 172 c.
1596 151 1627 183 μ.
1735 144 1796 186 64}

39 225 80 262 ab
100 225 222 263 Aldina
239 227 292 263 illa
311 225 514 263 collectione
529 226 684 264 nonnihil
701 225 875 265 differunt:
901 242 942 265 ne
961 225 1167 277 inpraesenti
1191 227 1298 265 dicam
1322 228 1361 267 de
1385 229 1504 268 fabulis
1529 232 1649 284 Aesopi
1674 239 1705 272 in
1724 237 1791 274 lati-

39 292 123 315 num
147 277 338 316 sermonem
363 279 457 316 versis
483 281 523 316 ab
549 281 730 317 Omnibono
755 283 934 332 Leonicerifi
955 281 994 317 ad
1019 279 1228 318 franciscum
1254 284 1468 334 Gouzagani,
1509 299 1587 336 quas
1615 290 1714 326 MSS.
1738 293 1792 325 ha-

41 331 112 368 buit
130 332 186 379 [P]
211 331 396 374 Naudaeus,
426 332 502 369 teste
525 333 653 369 Labbeo
683 334 760 371 bibl.
785 347 865 370 nou.
882 336 980 370 MSS.
997 347 1028 383 p.
1045 345 1109 379 233.
1163 336 1342 383 Ceterum,
1372 337 1483 386 quales
1507 338 1547 374 ab
1563 338 1696 390 Aesopo
1719 341 1790 391 ipso

41 382 212 433 profeelae
232 385 282 422 vel
295 383 430 435 scriptae
446 384 527 428 sunt,
556 385 596 431 (si
612 386 690 423 vllas
708 400 867 435 vniquam
885 384 1006 436 scripsit
1020 384 1180 432 fabulas.)
1205 401 1312 438 neque
1336 392 1369 424 in
1387 390 1485 426 altera
1512 391 1583 435 illa,
1625 407 1732 444 neque
1755 398 1790 432 in

41 438 102 473 hac
121 437 320 474 collectione
332 440 478 487 reperiri,
505 441 581 474 viris
603 438 738 476 eruditis
759 441 823 474 iam
843 439 970 488 pridem
987 438 1030 475 est
1051 437 1248 488 persuasum.
1296 443 1337 477 Et
1350 443 1435 478 hanc
1450 443 1587 492 quidem
1602 446 1696 483 valde
1721 461 1788 484 cre-

40 487 139 527 dibile
153 489 210 533 est,
237 489 396 528 eumdem
410 492 578 531 audiorein
596 489 777 541 agnoscere
791 493 973 528 Planudcm
987 493 1200 528 Monachum
1216 487 1248 540 ¹⁴¹⁴)
1283 494 1504 532 CPolitanum
1516 524 1527 541 ,
1554 500 1611 547 qui
1632 501 1724 536 annis
1748 500 1788 535 ab

41 671 178 705 Couaeffls
191 677 258 705 tam
281 674 429 710 carmine,
459 682 553 715 quam
576 671 670 715 prosa
693 682 751 715 per
770 673 887 706 Gerar-

40 716 114 749 dum
127 717 208 749 Leeu
223 718 254 748 in
271 718 382 757 oppido
397 717 556 759 Goudenfi.
575 723 654 753 ¹482.
674 728 704 755 4.

127 772 155 790 v.
167 760 257 790 Catal.
275 760 346 791 bibl.
358 761 470 791 Bodlei.
487 770 559 792 tom.
572 762 593 791 Ι.
605 771 632 801 p.
644 765 686 791 16.
702 759 886 802 voe.Aesop.

40 806 73 834 ln
91 804 182 834 Catal.
197 814 294 834 autem
311 804 480 835 Valleriano
499 807 535 835 Π.
553 816 580 834 n.
597 811 667 839 3831.
682 805 828 835 indicatur
849 807 885 835 ti-

40 845 118 877 tulus
142 847 210 878 hbri
233 857 262 878 et
282 847 438 883 editionis,
475 847 608 890 (recusae
638 850 726 879 Paris.
748 857 822 885 1510.
847 852 885 884 8.)

39 891 200 931 Dialogus
216 898 435 922 creaturarum
450 892 564 931 optimc
580 893 798 923 moralizatus.

84 933 198 976 Aesopi
224 939 253 964 et
276 936 407 965 aliorum
433 934 577 965 Fabulae.
607 935 773 975 Antwerp.
799 935 887 971 amad

41 977 210 1014 Gerara'i'n,
225 977 328 1009 Leuw.
348 982 429 1014 1486.
445 977 497 1008 fol.
519 983 607 1020 (quae
624 990 690 1009 cum
703 979 885 1010 antecedenti

40 1020 141 1052 eadem
158 1021 214 1053 esse
229 1022 370 1055 videtur.)

126 1076 154 1096 v.
172 1064 310 1096 biblioth.
327 1064 474 1096 Hulfiana.
501 1077 530 1096 n.
546 1072 632 1103 4038.
650 1065 710 1096 vol.
726 1069 777 1098 111.

82 1108 194 1149 Aesopi
209 1108 413 1140 Fabulatoris
427 1109 582 1153 clariffimi
587 1109 721 1150 fabulae
735 1120 802 1141 cum
823 1119 885 1140 mo-

38 1152 294 1184 ralizationibus.
310 1152 515 1192 Annaei-piae
527 1164 586 1194 pci-
599 1154 733 1185 Germ-d.
756 1154 845 1185 Leeu.
858 1165 884 1185 a.

40 1203 119 1233 ¹⁴88-
137 1208 165 1233 4.
189 1199 219 1226 in
234 1196 393 1236 Cataloguc
410 1197 459 1226 des
477 1196 567 1228 livres
584 1216 620 1219 —-
639 1198 676 1228 de
691 1200 826 1237 Gaignat‚
841 1214 884 1222 -

39 1252 93 1283 par
108 1242 183 1271 Bure
200 1250 270 1270 tom.
291 1243 312 1271 1.
329 1253 356 1270 n.
375 1245 459 1275 2526.

83 1285 274 1316 Laurentius
305 1285 400 1317 Valla
430 1286 565 1315 XXXIII.
591 1284 704 1315 fabulas
741 1285 883 1327 Aesopeos

38 1329 155 1358 Caietae
173 1340 210 1357 m.
229 1330 310 1358 Maio
327 1334 404 1364 1438,
428 1330 510 1363 (teste
525 1331 586 1358 eius
600 1329 795 1370 praefatione)
818 1341 883 1360 ver-

39 1379 124 1408 terat,
148 1382 222 1414 quae
239 1373 333 1402 verfio
350 1380 378 1402 et
392 1383 479 1401 manu
498 1380 526 1402 et
540 1371 676 1405 formulis
690 1375 882 1416 typographi·

40 1418 80 1445 eis
93 1414 234 1457 descripta
258 1415 408 1446 hincinde
433 1418 589 1458 reperitur.
641 1417 791 1455 Qiasdam
822 1428 882 1447 tne-

39 1461 163 1489 morabo
179 1460 322 1489 editiones
338 1462 527 1500 antiquiores.

84 1503 225 1534 fabulae
248 1513 286 1534 cx
306 1513 423 1544 graeco
447 1505 478 1534 in
499 1503 633 1535 latinum
660 1514 718 1544 per
743 1503 882 1536 Lauren-

39 1547 116 1578 tium
138 1548 263 1579 Vallum
277 1557 334 1587 per
341 1547 545 1578 Laurentium
557 1547 745 1591 Alista-mium
760 1547 885 1590 versae:

39 1590 169 1632 liupr-ess.
187 1601 239 1632 per
256 1592 427 1629 Magistrum
445 1594 583 1621 loannem
600 1592 635 1621 de
645 1594 751 1622 Cereto
767 1592 886 1623 de'rri-

40 1634 123 1671 dino,
146 1646 172 1664 a.
198 1635 277 1664 dom.
303 1643 395 1671 149¹ss
409 1637 549 1665 VenetiiS.
569 1646 599 1672 4.
631 1635 815 1671 (Maictaire
835 1639 885 1666 IV.

40 1686 116 1720 part.
132 1688 158 1707 z.
177 1689 205 1719 p.
221 1683 296 1715 595.)

84 1721 222 1752 Fabulae
235 1731 291 1761 per
307 1719 512 1752 Laurentium
529 1722 657 1755 Vallum
668 1745 678 1759 ,
706 1722 801 1754 latine
816 1732 884 1754 ver-

34 1761 101 1805 sae.
125 1763 258 1794 Zuuolis
275 1774 358 1800 1499·
373 1763 424 1794 fol.
448 1766 596 1801 (Orlnndi
614 1768 738 1806 Origine
752 1778 767 1797 e
782 1769 883 1806 Progr.

43 1805 119 1837 della
133 1809 258 1848 Stampa,
282 1818 310 1848 p.
326 1811 400 1845 27¹.)
423 1819 487 1838 cum
503 1808 568 1839 aliis
585 1811 663 1852 apud
685 1813 815 1842 Maittar.
831 1813 882 1842 1v.

43 1859 117 1892 part.
135 1852 170 1880 11.
185 1861 214 1891 p.
229 1859 300 1887 707.
315 1853 397 1880 cuius
413 1859 512 1881 notam
526 1853 651 1883 videbis.

87 1893 225 1936 Aesopus
250 1902 386 1934 graecus
404 1903 461 1934 per
485 1894 689 1927 Laurentium
710 1897 883 1939 Vallensem

41 1936 215 1969 traduc‘lus.
269 1938 301 1967 In
324 1936 396 1966 fine:
425 1936 626 1978 Erphordiae
646 1939 806 1982 imprissics
826 1951 883 1981 per

42 1980 275 2023 Wolsgangum
290 1979 460 2011 Schencken
475 1980 568 2012 Auno
586 1992 672 2022 1500.
694 1993 724 2019 4.
744 1995 772 2014 v.
788 1984 882 2024 frey-

42 2029 110 2067 tag.
140 2025 276 2064 Adparat.
304 2022 393 2054 litter.
415 2032 486 2054 tom.
508 2027 530 2055 1.
552 2036 580 2065 p.
603 2030 640 2059 69
658 2026 718 2067 sqq.
733 2044 775 2050 —
804 2028 879 2059 Edit.

42 2069 243 2102 Dauentriae
256 2068 313 2098 fine
329 2079 395 2098 ann.
411 2075 480 2098 nota
499 2071 530 2098 in
546 2080 575 2105 4.
591 2070 740 2100 Fabricius
760 2073 788 2101 in
805 2082 880 2101 mar-

42 2116 110 2153 gine
124 2112 167 2143 sui
182 2111 310 2154 exempli
323 2120 449 2147 notarat,
472 2121 501 2142 at
524 2115 553 2142 in
576 2113 715 2153 Catalogo
734 2114 815 2145 illius
835 2117 883 2146 Bi-

42 2156 149 2188 blioth.
167 2165 238 2186 tom.
256 2158 276 2185 l.
293 2167 320 2197 p.
339 2165 387 2193 72.
411 2155 506 2185 fornia
523 2164 548 2190 8.
563 2167 617 2198 per
633 2160 686 2188 lac.
704 2158 739 2188 de
753 2159 856 2189 Breda.

86 2201 148 2232 Les
171 2199 353 2240 Apoi‘ogues
375 2204 402 2229 ct
426 2199 535 2230 Fables
558 2201 594 2231 de
617 2201 758 2233 Laurens
781 2202 882 2238 l'at'le,

44 2241 230 2276 translati&
251 2243 287 2273 de
308 2243 387 2273 latin
409 2253 445 2273 en
461 2242 617 2284 franpois.
646 2261 686 2269 —
726 2245 782 2276 Les
807 2246 883 2276 Dits

36 2287 201 2330 facecieux
215 2287 252 2318 de
266 2287 462 2328 Petrarque,
489 2292 554 2327 (par
570 2289 697 2318 Laui-ent
712 2288 808 2323 Valle)
832 2288 884 2318 sol.

44 2331 65 2362 s.
79 2331 98 2361 1.
112 2339 141 2362 et
154 2342 180 2362 a.
196 2331 288 2361 editio
305 2339 454 2371 peruetus,
486 2333 515 2361 in
530 2333 619 2362 Ducis
640 2332 677 2363 a'e
695 2333 727 2363 la
752 2333 885 2364 Vallia-e

45 2374 187 2414 eatalogo
209 2374 355 2405 librorum
375 2381 446 2404 tom.
468 2376 503 2406 11.
526 2386 554 2405 n.
578 2381 653 2411 3833-
673 2386 702 2416 p.
719 2385 781 2412 552.
811 2375 884 2406 adde

43 2421 76 2450 in
90 2420 192 2460 primis
201 2419 310 2453 Histor.
326 2417 381 2448 litt.
395 2418 474 2448 acad.
484 2419 571 2449 Paris.
586 2418 717 2459 Inscript.
732 2428 803 2450 toni.
819 2423 884 2451 vn.

40 2472 74 2504 p.
94 2473 152 2501 3¹9·
173 2471 202 2494 et
224 2461 311 2494 Bure
333 2461 410 2494 Bibl.
433 2463 621 2499 instruam,
660 2465 692 2494 B.
714 2465 746 2494 L.
761 2477 789 2495 n.
804 2473 883 2501 3573-

1015 546 1103 581 Mm
1130 558 1215 583 min
1243 556 1263 581 2
1709 553 1788 590 hinc

940 675 1003 710 vbi,
1027 675 1045 704 ss
1062 673 1152 705 modo
1169 674 1270 705 eadem
1293 678 1333 707 cst
1355 677 1466 715 editio,
1496 678 1616 717 gallicus
1642 683 1784 722 interpres

940 718 1047 749 dicitur
1061 718 1142 750 Guil.
1165 718 1295 761 Tardis,
1323 720 1417 752 letiior
1440 725 1516 761 regis
1538 723 1638 754 Caroli
1663 727 1741 756 VIII.
1756 735 1784 756 et

938 762 1037 792 editor
1061 761 1180 794 Antan.
1205 763 1341 796 Verus-d.
1362 768 1430 795 circ.
1453 777 1500 796 an.
1523 776 1605 802 1500.
1628 776 1656 798 et
1680 768 1786 800 Labbe

939 808 1060 837 Nouam
1082 805 1221 836 Biblioth.
1238 808 1315 838 MSS.
1337 808 1429 849 suppl.
1450 812 1500 840 lx.
1519 820 1547 850 p.
1571 820 1630 848 34¹-
1652 823 1680 842 n.
1702 814 1784 844 CCC.

981 849 1092 891 Aesopi
1110 849 1281 882 XXXIII.
1301 851 1459 889 Fabulae,
1491 853 1583 886 Valla
1605 856 1784 897 interprete.

937 891 1052 933 Aesopi
1065 894 1132 924 vita
1148 894 1180 923 in
1195 892 1435 927 Commentariis
1446 896 1578 929 vrbam's
1591 898 1632 930 ab
1642 898 1784 940 Raphae-

937 938 964 967 le
980 937 1193 969 Volaterrano
1215 937 1350 970 tradita.
1379 941 1467 971 Paris.
1492 950 1564 977 ¹52¹·
1589 952 1619 978 4.
1641 943 1718 985 apud
1740 945 1783 974 Si·

937 991 1057 1010 monem
1080 979 1263 1010 Colinaeum.

983 1023 1084 1054 Vallae
1099 1024 1193 1054 versio
1212 1023 1368 1066 aliquoties
1383 1028 1460 1066 typis
1475 1027 1578 1058 excusa
1593 1030 1633 1058 est
1647 1041 1704 1060 vna
1717 1041 1783 1061 cuin

938 1066 1003 1097 aliis
1018 1067 1115 1098 latinis
1132 1069 1435 1108 interpretationibus,
1459 1081 1530 1112 quas
1545 1073 1609 1112 post
1630 1083 1782 1104 enumera-

938 1113 1050 1141 tionem
1069 1111 1245 1148 editionum,
1269 1123 1343 1153 quae
1360 1120 1470 1143 textum
1481 1125 1617 1153 graecum
1632 1118 1782 1156 exhibent,

937 1166 1182 1191 commemorare,
1206 1155 1292 1186 satius
1315 1158 1381 1186 crit.

980 1198 1094 1239 Aesopi
1106 1199 1241 1231 Fabulae
1254 1199 1293 1230 ab
1309 1200 1478 1232 Onmibono
1500 1201 1670 1244 Leonicerfi
1692 1202 1782 1235 latine

939 1242 1107 1279 conuersae,
1131 1252 1158 1272 et
1174 1245 1275 1274 Ioanni
1302 1243 1469 1280 Francisco,
1500 1247 1627 1285 Principi
1649 1247 1782 1278 Mantua-

938 1297 989 1323 no,
1012 1297 1204 1327 nuncupatae,
1228 1298 1314 1317 nianu
1333 1297 1478 1324 exaratae,
1502 1291 1531 1318 in
1547 1289 1687 1328 Catalogo
1709 1291 1780 1322 bibl.

937 1341 997 1368 reg.
1015 1333 1104 1361 Paris.
1130 1339 1201 1361 tom.
1223 1334 1272 1361 lv.
1293 1343 1320 1361 n.
1341 1338 1408 1366 8510
1429 1340 1456 1361 et
1481 1339 1557 1371 8527.
1581 1342 1783 1365 memorantur

937 1374 1048 1404 ibidem
1064 1386 1091 1404 n.
1106 1381 1176 1411 85¹¹-
1187 1374 1291 1415 Aesopi
1307 1375 1442 1412 Fabulae,
1463 1387 1478 1405 a
1496 1377 1680 1415 Burgundiae
1696 1378 1781 1414 duce,

935 1418 1082 1449 Ludouici
1096 1421 1173 1449 XIV.
1190 1428 1306 1459 nepote,
1323 1418 1411 1449 latine
1423 1420 1593 1450 conuersae:
1617 1421 1689 1450 adde
1698 1421 1782 1461 supra

935 1462 1063 1492 indicem
1079 1464 1157 1493 MSS.
1172 1480 1215 1485 —
1240 1463 1404 1493 Omnilioni
1419 1462 1605 1506 Leonicensis
1627 1465 1720 1494 versio
1739 1465 1779 1494 la-

936 1508 997 1536 tina
1012 1506 1143 1536 seruatur
1157 1505 1350 1546 manuscripta
1363 1509 1394 1536 in
1409 1506 1586 1537 bibliotheca
1600 1507 1781 1550 Ambrosia-

937 1559 991 1586 na,
1015 1551 1084 1580 teste
1101 1549 1302 1580 Montfaucon.
1321 1549 1409 1580 Catal.
1432 1559 1503 1579 toni.
1521 1553 1542 1581 1.
1566 1561 1593 1591 p.
1609 1556 1674 1587 506.
1698 1560 1725 1582 et
1747 1554 1776 1582 in

938 1592 1120 1624 bibliotheca
1145 1595 1262 1626 l'eneta
1277 1595 1302 1623 S.
1319 1593 1471 1623 Michaelis
1489 1594 1552 1623 cod.
1568 1595 1690 1624 uieinb'r.
1706 1595 1777 1625 saec.

940 1639 1005 1668 XV.
1023 1649 1051 1666 n.
1068 1644 1133 1673 928.
1153 1646 1238 1678 atque
1253 1637 1429 1673 Minui-elli,
1453 1640 1504 1678 qui
1528 1637 1605 1667 illius
1630 1637 1701 1668 bibl.
1723 1641 1777 1669 Ca·

938 1680 1070 1720 talogum
1087 1681 1178 1711 edidit
1192 1691 1218 1721 p.
1236 1685 1304 1719 667.
1322 1683 1449 1721 primurn
1465 1680 1610 1722 exscripsit
1630 1684 1776 1720 integrum

938 1725 1103 1754 Omniboni
1117 1727 1317 1765 prooemium,
1341 1725 1411 1754 dum
1425 1735 1461 1754 ex
1475 1725 1633 1755 Leoniceni
1656 1726 1776 1766 epistola

938 1768 974 1798 ad
991 1768 1171 1799 Franciscuin
1194 1769 1354 1798 Barbarum
1377 1779 1402 1797 a.
1430 1778 1508 1803 1441.
1534 1769 1628 1808 pridie
1650 1769 1710 1799 Kal.
1727 1772 1775 1800 Se-

937 1813 1063 1852 ptembr.
1077 1812 1180 1852 scripta
1198 1815 1239 1842 (in
1255 1811 1436 1842 Colleeiionc
1458 1814 1633 1849 Quiriniana
1655 1823 1681 1853 p.
1698 1817 1775 1852 176‚)

937 1864 966 1885 et
987 1867 1021 1885 ex
1041 1867 1089 1892 eo,
1125 1856 1204 1897 quod
1227 1857 1370 1885 Antonius
1394 1855 1542 1884 Cei-danus
1563 1856 1726 1886 Cardinalis
1747 1859 1775 1888 S.

937 1899 1121 1937 Chrysogoni
1139 1911 1163 1928 a.
1181 1909 1266 1935 ¹449·
1283 1909 1299 1928 a
1315 1897 1442 1929 Nieolao
1464 1907 1574 1928 creatus
1595 1899 1652 1930 fuit
1675 1901 1776 1931 Cardi-

934 1942 1020 1978 nalis,
1044 1943 1201 1978 concludit,
1215 1943 1371 1972 Leoniceni
1385 1942 1546 1971 versionem
1559 1942 1614 1973 esse
1629 1946 1776 1985 antiquio-

935 1997 996 2016 rem
1016 1989 1165 2022 Rinuccii,
1189 1986 1255 2016 licet
1272 1987 1318 2015 hic
1335 1985 1371 2015 de
1386 1984 1434 2014 sua
1451 1985 1584 2016 versione
1598 1989 1638 2018 ita
1653 1990 1684 2017 in
1707 1998 1774 2028 pro-

934 2033 1033 2060 oemio
1055 2029 1210 2072 loquatur,
1242 2029 1362 2069 perinde
1384 2039 1416 2058 ac
1436 2028 1496 2069 ipse
1516 2031 1628 2070 primus
1650 2039 1775 2062 transtu-

935 2072 996 2104 liss‘e
1013 2073 1158 2103 videatur.
1209 2075 1293 2103 Turn
1309 2080 1452 2102 memorat
1474 2072 1544 2103 alias
1565 2075 1710 2105 versiones
1734 2075 1775 2106 la-

935 2119 1009 2147 tinas
1021 2118 1098 2147 MSS,
1117 2116 1239 2147 Aeneae
1254 2116 1364 2156 Syluii,
1380 2116 1530 2158 Gregorii
1545 2117 1700 2158 Cori-arii,
1724 2121 1774 2149 Pa-

935 2163 1008 2190 tritii
1018 2162 1135 2195 Veneti,
1149 2160 1179 2190 H
1182 2160 1311 2189 ermolas·
1319 2158 1472 2194 Barbari,
1489 2161 1551 2200 post
1559 2161 1687 2202 episcopi
1695 2164 1774 2193 Tar-

935 2205 1031 2239 vifini,
1055 2204 1123 2233 inde
1138 2203 1322 2238 Veronensis,
1338 2213 1362 2232 a.
1375 2213 1445 2238 ¹422
1455 2213 1507 2233 etc.
1523 2206 1656 2246 Denique
1665 2205 1774 2243 scribit,

935 2247 971 2276 de
987 2249 1143 2277 Leun2ccni
1158 2247 1302 2282 versione,
1326 2257 1485 2288 numquam
1503 2258 1576 2278 vero
1598 2251 1674 2289 typi·
1696 2249 1774 2286 data,

937 2290 1023 2320 ἀοὲὶε
1047 2289 1143 2320 differi
1165 2291 1194 2319 in
1216 2289 1394 2320 bibliotheca
1415 2292 1638 2322 MS.'Thomae
1660 2292 1776 2333 Iosephi

938 2333 1081 2369 Farscttii,
1106 2335 1219 2363 Patritii
1233 2336 1351 2369 Veneti,
1374 2333 1410 2364 ad
1427 2334 1491 2365 cod.
1512 2336 1601 2366 LXV.
1653 2338 1697 2367 De
1719 2335 1776 2367 alia

937 2376 1104 2407 fabularum
1123 2377 1255 2407 vernone
1277 2376 1366 2408 latina
1388 2385 1416 2408 et
1437 2378 1568 2409 editione
1588 2378 1656 2410 vide
1676 2388 1775 2411 notam

938 2421 974 2450 ad
989 2419 1013 2461 §.
1033 2422 1112 2450 vm.
1137 2420 1231 2452 Harl.

981 2466 1017 2499 ii>
1042 2463 1143 2495 Clarus
1155 2463 1214 2495 fuit
1229 2466 1305 2495 circa
1320 2466 1352 2496 A.
1371 2466 1404 2496 C.
1420 2474 1496 2502 1350.
1520 2466 1616 2503 Vide,
1639 2478 1715 2510 quae
1733 2470 1776 2497 in-

1733 2510 1778 2542 fra
