2183 2747
0 586 2 599 -v
0 447 7 571 ,Ἴψ-ψῂ-
0 413 4 429 ἡ

8 2033 10 2038 -
1 1858 14 2010 ‘ww—*⁴
1 1812 6 1831 ⁷·

0 2635 16 2747 :ww-⁷*-

113 113 179 143 v0l.
191 114 215 144 ῐ.
230 121 254 149 ρ.
266 114 400 148 534P³33

874 112 1124 150 LOCRENSIS

1424 126 1426 128 ·
1457 112 1594 148 Lile.
1612 125 1634 148 c.
1650 111 1758 149 XIV.
1827 128 1831 129 ⁷
1862 123 1882 155 7

112 213 214 250 Rich.
232 212 401 254 Bentleio‚
429 211 541 261 quiex
556 222 597 247 eo
614 206 685 260 ipso
700 209 800 253 loco,
829 220 860 247 et
877 211 948 247 aliis
969 211 1175 260 argumentis
1195 208 1305 259 (quod
1323 222 1353 245 v.
1369 221 1401 258 g.
1426 211 1581 244 meminit
1608 205 1719 258 κέσμες
1745 218 1777 244 et
1798 223 1884 259 74>oe-

113 260 267 314 γωῶἀς,
295 263 385 315 quod
402 277 473 300 non
489 260 606 313 scripta
625 263 669 299 est
685 262 828 300 dialecto
845 266 969 300 Dorica
988 263 1068 307 etc.)
1086 261 1269 305 contendit,
1297 263 1413 312 legum
1432 262 1564 297 Zaleuci
1582 259 1785 309 συναγωγὴν
1803 263 1884 297 θὶς»

114 309 202 354 doro
219 319 281 353 Sic.
313 318 468 360 Stobaeo‚
495 316 632 366 aliisque
650 317 770 353 lec-”tam
790 328 895 353 totam
912 315 974 353 esse
991 314 1194 366 suppositam
1219 315 1292 366 post
1309 326 1464 365 tempora
1487 315 1633 351 historici
1652 318 1809 358 Timaei,
1837 317 1883 350 in-

113 368 206 408 sertis
222 369 421 421 quibusdam
435 369 564 418 legibus
579 383 655 405 vere
671 372 832 419 antiquis,
860 370 917 417 [f]
947 368 1036 420 apud
1050 368 1318 405 Demosthenem
1339 379 1369 404 et
1385 368 1466 404 alios
1485 371 1553 404 eius
1578 372 1690 405 aetatis
1713 380 1882 404 memora-

113 426 166 462 tis.

233 544 241 556 Ι

155 575 188 609 8)
212 571 340 615 Copiosa
357 578 386 603 et
398 571 536 602 adcurata
551 571 635 601 Rich.
652 570 778 602 Bentleii
796 571 832 602 de
856 570 971 611 legibus

112 616 232 648 Zaleuci
248 618 409 659 disputatio
426 619 456 646 in
473 615 680 656 Reysvonfione,
703 626 764 657 qua
780 614 969 658 dissertatio-

112 661 285 704 nemsioeam
301 661 337 692 de
355 660 486 701 epistolis
503 659 688 690 Phalaridis
702 660 842 690 vinditat
864 669 885 691 a
906 669 972 691 cen-

104 703 187 746 sura
211 705 317 736 Caroli
334 704 447 745 &ayla
472 715 539 732 cum
563 705 640 733 notis
663 711 691 733 et
713 703 971 734 obseruationibus

111 751 251 780 virorum
281 747 398 788 aliquot
426 748 585 777 doetorum
614 746 714 777 recusa
741 747 840 779 Lond.
871 757 971 788 177?-

113 796 196 823 cuius
218 793 358 822 editionis
381 792 514 822 nondum
536 799 688 833 compotes
713 792 778 821 fieri
803 794 969 833 potuimus,

111 847 147 867 ex
178 839 281 867 Latina
309 837 444 867 verfione
473 838 516 866 10.
535 838 610 866 Dan.
631 846 648 865 a
671 837 790 877 Lennep
812 836 970 876 Groning.

109 890 208 921 1777.
234 890 267 921 4.
297 879 407 918 legitur
438 890 469 920 p.
494 885 689 920 135—199.
725 887 754 909 et
783 881 816 909 in
844 879 969 910 Bentleii

112 925 225 964 Opusc.
247 922 403 964 Plzilolog.
434 922 516 965 Lipsss
544 928 633 963 1781.
651 929 683 959 g.
714 933 743 963 p.
763 923 968 963 336—351.

109 970 166 1000 Sex
183 970 308 998 omnino
320 991 329 1004 ,
353 976 470 1009 praeter
484 969 609 997 Timaei
623 968 842 1004 auam-itatem,
865 978 897 997 ac
913 969 967 1002 Py-

109 1013 254 1051 thagorae
275 1011 458 1054 disciplinam
481 1011 606 1041 Zaleuco
629 1013 843 1048 recentiorem,
881 1012 967 1042 Bent-

109 1055 186 1087 leius
205 1059 299 1086 vtitur
314 1057 515 1094 argumentis,
540 1065 575 1085 ex
594 1055 661 1096 ipsis
675 1054 867 1094 fragmentis,
891 1065 967 1097 quae

109 1099 281 1142 supersunt,
305 1102 422 1142 petitis,
445 1108 477 1130 vt
499 1110 605 1141 corpus
633 1098 707 1129 illud
728 1098 827 1138 legum
849 1098 968 1130 Zaleuci

108 1143 291 1186 suppositum
315 1143 390 1180 etse,
418 1151 447 1174 et
471 1154 487 1173 a
507 1143 635 1186 sophista
656 1142 785 1184 quodam
807 1144 968 1173 conflatum

109 1188 233 1230 prebet:
261 1189 412 1229 primum,
437 1187 518 1228 quod
542 1187 644 1217 eadem
661 1187 836 1218 Charondae
859 1187 965 1217 adfieta

109 1231 248 1267 fuerunt,
285 1242 361 1272 quae
384 1230 526 1261 Zaleueo:
555 1230 662 1261 deinde
691 1242 707 1260 e
729 1232 827 1261 verbis
849 1233 964 1268 Atticis,

108 1277 219 1312 σαχὲῐοι
240 1272 376 1315 δραχμὴ
408 1277 510 1306 Locris
534 1274 614 1305 haud
635 1273 810 1306 intelleffis:
834 1286 928 1317 porro
948 1285 964 1304 e

107 1321 396 1349 commemoratione
416 1321 507 1361 panni
530 1318 655 1349 Milefii:
687 1326 751 1349 tum
775 1331 791 1349 e
811 1322 964 1349 mentione

105 1361 217 1399 κόσμει
251 1362 378 1404 amplius
407 1374 423 1392 e
450 1365 572 1393 nomine
598 1360 768 1404 τραγῳδίαιςε
799 1363 927 1405 denique
948 1374 964 1393 e

107 1407 235 1438 dialeem
266 1409 436 1444 communi,
475 1418 541 1437 cum
571 1406 711 1448 scriptum
741 1406 798 1438 effe
820 1406 965 1437 debuisset

107 1452 229 1483 Dorica.
275 1454 358 1488 Qlae
377 1451 501 1492 quidem
524 1451 560 1481 ad
580 1459 753 1490 argumenta
777 1451 839 1482 fere
863 1453 964 1482 onmia

106 1493 166 1526 late
187 1495 339 1536 respondit
360 1496 580 1526 Warburtonus
604 1495 633 1526 d.
651 1496 669 1527 l.
692 1506 723 1535 p.
740 1494 899 1537 165.seqq-
922 1495 963 1525 le-

105 1550 236 1581 gumque
253 1541 354 1569 Locris
371 1550 386 1568 a
401 1538 526 1569 Zaleueo
542 1539 717 1581 scriptarum
740 1539 923 1578 fragmenta,
946 1550 963 1569 a

107 1584 246 1614 Diodoro
262 1591 291 1613 et
308 1583 434 1613 Stobaeo
451 1581 563 1614 seruata
575 1606 583 1619 ,
607 1586 736 1622 genuina
759 1583 833 1621 esse,
857 1583 962 1613 aduer-

104 1627 152 1658 sus
179 1626 344 1658 Bentleium
374 1626 508 1657 adserere
546 1626 723 1658 elaborauit.
797 1629 859 1666 Ego
890 1638 964 1658 vero

106 1681 285 1714 quamquam
301 1682 361 1701 non
387 1673 429 1701 ita
448 1682 589 1710 arrogans
613 1670 696 1709 sum,
719 1679 753 1702 vt
767 1673 845 1702 inter
867 1679 963 1702 tantos

104 1717 207 1751 viros,
238 1715 413 1755 quibuscum
438 1726 534 1756 neque
563 1717 675 1754 ingenii
707 1715 866 1746 subtilitate
887 1716 962 1753 sum,

105 1768 202 1799 neque
218 1758 321 1787 iudicii
338 1760 490 1795 acumine,
514 1770 609 1800 neque
625 1759 778 1790 doetrinae
796 1763 881 1802 copia
899 1760 961 1791 vllo

105 1801 198 1831 modo
215 1801 440 1842 comparandus,
463 1813 510 1831 me
527 1803 671 1833 arbitrum
689 1803 788 1833 sedere
803 1803 884 1846 posse
901 1805 962 1834 exi-

105 1845 237 1877 stimem:
269 1844 399 1874 modeste
419 1853 516 1875 tamen
539 1845 652 1883 dicam,
676 1848 758 1888 quod
778 1848 888 1884 sentio,
912 1859 961 1878 ne-

106 1899 164 1931 que
187 1887 350 1918 Bentleium
363 1911 371 1924 ‚
395 1891 487 1918 nimia
508 1891 632 1920 Timaei
653 1893 838 1928 temeritate,
863 1903 898 1922 ex
915 1891 959 1922 di-

104 1932 189 1964 versa
205 1932 240 1962 de
254 1931 399 1962 natalibus
417 1931 533 1962 Zaleuci
551 1936 721 1964 narratione
739 1934 859 1965 fortasse
881 1943 959 1972 orta,

104 1976 234 2013 fretum,
257 1984 285 2006 et
298 1976 468 2017 disputandi
491 1975 588 2006 calore
609 1986 718 2007 metam
738 1979 958 2017 transgressum,

103 2028 151 2052 tot
164 2020 230 2051 aliis
245 2021 386 2062 probatae
401 2020 470 2050 fidei
486 2020 676 2061 scriptoribus
691 2021 889 2053 consentiente
904 2035 958 2054 vo-

103 2075 136 2095 ce
154 2064 399 2102 reclamantibus,
422 2065 526 2094 iustam
543 2063 715 2106 suspitionis
731 2066 863 2097 habuiffe
878 2067 957 2098 caus-

102 2108 180 2145 sam,
215 2108 330 2138 nullum
361 2119 501 2149 vmquam
530 2107 616 2138 fuiss'e
644 2108 822 2147 Zaleucum,
862 2122 958 2153 neque

101 2153 340 2184 warburtonum
356 2152 662 2190 argumentationibus
678 2153 802 2184 effecisse
824 2154 881 2184 suis
892 2178 901 2192 ‚
925 2163 958 2186 vt

104 2195 286 2236 fragmenta,
309 2207 385 2237 quae
401 2196 479 2237 apud
496 2196 664 2226 Diodorum
681 2205 710 2226 et
725 2199 883 2228 Stobaeum
906 2210 957 2229 ex-

103 2241 195 2276 stant,
219 2240 400 2270 indubitatae
418 2240 487 2269 fidei
504 2239 560 2269 esse
576 2242 821 2282 auc'loritatisque
841 2243 956 2273 censen-

103 2282 335 2314 davide-rentur.
381 2284 498 2321 Qubus
519 2291 616 2313 tamen
641 2285 720 2315 haud
743 2287 858 2315 infitior
872 2297 956 2316 veras

103 2325 219 2357 Zaleuci
234 2326 312 2366 leges
327 2327 433 2363 inesse,
457 2328 617 2369 praemissis
641 2329 700 2357 fine
725 2328 784 2358 vlla
804 2331 869 2359 veri
893 2329 956 2372 spe-

105 2371 148 2400 eie
167 2370 284 2401 serioris
306 2370 514 2413 philosophiae
537 2371 610 2401 locis
633 2373 858 2409 communibus,
888 2376 955 2415 qui-

104 2412 224 2444 busdam
239 2415 414 2445 Charondae
438 2415 636 2446 sanctionibus
659 2427 814 2458 perperam
839 2417 953 2448 admix-

102 2457 153 2496 «in,
172 2456 314 2501 loquendi
327 2458 466 2492 formulis
479 2462 654 2492 recentioris
668 2463 803 2500 originis,
826 2460 955 2505 aliaque,

221 422 308 460 Vide
324 422 526 472 Apologiam
543 421 776 472 dtffertationis
792 424 829 460 de
847 424 1042 460 Phalaridis
1058 421 1219 470 Epistolis
1227 436 1266 470 p.
1279 422 1453 471 343.seqq.
1465 419 1495 455 Β)
1553 420 1664 459 Aliam
1679 421 1813 460 Zaleuci
1837 420 1883 456 le-

1799 487 1879 524 gCU]

1021 582 1055 603 ac
1077 570 1199 615 scriptae
1221 570 1327 611 essent,
1359 571 1486 603 diale&o
1510 572 1546 603 ad
1568 573 1746 614 posteritatis
1767 582 1881 603 memo-

1023 619 1099 646 riam
1120 624 1305 658 propagatas.
1363 619 1429 648 1³0st
1450 618 1649 648 Warburtoni
1670 624 1771 647 contra
1793 618 1879 647 Bent-

1022 659 1115 690 leium
1135 661 1384 702 disputationem,
1407 661 1540 691 nonduin
1565 669 1682 697 tamen,
1707 670 1739 691 vt
1757 661 1881 703 suspica·

1024 706 1050 734 ri
1074 704 1159 741 licet,
1189 704 1313 742 lefiam,
1349 705 1478 747 quodam
1503 705 1596 736 modo
1619 707 1650 735 in
1672 706 1761 735 huius
1783 713 1880 748 partes

1024 749 1158 778 concesfit
1173 748 1380 788 Weffelingius
1395 749 1431 779 ad
1448 749 1583 781 Diodor.
1598 749 1668 781 Lib.
1684 749 1767 781 XII.
1789 759 1814 780 c.
1829 759 1880 780 21.

1024 795 1076 833 qui
1094 793 1230 835 deinceps
1252 793 1289 823 ad
1311 793 1463 825 Her-odet.
1481 792 1549 825 Lib.
1569 794 1628 825 [Ἰ.
1654 804 1678 825 c.
1694 804 1743 824 ει.
1767 794 1880 824 sentcn—

1023 838 1095 866 tiam
1114 836 1193 867 suam
1210 848 1244 867 ex
1260 846 1342 878 parte
1359 838 1547 874 ren-affluit,
1571 836 1727 879 legemque
1750 838 1880 869 vestibus

1023 890 1059 909 ex
1083 879 1148 910 lana
1170 881 1302 918 Milesia,
1326 882 1434 923 quibus
1457 882 1608 916 Sybaritae
1636 882 1671 912 ad
1686 885 1812 912 nimium
1831 892 1879 912 ae-

1022 925 1097 953 stum
1113 925 1310 963 mitigandum
1326 925 1504 962 vtebantur‚
1528 927 1655 956 honestis
1671 926 1750 968 apud
1767 928 1878 957 Locros

1022 968 1165 1009 maribus,
1189 980 1224 998 ne
1240 969 1343 999 molles
1363 970 1466 999 fierent
1489 977 1577 1011 atque
1590 969 1763 1007 effeminati,
1787 972 1879 1001 inter-

1022 1010 1186 1048 dicentem,
1211 1021 1310 1042 motus
1333 1013 1482 1043 Herodoti
1507 1014 1537 1044 d.
1557 1015 1574 1043 l.
1596 1015 1791 1051 alletoritate,
1823 1016 1876 1045 Za-

1021 1054 1107 1085 leuco
1130 1059 1307 1087 nominatim
1323 1057 1507 1094 vindicauit,
1529 1058 1737 1089 VVarburtono
1758 1057 1878 1100 insuper

1022 1098 1058 1129 de
1084 1102 1186 1130 ceteris
1208 1100 1244 1130 ad
1267 1109 1363 1142 partes
1385 1110 1502 1132 vocato.
1563 1103 1675 1132 Contra
1705 1113 1739 1132 ea
1765 1101 1877 1132 Gottfr.

1022 1143 1191 1174 Mascouius
1211 1144 1248 1174 ad
1272 1144 1456 1187 Pusendorf.
1476 1144 1543 1176 Lib.
1562 1145 1588 1178 I.
1612 1146 1649 1177 de
1665 1147 1733 1178 Iur-
1776 1147 1830 1177 Vnt.
1847 1150 1878 1177 et

1022 1188 1112 1218 Gent.
1129 1197 1151 1218 c.
1169 1188 1196 1219 6.
1213 1188 1247 1230 st.
1266 1199 1298 1228 4.
1318 1193 1378 1220 not.
1394 1194 1425 1225 8.
1442 1189 1477 1218 de
1496 1191 1634 1220 erunibus
1650 1193 1787 1227 omnino,
1802 1200 1878 1231 quae

1018 1230 1145 1261 Zaleuco
1169 1233 1359 1268 tribuuntur,
1398 1232 1510 1272 'iegibus
1532 1234 1666 1264 Bentleio
1690 1233 1876 1273 suffragatur.

1017 1277 1080 1306 Iam
1109 1278 1245 1311 Heynius
1276 1276 1378 1318 Legg.
1409 1277 1519 1309 Locris
1551 1287 1570 1308 a
1599 1278 1740 1309 Zaleuco
1764 1276 1877 1319 scripit.

1008 1318 1136 1361 fragm.
1153 1319 1244 1362 Disp.
1262 1321 1310 1353 II.
1326 1331 1359 1361 p.
1377 1321 1415 1353 V.
1419 1320 1483 1363 seq.
1499 1322 1645 1363 quidquid
1661 1323 1749 1352 huius
1768 1323 1808 1352 est
1826 1321 1875 1352 lit-

1016 1366 1143 1394 terariae
1163 1366 1380 1401 contentionis,
1410 1368 1540 1407 primum
1570 1368 1671 1408 paucis
1701 1364 1874 1408 complexus

1019 1408 1080 1447 est,
1102 1419 1178 1449 quae
1194 1410 1241 1440 hic
1257 1409 1407 1451 adponere
1427 1412 1529 1447 iuuat,
1554 1410 1725 1452 praesertim
1751 1421 1815 1440 eum
1842 1411 1874 1440 in

1019 1454 1145 1494 repetita
1172 1453 1304 1484 editione
1333 1453 1439 1484 frustra
1463 1463 1653 1495 quaerantur.
1710 1454 1814 1496 Potest
1833 1453 1874 1485 ab

1019 1497 1143 1537 aliquo,
1169 1499 1283 1539 inquit,
1307 1499 1360 1540 qui
1377 1499 1481 1539 paullo
1502 1497 1653 1541 difficilior
1668 1499 1698 1529 in
1716 1497 1763 1529 his
1781 1497 1876 1529 rebus

1009 1540 1072 1582 fit,
1098 1539 1177 1572 reffe
1191 1542 1223 1573 in
1240 1541 1466 1573 dubitationem
1483 1543 1612 1579 vocari,
1636 1553 1709 1572 num
1733 1543 1815 1582 lrges
1837 1542 1874 1572 il-

1016 1584 1076 1622 lae,
1100 1594 1180 1626 quas
1187 1584 1290 1628 supra
1304 1596 1319 1616 e
1333 1586 1478 1617 Diodoro
1495 1591 1523 1618 et
1539 1587 1658 1617 somine
1676 1585 1812 1628 Stobcnfi
1827 1590 1875 1616 ar-

1016 1629 1164 1665 tufimus,
1189 1629 1230 1660 ab
1252 1629 1314 1673 ipso
1334 1631 1475 1662 Zaleuco
1495 1629 1671 1671 proscffar,
1700 1640 1754 1660 mc
1770 1631 1877 1670 poiz'us

1006 1671 1070 1712 sub
1086 1673 1151 1703 eius
1167 1675 1299 1711 nomine,
1322 1679 1356 1705 vt
1371 1675 1508 1715 grauior
1525 1672 1592 1717 tffet
1609 1674 1795 1709 auam-itas,
1808 1675 1875 1715 siut

1015 1716 1207 1749 venditatae.
1252 1719 1299 1750 Et
1304 1717 1374 1760 fuit
1381 1721 1461 1758 sane
1476 1719 1651 1753 Bendeius,
1675 1719 1729 1759 qui
1740 1718 1875 1760 seriori-

1016 1758 1072 1791 bus
1086 1761 1278 1802 temporibus
1299 1763 1374 1794 illud
1394 1763 1497 1803 lfgum
1514 1762 1654 1794 Zaleuco
1677 1763 1873 1793 tributarum

1015 1805 1167 1848 digestum
1183 1808 1399 1837 concinnatum
1417 1804 1468 1849 rffe
1489 1805 1628 1848 censeret.
1675 1806 1763 1838 Haste
1785 1816 1872 1842 vero,

1004 1847 1035 1891 st
1059 1849 1096 1880 de
1117 1850 1222 1881 verbis
1245 1851 1420 1893 quaeritur.
1471 1849 1568 1892 Ficiffit
1594 1851 1673 1881 enim
1707 1851 1870 1891 antiquum

1014 1893 1146 1934 aliquem
1161 1893 1351 1936 scriptorem
1371 1893 1536 1936 probabile
1552 1895 1590 1937 est
1602 1917 1611 1931 ,
1634 1893 1765 1936 quisui5
1781 1894 1872 1936 lusto-

1012 1937 1072 1968 riis
1086 1937 1170 1979 leges
1185 1948 1238 1969 eas
1245 1938 1313 1980 suis
1328 1938 1431 1969 verbis
1445 1939 1637 1975 enumerat,
1655 1948 1670 1969 e
1686 1948 1744 1980 quo
1762 1943 1790 1969 et
1804 1938 1875 1969 Sto·

1013 1980 1109 2022 benfis
1124 1986 1152 2013 et
1161 1981 1322 2013 Diodorus
1330 1981 1393 2023 sua
1408 1984 1568 2022 repetiere,
1582 1982 1630 2014 ille
1646 1983 1768 2023 quidem
1780 1982 1874 2023 paul-

1011 2025 1040 2055 lo
1055 2027 1244 2057 accuratim.
1290 2029 1434 2068 Deinceps
1454 2034 1570 2063 autem‚
1595 2028 1801 2069 quinquennio
1823 2029 1870 2057 in·

1011 2070 1154 2106 teriee‘to,
1178 2070 1216 2102 de
1235 2070 1376 2110 Sybari&
1398 2079 1435 2101 ac
1460 2069 1606 2102 Thurior.
1623 2071 1699 2111 Rep.
1724 2075 1754 2102 et
1767 2071 1869 2112 Legg.

1010 2112 1089 2143 Seff.
1103 2114 1171 2145 III.
1188 2124 1217 2152 p.
1229 2113 1378 2155 HLJ‘eqq.
1401 2113 1502 2144 locum
1519 2115 1596 2144 hunc
1614 2114 1764 2145 difficilem
1781 2123 1809 2145 et
1826 2114 1869 2144 sa-

1009 2154 1158 2187 lebrosum
1173 2158 1294 2187 vberius
1309 2159 1463 2194 uastauit,
1486 2165 1516 2188 et
1537 2160 1657 2200 potiora
1672 2158 1797 2189 Bentleii
1821 2170 1867 2189 ar-

1009 2210 1148 2238 gumenta
1164 2201 1350 2242 persecutus,
1373 2203 1474 2232 omnia
1497 2205 1574 2232 enim
1600 2211 1736 2233 excutere
1756 2202 1867 2239 noluit,

1008 2243 1106 2281 legum
1123 2256 1188 2274 cum
1205 2247 1362 2286 prooemio
1374 2268 1383 2281 ‚
1410 2256 1485 2287 quae
1499 2257 1515 2275 a
1532 2247 1669 2277 Diodoro
1695 2256 1723 2277 et
1737 2247 1866 2278 Stobaeo

1009 2287 1062 2317 sub
1077 2287 1194 2318 Zaleuci
1218 2291 1338 2318 nomine
1362 2292 1392 2319 in
1412 2290 1544 2320 medium
1566 2290 1632 2321 sunt
1651 2290 1803 2333 prolatae,
1827 2301 1865 2320 ne

1008 2330 1137 2373 ipsarum
1164 2333 1323 2363 austoritas
1341 2333 1465 2363 infra&a
1488 2336 1584 2364 iacere
1598 2335 1769 2372 videretur,
1795 2346 1866 2365 eon-²

1008 2383 1052 2405 tra
1071 2385 1190 2405 omnem
1206 2375 1314 2406 subditi
1329 2388 1345 2406 a
1363 2380 1527 2408 recentiore
1552 2378 1680 2421 sophista
1702 2379 1799 2410 foetus
1817 2379 1862 2409 su-

1006 2418 1167 2460 spicionem
1179 2443 1188 2456 ,
1212 2420 1248 2450 ab
1263 2419 1356 2459 Anglo
1373 2430 1502 2458 motam,
1525 2423 1669 2453 vindicias
1687 2426 1755 2462 egit.
1787 2426 1861 2461 Qxi-

1005 2463 1060 2494 bus
1076 2463 1196 2506 quidem
1212 2466 1326 2497 intento
1342 2465 1438 2497 studio
1456 2469 1599 2499 acerrime
1612 2466 1767 2510 perstetis,
1792 2479 1861 2509 pro-

1700 2512 1861 2555 positisque
