2071 2747
0 94 31 150 2¹·
41 94 124 131 ⁵706
131 94 154 129 t
163 97 218 128 τον

470 94 748 131 εοΜοεῡιΑΕ
782 93 906 144 Qut
939 91 1137 129 ExTANT

1220 91 1292 127 Lib.
1306 92 1353 127 Il.
1369 104 1391 127 c.
1408 91 1515 126 XXI.
1623 95 1681 132 25³

40 201 72 228 et
92 191 204 228 Nubes
228 189 453 242 Aristophanis
475 204 554 227 cum
577 192 718 228 Scholiis
743 189 871 227 ineditis
892 186 987 225 fuisse
1007 191 1041 224 in
1061 189 1215 225 Bibliotli.
1241 190 1358 224 Renati
1384 189 1525 224 More-au
1554 186 1682 223 testatur

27 233 187 280 'Labbeiu
201 245 352 280 Biblioth.
366 257 444 280 nou.
457 245 557 280 MSS.
577 257 652 294 pag.
670 257 734 288 2¹3·

0 313 107 354 ΝΕΦ
117 308 183 352 E'A
193 318 221 351 A
232 318 257 351 1.

313 312 423 347 Nubes
440 309 484 355 ¹),
513 312 631 362 quibus
652 312 842 350 Socratem,
869 312 1082 346 comicorum
1108 320 1353 346 contemtorem
1367 333 1376 347 ,
1411 308 1596 359 perstrinxit
1617 310 1683 345 Co-

38 367 170 408 micus,
195 365 235 400 ab
252 366 366 410 Anyto
381 363 422 398 ⁸)
437 374 470 400 et
483 364 604 402 Melito
619 363 659 399 ad
674 365 740 399 hoc
756 363 934 409 instigatus.
987 363 1135 398 Socrates
1151 362 1286 412 quidem
1304 360 1421 404 scic-ns,
1448 359 1479 396 se
1501 362 1683 412 petendum

39 415 158 453 salibus
179 428 212 453 et
236 414 491 461 scommatibus,
516 430 586 453 non
610 415 716 452 modo
738 414 902 458 interfuit,
930 412 981 450 sed
1002 425 1052 456 et,
1078 429 1146 465 quo
1168 416 1208 450 ab
1231 415 1386 451 omnibus
1408 413 1591 458 videretur,
1619 412 1684 450 sut·-

40 473 135 506 rexit.
189 467 339 513 Confer,
366 469 390 505 si
408 471 517 513 lubet,
543 483 628 520 quae
646 471 705 505 viri
721 468 809 505 doeli
833 466 871 504 ad
887 468 1016 503 Aelian.
1032 468 1071 504 Π.
1088 479 1129 511 ¹3·
1145 471 1222 503 Var.
1252 468 1343 504 Plato
1368 468 1433 502 hoc
1457 465 1571 502 drama
1598 467 1683 503 mitit

37 521 80 558 ad
99 515 302 567 Dionjsium
318 523 446 559 Siciliae
461 534 662 569 tyrannum,
691 532 723 558 et
747 535 784 557 ex
808 522 874 555 hoc
903 519 960 567 [if]
988 520 1123 569 aliisque
1147 521 1372 570 Aristophanis
1395 519 1578 555 comoediis
1600 519 1684 556 iussit

41 576 165 626 Remp.
181 574 428 612 Atheniensium
452 573 596 618 discere,
622 585 656 611 vt
678 572 778 610 refert
802 574 917 609 auctor
940 584 1076 620 graecus
1100 575 1193 609 vitae.
1247 572 1394 610 Mirifice
1419 572 1549 623 populo
1574 574 1683 609 Nubes

896 627 921 661 Z
932 639 949 660 z
977 638 996 661 a
1551 627 1686 662 Comici

0 736 8 767 D
34 731 120 763 Vnde
147 733 334 765 comoediam
361 735 435 765 hane
461 731 671 766 nebulonicam
699 739 787 763 vocat
838 731 940 770 tioque
962 727 1045 759 fnisse
1067 730 1102 760 ab
1124 732 1220 765 Anyto
1240 737 1268 760 et
1289 729 1412 767 Melito,
1442 732 1546 773 (quem
1569 739 1686 774 praeter

0 785 39 807 ies
53 776 90 807 ad
106 777 273 822 Augustini
288 778 340 808 lib.
358 781 393 809 11.
409 779 445 808 de
459 780 492 809 C.
508 780 543 809 D.
560 788 622 819 cap.
639 787 667 813 9.
683 785 744 806 not.
762 787 786 806 c.

0 824 49 858 67.
74 820 248 853 Heumann.
307 821 419 853 Multus
443 823 483 852 est
503 822 539 851 de
563 822 616 851 hac
633 820 787 850 comoedia

0 861 108 904 lufepie'
129 867 158 895 in
181 865 330 908 Supplcm.
353 866 389 896 ad
411 864 497 897 Bailii
513 867 583 896 Lex.
597 866 660 894 crit.
678 872 750 894 tom.
766 866 787 894 1.

0 928 7 936 ·
22 911 80 943 465
97 907 156 950 sqq.
182 909 277 941 Harl.

0 990 32 1030 ιι)
45 993 143 1030 Negat
158 992 215 1023 hoc
224 992 320 1024 Laur.
330 991 533 1034 [ingewaldus
542 991 702 1033 Elingi'us,
711 989 790 1021 Prof.

0 1033 116 1066 ineufi·
131 1038 161 1067 in
177 1037 250 1067 Hist.
266 1047 386 1071 *graecae
401 1035 518 1075 linguae
533 1047 561 1078 p.
578 1045 624 1070 1²3
639 1035 680 1076 sq.
703 1043 731 1065 ct
746 1034 791 1064 so-

0 1079 78 1109 nibus
107 1079 357 1122 Philosophorum
385 1087 414 1110 et
443 1082 636 1110 Comicorum
669 1078 790 1108 dissidiis

0 1132 15 1152 e
33 1125 137 1159 vnicc,
167 1131 270 1165 putat,
300 1123 356 1154 ess'e
377 1122 552 1160 tribuenda,
589 1132 791 1165 quaecumque

0 1165 81 1196 »ersus
109 1168 258 1197 Socratem
285 1168 490 1209 Aristophane·
517 1166 637 1197 effutiit.
666 1166 792 1197 Γαίῃ-η’.

0 1211 94 1240 cicius
109 1212 142 1240 in
159 1213 236 1241 notis
250 1213 346 1242 msstis
362 1210 423 1253 ipse
440 1213 640 1241 narrationem
655 1208 736 1239 illam
753 1209 789 1238 de

0 1261 43 1287 rto
61 1262 90 1284 et
104 1253 210 1284 Melito
223 1253 331 1284 fabulis
344 1253 545 1285 adnumerasse
558 1254 685 1284 videtur.
716 1254 789 1284 Scri-

0 1299 109 1327 :enim:
131 1299 281 1331 „Socratis
303 1298 397 1328 simias
420 1306 449 1328 et
470 1298 608 1336 indignos
624 1296 793 1332 sectatores,

0 1340 175 1372 isoes-atem
197 1343 322 1383 petitum
344 1342 381 1372 ab
397 1343 606 1383 Aristophane,
633 1339 716 1376 sunt,
740 1341 792 1381 qui

0 1384 138 1415 tendant:
155 1384 204 1415 sed
219 1387 249 1416 in
265 1388 447 1416 contrarium
460 1385 541 1421 vide,
555 1394 630 1426 quae
644 1383 792 1426 disputan-

0 1428 63 1458 *nb
91 1429 212 1459 auctore
239 1429 428 1471 epistolarum
457 1428 599 1459 seriarum
626 1427 794 1458 iocosarum

0 1480 22 1503 Ι.
37 1473 102 1502 1111.
123 1483 152 1514 p.
171 1481 230 1508 251.
282 1473 394 1503 ibidem
417 1473 557 1509 docetur,
594 1472 794 1513 Aristophani,

0 1510 44 1546 liti
59 1517 199 1552 inimico,
222 1527 281 1546 non
305 1515 383 1558 posse
406 1518 548 1558 imputari
569 1526 670 1545 necem
693 1516 793 1546 Socra·

3 1559 72 1600 'post
85 1561 150 1590 XV.
172 1559 291 1590 demum
313 1571 404 1590 annos
428 1560 492 1590 iuffi
513 1562 601 1589 mori.
647 1560 733 1589 Certe
751 1557 793 1588 fa-

0 1596 21 1636 h
31 1601 82 1632 ill·
97 1605 180 1633 annis
197 1605 313 1633 circiter
327 1605 391 1634 XX.
415 1605 522 1642 [imino
537 1613 610 1633 vero
631 1602 793 1644 pluribus,]

0 1648 105 1690 pettit
125 1647 250 1677 Socratis
270 1647 506 1677 damnationem:
528 1645 630 1676 confer
646 1645 796 1678 Palmerii

46 1690 118 1720 'tatt.
140 1701 169 1732 p.
185 1696 250 1726 485.
271 1699 300 1720 et
324 1700 383 1728 729
399 1690 439 1732 sq.
483 1690 570 1722 Sam.
587 1690 679 1721 Petit.
705 1688 755 1718 lib.
773 1690 794 1718 1.

0 1694 73 1771 zl-
87 1743 148 1775 cap.
166 1737 220 1764 6.“
256 1749 299 1756 -
338 1733 489 1764 Pasmerii
510 1733 794 1764 animaduersionem

0 1772 70 1817 μα
82 1779 248 1818 meritoque
268 1777 475 1819 comprobauit
488 1777 606 1820 Ktister.
621 1780 651 1808 in
666 1778 743 1807 notis
760 1775 796 1805 ad

0 1825 32 1858 β
46 1819 175 1850 fabulam
198 1831 263 1862 pag.
281 1830 326 1856 50.
361 1820 436 1850 adde
452 1820 585 1852 Brunck.
601 1829 738 1850 notat-um
760 1818 796 1849 ad

0 1860 152 1905 >⁶“phanis
185 1864 287 1896 Nubes
311 1866 429 1894 initium
454 1875 482 1906 p.
500 1868 534 1900 65
552 1864 611 1905 sqq.
635 1865 704 1905 (qui
723 1864 795 1893 hanc

101 1908 247 1948 Aristoph.
268 1907 491 1938 comoediarum
513 1909 719 1938 nobilzssimam
741 1905 797 1936 esse

62 1951 341 1987 artificiofiffimam,
365 1961 542 1993 poetamque
565 1954 594 1981 in
616 1951 796 1981 inueniendo

49 2002 222 2033 argumento
237 2002 265 2024 et
278 1993 466 2036 disponendis
483 1995 613 2037 partibus
629 1997 691 2024 vim
707 1996 798 2024 comi-

19 2036 194 2075 jftseruisse
216 2037 441 2075 admirabilem,
470 2040 535 2068 iure
557 2038 676 2074 censet,)
707 2046 736 2068 et
763 2037 798 2067 cl.

113 2082 144 2112 in
163 2083 200 2112 11.
216 2090 415 2112 commentatt.
432 2081 507 2114 iiber
528 2081 585 2113 den
609 2081 730 2123 Procrss
748 2081 801 2112 des

111 2146 122 2162 ‚
142 2126 188 2155 in:
211 2124 382 2155 Bibliothek
399 2125 452 2155 dcr
465 2124 542 2156 alten
559 2128 719 2156 Litteratur
741 2124 802 2154 und

59 2187 71 2203 ,
90 2175 163 2209 pan.
177 2171 199 2199 1.
213 2178 242 2199 et
259 2171 295 2199 11.
319 2170 495 2207 Gottingae,
519 2173 600 2207 1786.
633 2171 730 2210 Atque
747 2179 802 2207 ego

103 2221 139 2242 ot
152 2213 418 2253 programmatibus
433 2224 480 2243 an.
497 2219 566 2250 1787
581 2212 620 2254 sq.
637 2211 716 2242 illius
730 2220 802 2242 tem-

39 2252 210 2285 ‘historiam
232 2255 354 2297 exposui
374 2255 533 2297 multisque
555 2259 734 2294 argumentis
759 2257 803 2285 hi-

29 2294 38 2303 ’
55 2296 64 2304 “
99 2304 184 2339 atque
206 2302 362 2337 exegeticis
385 2300 502 2330 euicisse
526 2300 672 2335 arbitror,
696 2300 804 2330 Aristo-

113 2351 165 2382 ρετ
183 2342 259 2372 hanc
280 2342 410 2372 fabulam
433 2354 469 2373 ne
500 2342 718 2373 remotiffimam
739 2345 804 2384 qui-

47 2379 128 2415 fiiss'e
142 2385 263 2416 caussam
279 2385 414 2427 supplicii
434 2386 469 2416 de
485 2389 612 2422 Socrate,
629 2386 728 2416 multis
744 2389 806 2428 post

21 2425 60 2461 ἀς
74 2424 143 2456 dias
157 2428 197 2458 ob
215 2428 384 2466 calumnias,
398 2429 496 2467 sumti,
518 2441 570 2460 nec
589 2431 723 2472 precibus
742 2441 806 2472 pre-

840 784 873 803 ea
896 775 1025 804 Socrates
1048 774 1142 803 multo
1164 775 1227 816 post
1252 775 1345 805 actam
1367 776 1439 805 hanc
1462 775 1590 806 fabulam
1607 777 1686 818 apud

842 817 1002 848 Platone-1:
1020 819 1047 846 in
1059 819 1272 859 Euthypbrone
1287 829 1314 859 p.
1326 829 1355 854 4.
1371 818 1440 848 edit.
1455 821 1572 860 Bipont.
1590 831 1685 850 nomi-

842 870 890 890 nat
906 863 955 888 »1¹22
973 859 1064 898 ἕπῃ)
1082 861 1253 895 adductum,
1275 861 1311 891 ad
1333 861 1543 904 philosophum
1558 865 1588 893 in
1604 862 1687 893 scena

843 904 1036 942 sugillandum
1052 915 1194 946 reumque
1211 906 1365 935 maiestatis
1381 905 1564 940 faciendum;
1587 917 1603 936 e
1618 918 1686 937 con-

842 951 935 978 trario
954 947 1033 977 aliud
1059 948 1142 978 fuisse
1158 949 1357 990 Aristophanis
1379 949 1541 980 confilium.
1586 951 1688 982 Nimi-

842 1003 908 1022 rum
925 1000 1064 1033 perpetua
1079 999 1139 1022 erat
1154 1001 1216 1022 tum
1232 994 1373 1033 temporis
1390 992 1635 1034 philosophorum
1661 1002 1689 1025 et

842 1038 1021 1074 tragicorum
1046 1047 1111 1065 cum
1134 1038 1252 1065 comicis
1276 1039 1424 1066 contentio
1452 1046 1612 1078 mutuaque
1636 1039 1688 1068 ob-

843 1081 989 1110 trectatio.
1014 1081 1174 1121 Sophistae,
1200 1090 1329 1120 quorum
1349 1079 1500 1121 disciplina
1518 1081 1688 1123 artibusque

844 1125 974 1153 Socrates
1004 1122 1168 1152 adolescens
1200 1123 1294 1153 fuerat
1325 1124 1472 1160 imbutus,
1510 1135 1688 1166 quamquam

844 1166 975 1196 adultior
992 1166 1109 1196 illorum
1126 1167 1213 1196 hostis
1228 1168 1315 1196 euasit
1330 1169 1498 1202 acerrimus,
1523 1179 1618 1197 mores
1636 1180 1688 1210 po-

842 1210 992 1252 pularium
1016 1218 1044 1240 et
1067 1213 1215 1240 ciuitatem
1238 1220 1445 1252 corruperant3
1476 1211 1534 1252 ipse
1559 1214 1688 1243 Socrates

845 1262 907 1284 erat
923 1254 1075 1295 Euripidi,
1097 1254 1133 1283 ab
1151 1255 1341 1295 Aristophane
1365 1253 1476 1295 saepius
1497 1257 1527 1285 in
1545 1255 1624 1285 scena
1639 1267 1688 1286 ex-

845 1300 974 1336 agitato,
1007 1300 1116 1328 amicus
1139 1307 1167 1327 ct
1189 1300 1371 1328 comicorum
1393 1297 1470 1328 osor.
1538 1302 1576 1329 Vt
1597 1301 1689 1338 igitur

846 1352 912 1371 cum
931 1343 1097 1378 Socratem,
1120 1350 1182 1371 turn
1204 1344 1233 1370 in
1255 1344 1358 1383 primis
1374 1342 1538 1383 Sophissas,
1560 1353 1689 1384 quorum

845 1387 870 1415 is
886 1385 1039 1427 personam
1063 1385 1099 1415 ad
1116 1387 1275 1421 mitatem,
1302 1395 1389 1426 quam
1405 1395 1528 1422 vocant,
1549 1386 1690 1428 personae

847 1429 1056 1464 obtinendam,
1080 1428 1236 1458 commode
1258 1428 1394 1459 sustinere
1415 1431 1529 1471 potuit,
1555 1429 1625 1460 risui
1646 1431 1689 1461 lu-

846 1472 1005 1513 dibrioque
1033 1471 1228 1513 spe-&aterum
1258 1481 1419 1513 exponeret
1447 1475 1477 1502 in
1505 1474 1639 1510 theatro,
1663 1483 1691 1505 et

846 1527 899 1557 per
928 1517 1002 1545 hanc
1029 1516 1209 1546 occafionem
1245 1515 1336 1545 multa
1377 1515 1504 1546 aliorum
1537 1518 1691 1548 hominum

846 1560 993 1600 ipsiusque
1009 1561 1075 1589 aeui
1091 1559 1132 1589 sui
1149 1568 1176 1589 ct
1191 1561 1317 1589 ciuitatis
1339 1568 1454 1600 peccata
1477 1559 1610 1601 malaque
1632 1562 1691 1592 eul-

846 1610 947 1644 paret,
970 1605 1118 1633 Socratem
1135 1602 1203 1633 fecit
1219 1605 1249 1632 in
1265 1602 1313 1632 illa
1329 1602 1426 1632 fabula
1449 1606 1611 1645 principem
1627 1616 1692 1646 pcr-

849 1645 968 1682 sonam,
997 1649 1027 1676 in
1049 1657 1174 1687 eumque
1195 1648 1294 1676 omnia
1314 1646 1456 1682 contulit,
1487 1658 1560 1688 quae
1589 1650 1618 1677 in
1643 1651 1693 1680 So.

848 1691 968 1731 phistis,
990 1690 1026 1720 ad
1043 1701 1118 1731 quos
1134 1689 1224 1720 multa
1240 1700 1359 1731 quoque
1375 1690 1513 1731 spectant,
1537 1701 1612 1732 quae
1629 1695 1692 1723 vni-

849 1744 881 1763 ce
897 1734 931 1763 de
948 1732 1070 1764 illorum
1084 1734 1195 1763 artibus
1213 1742 1240 1763 et
1258 1732 1426 1774 disciplina,
1451 1736 1573 1764 minime
1590 1734 1625 1765 de
1643 1739 1693 1767 So-

849 1780 935 1807 cratis
949 1777 1082 1807 do&rina
1099 1786 1184 1818 atque
1200 1777 1389 1818 opinionibus
1406 1777 1461 1807 dici
1478 1778 1599 1819 poffint‚
1623 1781 1694 1810 ridi-

850 1821 914 1850 cula
932 1821 1184 1862 improbandaquc
1202 1820 1380 1859 viderentur.
1419 1821 1547 1851 Multum
1563 1821 1695 1854 colorcui

849 1865 885 1893 ad
907 1867 997 1894 animi
1029 1863 1250 1894 dele-Stationem
1274 1863 1422 1904 risumque
1452 1866 1587 1895 ciendum
1610 1866 1694 1898 fuiss‘e

849 1908 996 1943 adfurum,
1021 1918 1108 1937 nemo
1125 1908 1250 1945 negabit.
1297 1909 1374 1936 Haec
1391 1916 1418 1937 ct
1431 1907 1522 1938 inulta
1537 1909 1604 1946 alia,
1619 1922 1695 1952 quae

851 1952 886 1981 ad
909 1952 1060 1981 historiam
1084 1953 1226 1986 Socratis,
1247 1951 1447 1991 sophistarum
1469 1951 1605 1995 illiusque
1629 1958 1696 1985 aeui

851 2004 880 2024 et
894 1995 931 2024 ad
948 1994 1112 2032 legitimum
1127 1994 1163 2024 de
1178 1995 1230 2024 hac
1245 1993 1342 2023 sabula
1366 1997 1486 2036 eit-<que
1509 2007 1696 2036 argumento,

852 2048 880 2068 et
896 2049 949 2068 cur
965 2039 1164 2079 Aristophanis
1180 2040 1292 2079 priores
1308 2039 1411 2068 Nubes
1432 2039 1562 2070 iudicum
1586 2041 1695 2072 senten-

852 2085 894 2112 tia
910 2081 1011 2111 alienis
1029 2081 1138 2111 fuerint
1159 2082 1350 2122 postpositae,
1375 2082 1516 2113 indicium
1542 2083 1697 2115 ferendum

854 2126 1066 2160 conducerent,
1088 2128 1118 2155 in
1138 2124 1193 2154 illis
1216 2124 1432 2165 prolufionibus
1455 2127 1627 2158 academicis
1651 2129 1697 2159 fu—

855 2171 910 2199 fius
930 2168 1067 2210 explicui.
1122 2170 1228 2209 Neque
1254 2170 1344 2206 igitur
1374 2171 1544 2200 inimicitiae
1574 2172 1698 2214 odiique

855 2213 948 2242 causs'a
970 2213 1177 2252 Aristophanes
1199 2213 1271 2240 hanc
1294 2211 1361 2242 fecit
1385 2214 1588 2251 comoediam,
1623 2217 1697 2250 (vid.

856 2255 950 2287 Schol.
974 2256 1009 2284 ad
1032 2255 1112 2286 Nub.
1130 2258 1192 2291 96.)
1218 2266 1311 2296 neque
1332 2255 1381 2285 illa
1396 2257 1525 2288 Socrates
1542 2261 1569 2288 in
1584 2262 1698 2301 pericu-

856 2299 917 2329 lum
947 2300 1048 2329 iudicii
1077 2302 1214 2340 vitaeque
1245 2302 1335 2329 venit.
1371 2301 1445 2330 adde
1463 2302 1644 2343 Goldhagen
1669 2307 1703 2337 in,

857 2342 1020 2384 prolegom.
1035 2342 1071 2371 ad
1089 2344 1250 2372 versionem
1271 2343 1358 2372 huius
1378 2345 1549 2375 comoediae
1570 2357 1699 2385 german.

860 2386 919 2415 vol.
938 2389 986 2416 111.
1004 2397 1031 2426 p.
1049 2395 1087 2422 77
1105 2385 1163 2427 sqq.
1180 2388 1209 2415 in
1225 2385 1520 2420 illius;,Griechische
1536 2390 1594 2419 und
1610 2394 1699 2420 romi·

859 2429 924 2460 sehe
939 2428 1126 2468 Anthologie.
1150 2429 1367 2469 Brandeaburg.
1393 2435 1472 2469 1768.
1495 2437 1522 2468 8.
1548 2433 1638 2464 Harl.
