2183 2747
2 171 275 208 V⁰¹-¹·v20⁴?⁸05
443 171 559 209 LIBRI
585 174 640 209 111.
687 171 960 209 SIBYLLINOR.
1120 172 1191 208 Lib.
1210 173 1234 208 I.
1265 184 1288 207 c.
1310 172 1480 208 XXXII.
1681 178 1753 221 2⁷63

8 269 60 305 vel
75 283 143 306 non
157 279 306 306 cui-entes
320 265 372 307 Es.
390 271 502 305 LXIII.
525 270 571 304 16.
589 271 664 318 Pag.
682 280 742 304 211.
760 264 846 318 sequ.
864 279 895 304 et
911 268 986 304 alibi
1003 267 1122 304 statum
1138 269 1315 305 beatorum
1336 271 1378 304 ita
1393 267 1548 305 'destiiliit
1567 270 1688 314 Sibylla
1702 299 1709 311 ,
1735 283 1769 307 vt

8 320 185 358 sententiae
199 335 331 363 eorum,
359 325 413 371 qui
431 321 472 358 de
487 319 602 358 futuro
617 334 721 369 regno
736 321 926 358 Chiliassico
946 324 977 356 in
993 323 1042 356 his
1058 325 1149 357 terris
1167 319 1275 357 suarna
1293 320 1457 371 quaedam
1477 332 1507 358 et
1525 335 1608 357 mira
1624 321 1678 357 sibi
1693 337 1768 372 pio-

9 372 187 415 miserunt,
216 373 400 425 praelusnl'e
416 373 573 410 videatur.
628 371 757 410 Confer
773 373 986 410 Blondellum
1005 374 1073 410 Lib.
1091 376 1128 410 11.
1145 388 1172 409 c.
1190 387 1233 410 12.
1263 376 1362 410 Certe
1388 374 1427 410 ad
1457 375 1548 409 illam
1566 371 1680 410 diserte
1695 389 1769 424 pro-

10 438 107 463 vocat
123 429 307 464 Laclantius
324 427 393 464 Lib.
411 429 482 463 V11.
501 441 528 461 c.
546 439 595 470 24.
613 437 710 476 atque
726 426 801 462 inde
816 426 959 473 Sibyllae
979 427 1169 463 testimonio
1187 426 1372 476 plurimum
1389 424 1419 462 se
1434 429 1574 463 tribuere
1589 431 1687 462 triam
1712 441 1769 463 no-

11 481 75 517 stra
98 491 202 517 aetate
221 480 265 516 eli
289 479 419 516 testatus
439 482 511 515 loli.
532 479 741 515 wilhelmus
765 477 961 516 Petersenius
983 483 1016 516 in
1032 480 1120 515 nube
1141 481 1271 516 testium
1291 478 1332 514 de
1352 493 1457 530 regno
1480 479 1598 516 Chi-issi
1622 477 1771 530 glorioso

13 533 81 570 Lib.
100 535 122 569 1.
137 547 170 584 p.
187 545 245 577 ¹3¹-
272 530 359 583 sequ.
377 533 444 568 Lib.
463 535 501 568 11.
517 547 548 582 p.
565 544 633 577 ¹25.

182 629 259 676 Pag.
274 638 338 662 212.
368 627 492 674 Sibylla
510 640 715 676 magnorum
740 623 770 661 se
789 628 970 661 criminum
992 639 1084 661 ream
1099 623 1177 661 salsa
1199 623 1354 676 confugit
1377 625 1419 662 ad
1439 628 1669 671 Seruatorem,
1697 640 1769 678 per-

18 679 100 717 inde
122 691 156 716 vt
176 681 244 716 Lib.
262 682 333 715 vu.
354 693 385 729 p.
410 683 477 722 361.
520 682 672 729 Sequitur
695 678 770 715 inde
790 680 852 714 Dei
867 677 1047 714 conditoris
1071 677 1164 721 laus,
1203 678 1302 714 illurn
1324 677 1435 715 solum
1461 678 1661 723 colendum,
1702 694 1773 716 non

14 733 126 774 idola,
151 736 185 768 in
203 745 350 782 quorum
368 744 575 768 veneratores
598 730 856 782 frequentiffune
875 729 1223 780 vehementisslmeque
1249 734 1424 768 inuehitur.
1480 733 1632 781 Denique
1649 747 1681 783 p.
1700 745 1772 778 219.

14 787 135 836 legitur
150 784 324 821 oraculum
339 783 379 820 de
394 799 521 835 magno
539 787 630 834 Rege
645 797 675 822 et
690 786 790 822 tribus
810 786 1002 820 Rom-mam
1019 783 1262 833 rempublicam
1277 782 1532 835 pessumdaturis
1543 813 1552 828 ,
1579 783 1620 821 de
1642 799 1710 835 quo
1725 783 1775 821 su-

15 853 74 889 pra
87 852 115 873 c.
133 839 236 873 XXX.
251 851 345 873 num.
361 850 394 884 9.

186 918 262 964 Pag.
280 918 348 951 216.
367 928 494 951 nomen
512 913 631 950 Adami
647 924 946 964 tetragrammaton
972 917 1014 950 ait
1039 924 1181 963 quatuor
1199 913 1313 963 plagas
1329 914 1447 951 mundi
1462 914 1664 964 significare,
1690 912 1776 954 αἰτι-

19 967 143 1015 τελήν,
171 964 276 1015 «listi,
302 964 450 1019 οἷςκτεν,
478 967 722 1018 μεσημβρίαν,
756 966 842 1003 vnde
863 965 950 1003 forte
973 968 1089 1003 audior
1111 967 1336 1015 Geoponicon
1358 969 1425 1003 Lib.
1450 969 1537 1004 XIV.
1555 982 1583 1003 c.
1602 981 1628 1015 5.
1646 967 1776 1004 colum-

17 1022 98 1057 barii
113 1031 254 1071 quatuor
270 1020 399 1069 angulis
417 1021 504 1056 iubet
519 1019 645 1055 inscribi
662 1033 790 1055 nomen
810 1019 937 1063 Adam,
977 1031 1010 1055 vt
1029 1018 1103 1054 inde
1121 1016 1282 1068 serpentes
1298 1019 1414 1056 bestiae
1427 1018 1595 1070 fugentur.
1650 1019 1778 1057 Eadem

19 1073 232 1110 Cabbalistica
246 1076 372 1121 argutia
390 1075 534 1108 occurrit
547 1071 635 1121 apud
654 1071 869 1119 Augigstiumn
889 1074 980 1108 tradi.
1002 1084 1047 1107 10.
1069 1074 1102 1106 in
1119 1074 1305 1107 Iohannem
1329 1075 1407 1108 etin
1430 1075 1568 1110 tradam
1589 1071 1630 1108 de
1653 1075 1777 1109 monti-

18 1127 78 1162 bus
92 1127 168 1162 Sina
184 1135 216 1161 et
231 1126 322 1168 Sion,
339 1128 394 1175 qui
409 1124 531 1174 legitur
544 1124 584 1160 ad
600 1124 738 1160 Calcem
754 1126 925 1174 Cypriani.
981 1127 1026 1160 Vt
1043 1126 1197 1160 omittam
1212 1124 1420 1160 Amalarium
1435 1127 1655 1161 Fortun-atum
1673 1126 1741 1161 Lib.
1752 1127 1776 1161 1.

20 1193 48 1215 e.
67 1193 97 1225 7.
111 1177 152 1214 de
168 1175 290 1214 Ecclcs.
307 1177 406 1214 Offic.
429 1188 459 1213 et
472 1175 637 1213 Isidorum
653 1174 748 1226 Hisp.
764 1191 791 1211 c.
811 1190 851 1213 ιι.
869 1176 908 1213 de
926 1175 1042 1213 ordine
1057 1187 1283 1212 creaturarum
1299 1179 1344 1212 T.
1368 1191 1389 1212 1.
1409 1175 1565 1227 spicilegii
1581 1179 1779 1214 Dacheriani

20 1246 53 1282 p.
70 1244 138 1279 295-
161 1228 224 1281 seq.
278 1233 392 1280 Aeque
407 1241 542 1266 acutum
561 1230 625 1273 est,
653 1228 743 1280 quod
767 1229 915 1280 Angelus
941 1232 1056 1265 Rocha
1078 1227 1118 1264 de
1140 1229 1219 1264 Bibl.
1239 1232 1395 1265 Vaticana
1412 1245 1443 1280 p.
1461 1243 1511 1276 93.
1530 1229 1604 1266 ideo
1627 1233 1779 1280 primum

20 1287 196 1322 hominem
211 1282 339 1326 Adam,
366 1281 552 1318 foeminam
572 1286 717 1332 primam
731 1284 839 1319 Euam
857 1296 916 1332 per
930 1282 1126 1328 mysterium
1141 1280 1245 1317 ditslos
1259 1283 1417 1332 perhibet,
1443 1281 1534 1333 quod
1551 1280 1690 1318 infantes
1707 1295 1778 1318 ma·

24 1350 92 1379 res,
116 1339 358 1384 cumprimum
376 1335 457 1371 lucis
482 1332 575 1370 vsura
598 1333 663 1370 frui
687 1338 865 1385 incipiunt,
892 1338 932 1371 A.
952 1332 1131 1370 soemellae
1151 1345 1261 1369 autem
1278 1337 1314 1370 E.
1340 1331 1455 1371 sonare
1479 1333 1780 1385 deprehendantur,

26 1387 117 1439 quod
140 1387 289 1437 explodit
315 1385 560 1436 &Vagenseilius
583 1391 616 1423 in
631 1389 709 1424 Sota
726 1403 757 1438 p.
775 1400 836 1424 112.
859 1385 980 1423 risurus
1002 1385 1107 1426 forte.
1135 1385 1159 1421 fi
1176 1385 1320 1430 vidisset,
1347 1389 1530 1423 Ioharuiem
1554 1390 1686 1423 Petrum
1709 1389 1780 1423 Eri-

25 1455 103 1477 cum
119 1444 151 1476 in
168 1442 333 1476 humanae
350 1440 484 1490 linguae
501 1439 610 1489 genesi
623 1455 656 1490 p.
676 1454 700 1476 ι.
715 1452 747 1476 et
763 1456 796 1486 4.
812 1438 896 1476 serio
912 1437 1083 1490 scripsssse,
1112 1442 1255 1489 primam
1275 1438 1395 1475 Adami
1410 1453 1528 1476 vocem
1554 1437 1649 1475 fuisse
1674 1438 1781 1475 admi-

27 1497 145 1535 ramis,
172 1489 215 1536 ὦ,
243 1492 401 1537 alteram,
427 1507 504 1529 cum
520 1495 590 1529 Eua
606 1493 710 1529 oculis
725 1491 822 1543 ipssus
843 1489 875 1529 se
891 1490 1044 1536 offerret,
1068 1490 1252 1528 olfacientis
1274 1495 1395 1541 pariter
1415 1502 1446 1528 et
1460 1491 1651 1528 admirantis
1667 1485 1693 1530 ὗ.
1723 1494 1783 1528 Le·

25 1545 121 1597 pidus
144 1548 243 1582 etiam
265 1545 309 1581 est
332 1546 428 1580 Elias
445 1545 484 1580 de
502 1547 535 1581 S.
560 1547 703 1596 Terqfia.
732 1560 810 1582 cum
832 1548 866 1581 in
888 1545 1055 1595 legatione
1075 1543 1237 1580 Ecclesiae
1259 1546 1494 1594 triumphantis
1515 1544 1558 1581 ad
1582 1545 1782 1580 militantem

25 1613 88 1650 pro
104 1597 276 1634 libe-:andis
290 1612 347 1647 per
363 1612 473 1647 preces
490 1599 660 1635 animabus
684 1612 722 1635 ex
738 1601 934 1648 purgatorio
949 1613 981 1648 p.
1007 1609 1083 1643 ¹15¹·
1104 1600 1146 1632 ita
1163 1594 1289 1632 scribit:
1323 1598 1398 1632 Hoc
1416 1598 1546 1644 quidam
1562 1597 1658 1644 scioli
1670 1597 1783 1645 fligi!-

27 1655 116 1694 lant,
142 1653 219 1699 quia
237 1649 342 1685 Adam
359 1652 518 1686 libi-avum
535 1653 639 1686 trihus
655 1653 758 1687 literis
773 1650 935 1700 constans,
962 1658 998 1686 at
1015 1649 1072 1697 {sta
1087 1651 1182 1686 verba
1201 1656 1347 1696 quatuor
1359 1660 1487 1696 graeca.
1541 1649 1606 1684 Sed
1627 1650 1702 1684 bene
1716 1649 1784 1683 Eu-

26 1706 168 1752 gubiims
186 1705 219 1738 in
234 1716 255 1738 t.
273 1717 296 1738 1.
327 1702 442 1750 Genes.
460 1703 541 1739 tole,—
563 1706 720 1739 vanitatis
740 1706 872 1752 arguit,
906 1704 994 1752 quast
1014 1703 1126 1748 Deus,
1155 1704 1203 1737 cui
1223 1703 1329 1736 onmia
1341 1703 1469 1748 futura
1483 1701 1571 1749 sunt
1589 1701 1784 1748 praffmtia,

27 1769 93 1791 non
101 1755 257 1803 peimrstlt
276 1755 442 1804 respexisti
467 1758 561 1791 etiam
587 1755 771 1804 mysterium
794 1756 928 1803 aliquod
946 1757 1076 1803 liuguae
1095 1755 1253 1797 Graecae,
1280 1753 1443 1800 quamsico
1460 1759 1602 1800 tempore
1611 1753 1784 1799 praeuide-

28 1808 84 1846 lmt
109 1810 288 1843 oriundam.
343 1808 432 1844 Belle
457 1805 541 1844 sane.
597 1811 649 1844 Sic
672 1806 859 1844 franciscus
883 1809 1029 1844 Biuarius
1052 1821 1122 1842 non
1143 1805 1302 1842 dubitauit
1324 1805 1508 1848 affirmare,
1544 1808 1654 1841 virum
1676 1802 1786 1842 nescio

30 1875 131 1911 quem
155 1860 406 1909 Apostohmm,
433 1860 636 1904 Caecilium,
662 1859 840 1911 Hispanice
861 1861 1034 1903 locutum,
1061 1870 1093 1895 et
1117 1856 1342 1907 Apocalypsin
1363 1859 1516 1893 Iohannis
1540 1860 1786 1894 commentario

27 1910 197 1949 illustrasse
213 1912 339 1961 lingua,
355 1926 439 1962 quae
454 1911 607 1949 nondum
619 1913 771 1957 exstabat,
798 1911 850 1950 sed
869 1927 930 1963 qua
948 1913 972 1960 [l
994 1914 1006 1959 J
1025 1912 1106 1949 olim
1123 1909 1223 1948 essent
1238 1908 1322 1946 vsuri
1337 1905 1487 1959 Hispani.
1514 1909 1610 1953 Vide,
1627 1923 1710 1960 quae
1726 1922 1786 1946 no-

32 1970 96 2002 taui
114 1969 146 2001 in
164 1964 278 2000 codice
303 1967 512 2015 Apocryplio
529 1967 569 2001 N.
585 1968 630 2001 T.
656 1981 688 2015 p.
705 1969 780 2012 962.
836 1968 970 2002 Recffius
993 1966 1207 2014 Eugubinum
1232 1977 1272 1998 eo
1298 1965 1436 1997 nomine
1459 1962 1670 2012 reprehendit
1693 1959 1787 1998 Eras-

32 2032 107 2055 mus
117 2019 190 2070 Lib.
206 2019 325 2053 XXVI.
355 2017 453 2067 Epist.
472 2029 520 2061 34.
543 2017 628 2054 etad
644 2021 797 2055 Iohannis
811 2032 839 2055 2.
856 2019 975 2069 probat
990 2020 1243 2063 Hieronymum
1257 2044 1266 2057 ,
1294 2013 1455 2052 ridentem
1481 2028 1636 2065 graecam
1659 2014 1785 2065 allego·

33 2075 116 2107 riam
133 2075 166 2107 in
181 2069 347 2107 vocabulis
368 2070 532 2106 hebraicis.

69 2179 153 2206 Tertii
169 2179 245 2205 libri.
297 2167 336 2199 V.
367 2164 467 2199 Liber
481 2166 599 2199 tertius
621 2168 734 2214 incipit
756 2179 772 2200 a
795 2167 949 2200 vaticinio
973 2162 1014 2199 de
1036 2162 1299 2206 Anti-Christo,
1326 2175 1426 2213 quem
1446 2161 1563 2199 locum
1586 2158 1722 2197 absurde
1747 2159 1789 2197 de

316 2218 470 2252 Luthero
497 2220 621 2266 accepit
640 2217 826 2253 Guilelmus
842 2216 883 2253 de
897 2215 1088 2257 Alabastro,
1125 2215 1253 2262 Anglus
1268 2244 1278 2259 a
1311 2226 1469 2265 apparatu
1492 2218 1527 2250 in
1548 2214 1787 2250 reuelationem

33 2265 103 2305 Iesu
119 2267 257 2311 Christi,
286 2272 458 2318 Antwrerp.
478 2272 566 2313 1607.
583 2280 649 2313 4to.
669 2272 800 2320 Nempe
818 2270 914 2304 verba
932 2266 989 2307 Ἐκ
1011 2263 1043 2306 δὲ
1059 2265 1265 2311 Σεβαςηνῶν
1282 2267 1438 2304 castellio
1455 2270 1566 2303 vertit:
1595 2267 1653 2301 Ex
1668 2267 1788 2313 Augu.

23 2320 123 2369 stinis
141 2319 197 2366 (fic
211 2321 298 2371 apud
309 2323 436 2357 sueton.
455 2324 587 2357 Nerone
604 2335 630 2356 c.
642 2334 688 2367 25.
718 2321 932 2368 Angtfiiani,
956 2321 1069 2355 Tacito
1086 2321 1172 2354 XIV.
1186 2333 1224 2364 ις.
1254 2320 1455 2369 Augustani,
1471 2321 1573 2356 Dioni
1586 2315 1787 2365 Ἀυγέ-τειοι.

35 2385 70 2409 vt
82 2373 291 2419 Caesaream,
320 2375 525 2420 Pompeiani)
549 2385 607 2410 etc.
624 2377 640 2409 i.
660 2388 687 2410 e.
709 2388 747 2410 ex
767 2370 957 2410 Caesaribus
981 2371 1047 2408 flue
1068 2385 1107 2407 cx
1130 2373 1267 2421 Augusti
1295 2371 1444 2414 familia,
1473 2371 1563 2421 quod
1587 2371 1713 2422 lepidus
1735 2370 1790 2406 ille

36 2428 143 2462 homo
158 2425 199 2461 de
220 2426 337 2462 ordine
352 2425 669 2475 Augustinianorum
687 2430 914 2476 interpretatus
930 2424 986 2467 est,
1013 2428 1045 2460 in
1071 2438 1138 2473 quo
1154 2422 1228 2469 fuit,
1257 2439 1333 2461 cum
1354 2422 1493 2474 Papismi
1512 2421 1626 2460 abusus
1644 2427 1793 2472 primum

0 2453 2 2524 l
37 2477 290 2528 aggrederetur,
319 2481 490 2515 Lutherus.
545 2481 625 2515 Non
650 2481 717 2516 hoc
730 2490 842 2516 autem
863 2479 941 2515 loco
963 2487 1115 2520 tantum,
1142 2473 1197 2514 sed
1220 2477 1370 2529 pluribus
1391 2477 1482 2521 aliis,
1508 2478 1561 2513 vbi
1582 2475 1622 2513 de
1642 2475 1742 2512 Belial
1763 2485 1794 2510 et

0 2525 5 2631 ἲ
81 2539 151 2573 Vol.
167 2539 197 2572 J.
1130 2529 1178 2567 ω
1698 2529 1790 2563 Anti-
