2183 2747
116 174 304 209 ventam
695 176 868 213 ALDINA
905 176 972 212 ET
1015 177 1278 215 CVIACIANA.
1465 177 1699 214 Lib.II.c.1o.
1802 179 1868 222 687

147 272 265 299 neonus
280 272 353 308 EFP·
430 273 549 309 XXIV.
603 273 658 318 αι)
683 273 972 317 THEANVS,
1000 275 1100 322 (quae
1128 271 1336 322 Pythagorae
1361 271 1428 309 flue
1451 287 1538 310 vxor
1551 272 1598 308 ω’)
1623 272 1690 310 siue
1712 270 1866 323 discipula

113 322 204 370 suin)
228 325 384 374 epislolae
400 335 473 366 tres,
498 339 561 362 vna
573 324 612 362 ad
632 326 783 362 Eubulen
800 325 957 362 deliberis
973 324 1164 369 educandis,
1192 325 1290 361 altera
1308 325 1346 361 ad
1363 326 1582 363 Nicostratam
1599 327 1808 376 zelotypam,
1835 338 1865 362 et

114 381 207 414 tertia
221 379 261 414 ad
276 377 494 414 eallissouem
512 378 552 414 de
567 377 694 414 familia
709 380 796 415 rec'te
812 377 1043 428 gubernanda:
1067 378 1229 414 Adiunc‘la
1244 378 1288 414 est
1311 380 1352 414 M
1364 380 1422 414 EL
1435 381 1445 412 Ι
1456 381 1506 415 SS
1519 384 1543 415 Λ
1555 383 1581 416 Ε
1602 393 1666 416 vna
1690 380 1728 415 ad
1752 379 1863 415 Clare.

114 441 196 478 tam,
224 443 256 468 et
270 432 445 467 MYIAE
461 429 501 467 ad
518 430 724 479 Phyllidem,
751 431 791 467 de
809 434 936 467 nutrice
955 430 1139 481 deligenda.
1193 431 1307 467 Latina
1324 430 1431 467 vcrfio
1447 435 1580 482 incipit:
1616 435 1714 468 audio
1734 439 1765 467 tc
1788 432 1865 468 deli.

113 492 216 520 catam
234 492 263 519 et
279 484 479 532 luxuriosam
494 492 550 520 etr.
604 487 694 521 Cum
716 484 832 520 eadem
854 484 1066 520 translatione
1081 486 1113 520 in
1130 482 1297 533 opusculis
1315 484 1556 535 mythologicis
1573 483 1719 535 physicis
1734 496 1765 521 et
1783 487 1863 520 ethi-

113 542 159 574 cis
173 536 275 574 edidit
299 537 438 572 Thomas
457 537 583 573 Galeas
599 552 633 587 p.
652 551 726 584 740
746 535 792 587 sq.
817 537 922 574 Amst.
940 540 1036 579 1638.
1057 544 1088 579 8.
1143 540 1232 573 Cum
1248 537 1310 572 alia
1326 536 1475 574 versione
1500 536 1552 574 sua
1574 537 1613 574 ad
1637 538 1761 574 calcem
1780 540 1863 573 lam·

113 590 213 627 bliehi
231 589 272 626 de
288 592 355 626 vita
372 590 582 639 Pythagorae
599 591 745 640 vulgauit
760 591 830 626 loli.
848 590 1008 625 Arcerius
1035 591 1273 631 Theodorum,
1308 591 1508 627 Fi‘anekerae
1534 599 1622 639 1598.
1639 605 1670 636 4.
1699 587 1862 640 professus

109 641 144 680 se
159 646 308 693 primum
327 642 397 678 illas
412 642 514 678 latine
528 641 663 680 vertiffe.
719 644 844 679 Graece
861 641 1005 679 ediderat
1021 645 1066 679 H.
1090 643 1274 692 Stephanus
1288 641 1328 678 ad
1343 643 1468 680 calcem
1485 646 1602 680 Laertii
1628 642 1679 680 suf
1699 647 1781 680 inter
1799 641 1865 679 fra-

111 706 249 747 gmenta
266 697 590 745 Pythagoraeorum.
645 694 779 732 Exstant
799 706 829 731 et
843 708 960 745 graece
976 709 1014 731 ac
1029 694 1128 731 latine
1139 709 1216 731 cum
1233 708 1324 732 noua
1339 694 1489 733 versione
1501 697 1656 732 Eithara'i
1672 698 1792 732 Lubini
1807 709 1860 745 ap.

111 749 369 787 Commelinum
386 761 439 784 an.
454 754 542 787 1601.
563 757 598 792 8.
651 748 835 798 Epistolam
861 746 1012 784 Theamts
1026 745 1066 783 ad
1084 747 1306 784 Nicostratam
1325 761 1364 784 ex
1382 750 1454 785 Iol».
1474 751 1626 786 Breclzaei
1649 748 1798 786 versione
1820 749 1863 784 lc-

111 816 168 854 ges
186 801 272 851 apud
290 800 457 837 andream
474 801 714 851 Tiraquellum
732 815 763 850 p.
780 815 851 848 395.
871 799 912 837 de
934 801 1061 850 legibus
1085 801 1336 837 connubialibus
1358 800 1435 838 edit.
1452 800 1545 839 Bafil.
1564 808 1643 847 1561.
1663 800 1728 839 fol.
1763 802 1863 837 leea-

113 868 174 890 ntis
190 853 230 890 ad
246 854 415 890 Eubulem
433 864 465 890 et
481 857 601 900 Myiae
616 853 655 890 ad
673 853 850 892 Bhillidem
867 866 944 903 epp.
969 854 1098 903 anglice
1121 857 1152 889 in
1177 855 1224 889 10.
1246 853 1397 890 'rolandi
1422 854 1585 891 Postumis
1614 866 1699 892 tom.
1716 856 1754 889 Π.
1779 867 1815 903 p.
1832 866 1864 899 15

111 906 181 957 sqq.
206 920 281 942 cum
308 907 457 942 Theanus
477 921 528 957 ep.
547 906 586 942 ad
613 906 835 944 Nicostratam
863 919 898 955 p.
917 918 968 950 24.
993 918 1024 942 ct
1053 903 1203 942 Melissae
1233 904 1273 942 ad
1301 907 1500 952 Clearatam⁷
1532 907 1689 944 Londiui.
1713 909 1803 953 1726.
1830 914 1862 948 8.

112 960 186 996 Alia
201 969 345 1009 quatuor
361 959 514 1008 epistolia
527 957 584 996 sub
599 958 747 996 eiusdem
770 957 922 996 Theanu‘s
937 961 1077 995 nomine
1092 973 1131 995 ex
1148 958 1264 995 codice
1280 961 1439 995 Vaticano
1455 959 1601 1010 vulgauit
1616 963 1718 997 Lucas
1729 959 1863 995 Home.

109 1016 182 1050 nius
198 1014 231 1048 in
257 1014 345 1048 notis
366 1011 406 1048 ad
433 1014 534 1048 vitam
558 1014 768 1062 Pythagorae
790 1026 807 1048 a
831 1013 1024 1061 Porphyrio
1047 1010 1201 1062 scriptam
1224 1025 1255 1060 p.
1283 1021 1324 1057 78
1340 1009 1387 1061 sq.
1416 1014 1464 1061 [p.
1487 1025 1520 1050 21
1547 1011 1592 1062 sq.
1620 1012 1698 1049 edit.
1721 1012 1864 1059 Hister]

108 1069 147 1104 In
165 1064 296 1101 illarum
314 1064 479 1114 postrema
496 1076 706 1102 memoratur
720 1063 930 1102 Parmenides
946 1065 1109 1112 Platonis,
1134 1063 1220 1100 vnde
1235 1062 1451 1114 supposititias
1468 1062 1531 1101 effe
1544 1066 1587 1115 ἐ)
1614 1079 1685 1102 non
1701 1064 1746 1101 est
1768 1063 1863 1100 dubi.

109 1117 263 1155 tandum.
315 1116 467 1168 [Epistol.
483 1119 555 1154 vn.
573 1132 626 1169 gr.
640 1130 673 1155 et
692 1118 746 1155 lat.
764 1131 840 1153 cum
865 1118 997 1168 reliquis
1022 1116 1173 1154 eiusdem
1192 1115 1386 1167 fragmentis
1411 1117 1572 1168 dic‘lisque
1597 1120 1648 1154 in:
1680 1118 1862 1154 Mulierum

104 1183 311 1223 graecarum,
338 1183 418 1219 quac
439 1173 584 1207 oratione
603 1172 706 1221 prosa
728 1171 801 1220 vsae
813 1170 917 1219 suut,
953 1171 1167 1220 Fragmentis
1186 1178 1217 1206 et
1238 1171 1517 1220 elogiis-curante
1541 1172 1572 1207 1.
1597 1170 1698 1219 Chsti.
1723 1170 1775 1207 W
1774 1169 1864 1217 olfiO.

107 1238 185 1276 pag.
206 1237 267 1269 224
283 1244 336 1252 —
351 1236 430 1272 249.
454 1224 575 1272 Hora]

350 1310 628 1412 ῇυέξὲέαωῑεὲ
645 1306 1862 1409 ἓξὲξζὲῗέξᾶὲῗ[ἒξἣῖέῖζῑῑεῑεὙὲῐεῖῑζξῖςᾷῖῖῃτᾱεέῑεῇῖέἕ

106 1417 221 1454 Latina
234 1413 345 1452 versio
362 1418 492 1465 incipit:
519 1415 716 1461 Opportune
736 1417 827 1454 nobis
851 1415 1005 1452 hodierno
1029 1416 1080 1450 die
1095 1422 1150 1451 etc.
1212 1415 1294 1450 Sunt
1315 1416 1349 1450 in
1371 1414 1419 1449 h'is
1440 1417 1538 1450 etiam
1563 1413 1745 1450 nonnullae
1766 1427 1862 1462 argu-

106 1473 212 1506 menti
228 1470 415 1518 paraſsstci,
446 1477 481 1503 vt
501 1466 637 1518 epistola
664 1470 705 1503 V.
730 1469 803 1506 XV.
820 1466 865 1518 sq.
891 1470 963 1504 XX.
991 1469 1078 1505 XXI.
1108 1468 1212 1503 XXII.
1230 1478 1292 1506 etc.
1345 1468 1435 1503 Οέῖο
1460 1466 1616 1517 epislolas
1641 1466 1859 1515 Alcipbronis

44 1569 49 1571 .
100 1523 298 1570 parasitica!
314 1523 413 1558 MSS.
437 1522 551 1557 habuit
563 1522 692 1557 Petrus
705 1521 913 1565 Lambecius,
946 1535 985 1557 ex
1006 1521 1122 1571 quibus
1145 1535 1244 1557 vnam
1269 1519 1416 1569 vulgauit
1441 1523 1474 1556 in
1495 1519 1685 1556 prodromo
1704 1519 1860 1555 Gelliano

107 1589 142 1624 p.
158 1586 200 1622 ΓΒ
214 1573 259 1622 sq.
286 1578 339 1621 (in
357 1574 468 1611 Gellio
486 1574 548 1611 lac.
565 1575 730 1610 Gronouii
746 1588 779 1624 p.
799 1575 878 1620 215.)
931 1573 1024 1610 Idem
1039 1574 1096 1610 lib.
1114 1575 1170 1608 Vl.
1189 1576 1422 1609 Commemar.
1439 1571 1480 1608 de
1497 1571 1724 1608 biblvindob.
1744 1586 1776 1621 p.
1786 1583 1858 1617 259.

108 1627 237 1664 testatur
255 1630 286 1662 'tn
305 1625 450 1663 caesarea
468 1627 523 1663 illa
546 1627 746 1663 bibliotheca
762 1626 885 1663 exslare
901 1628 1086 1664 XXXVIII,
1105 1625 1255 1677 epistolas
1270 1623 1416 1661 eiusdem
1428 1625 1636 1674 Alciphronis
1652 1622 1859 1675 ὠγρωκικοὶς

106 1678 174 1716 siue
188 1680 332 1727 rusticas.
387 1681 451 1727 [Ex
470 1680 684 1729 Alciphron‘ts
703 1692 779 1729 epp.
803 1680 933 1716 ineditis
949 1681 1025 1716 loca
1041 1677 1147 1716 adfert
1161 1690 1192 1715 et
1206 1681 1342 1728 corrigit
1357 1679 1445 1716 Acir.
1462 1678 1614 1726 Haringa
1633 1679 1666 1713 in
1677 1676 1859 1714 Obseruatt.

106 1736 208 1769 critic.
227 1733 310 1768 libro
321 1744 444 1781 cap.3t.
459 1746 489 1781 p.
499 1741 572 1775 280.
592 1742 668 1777 284.
684 1744 715 1769 et
723 1733 882 1770 Valcken.
900 1731 939 1769 ad
950 1736 1115 1770 Ammon.
1131 1745 1161 1781 p.
1173 1744 1234 1776 ¹35·
1251 1732 1337 1778 179]
1365 1731 1456 1767 Loca
1472 1729 1631 1780 quaedam
1642 1730 1857 1779 Alciphronis

107 1783 374 1832 illustratcaspar
386 1787 533 1821 Barth'ms
551 1786 672 1823 lib.111.
691 1785 851 1822 aduersas.
868 1800 993 1835 capnq.
1010 1787 1063 1822 vbi
1079 1796 1179 1821 vocat
1193 1783 1386 1834 scriptorem
1403 1783 1576 1820 venustum
1594 1794 1624 1818 et
1638 1792 1784 1830 acutum,
1802 1780 1858 1818 sed

107 1836 257 1874 attitisrni
278 1839 420 1873 nimium
435 1835 687 1882 adfectatorem,
715 1837 1005 1888 insuanioremque
1019 1849 1052 1874 et
1072 1841 1123 1874 cui
1143 1841 1318 1886 interprete
1333 1836 1462 1873 erudito
1482 1850 1566 1885 opus
1583 1834 1633 1872 sit.
1662 1831 1857 1878 Ἀττικιςῆγ

107 1891 249 1940 εεὶρεῙαιτ
267 1889 464 1925 Eussathius.
520 1892 608 1926 Inter
633 1890 730 1927 codd.
754 1893 896 1928 Msstos
924 1891 1075 1927 Andreae
1098 1892 1226 1926 Schotti
1256 1892 1431 1926 Sweertius
1451 1900 1620 1925 memorat
1641 1889 1857 1935 Alcipizrmzis

104 1946 261 1982 Rham-is
276 1941 444 1991 Epistolas
457 1943 672 1985 Helinium,
699 1943 789 1980 libris
804 1945 848 1980 11.
901 1944 966 1991 [Ex
985 1942 1122 1994 epistola
1146 1943 1360 1994 Alciphronis
1382 1944 1520 1978 nendum
1543 1943 1629 1978 edita
1652 1941 1857 2002 Valckeuaer

1821 2007 1856 2029 m

148 2118 204 2159 bb)
226 2117 304 2149 Vide
320 2117 508 2158 Menagae'um
526 2118 556 2147 in
579 2115 738 2148 mulierum
760 2116 951 2160 philosopha·
1006 2116 1165 2161 pellarnnt.
1187 2117 1262 2148 adde
1279 2116 1355 2147 infra
1374 2119 1410 2148 II.
1428 2127 1490 2159 cap.
1510 2125 1547 2152 ¹3·
1571 2118 1602 2147 in
1629 2115 1720 2147 Catal.
1748 2115 1854 2147 mulie-

104 2175 170 2194 rum
187 2164 318 2198 histofia,
345 2162 425 2201 [feci.
444 2171 483 2199 79
500 2161 559 2202 sqq.
585 2171 614 2203 p.
632 2171 671 2199 47
690 2161 749 2203 sqq.
769 2170 797 2192 et
815 2162 841 2193 I.
863 2161 951 2205 Chsti.
1006 2174 1072 2193 rum
1091 2163 1350 2200 pythagoricarum
1375 2173 1403 2191 v.
1426 2161 1560 2193 Theano.
1583 2160 1678 2192 Harl.

107 2207 212 2244 Wolfii
221 2206 394 2245 Catalognm
409 2205 608 2236 foeminarum
617 2205 757 2247 sapientia
772 2205 954 2247 ——apud
1051 2215 1093 2239 ct)
1116 2207 1234 2247 Spurias
1252 2204 1307 2234 effe
1324 2204 1386 2234 illas
1405 2212 1433 2235 ct
1451 2204 1575 2234 aliarum
1593 2204 1855 2242 pythagoricarum

104 2245 243 2288 Graecos,
267 2253 416 2281 Romanos
432 2249 560 2289 aliasque
580 2258 678 2288 gentes
692 2248 763 2279 olim
781 2248 955 2286 celebrium,
1007 2249 1076 2279 inde
1093 2250 1125 2278 fit
1143 2248 1308 2289 probabile,
1332 2251 1412 2289 quia,
1431 2259 1501 2279 num
1520 2247 1668 2278 foeminae
1685 2247 1765 2277 illins
1783 2256 1855 2277 tem-

103 2295 290 2325 subiunftum
316 2296 378 2324 eius
407 2294 588 2331 Fragmentis
619 2292 778 2322 mulierum
808 2303 902 2331 graec.
923 2304 953 2334 p.
1007 2294 1089 2334 poris
1121 2294 1300 2322 commercio
1331 2291 1397 2322 vsae
1430 2293 1482 2322 (int
1517 2291 1684 2327 litterario,
1722 2290 1853 2321 dubitari

12 2351 38 2373 »μ
65 2350 69 2355 ·
102 2343 166 2376 446
186 2339 246 2380 sqq.
293 2340 377 2369 Num
394 2348 471 2368 vxor
487 2336 581 2366 fuerit
597 2337 798 2375 Pythagorae,
823 2335 950 2377 disputa·
1005 2337 1108 2378 potest,
1127 2344 1201 2372 mm,
1219 2338 1289 2377 quia
1307 2335 1343 2365 ad
1361 2339 1561 2375 cognitionem
1579 2334 1786 2376 philosophiae
1800 2344 1852 2376 py-

102 2391 152 2413 tur
167 2383 336 2418 aKuhnio,
366 2380 556 2412 Aldobrando
578 2391 606 2410 et
631 2382 771 2419 Menagio
793 2379 828 2409 ad
848 2381 949 2410 Thea·
1005 2380 1173 2417 thagoricae
1205 2390 1310 2420 parum
1334 2379 1464 2417 faciunt,
1501 2379 1628 2421 denique
1661 2378 1718 2409 alia
1745 2379 1854 2409 habent

103 2437 157 2456 nus
171 2426 334 2465 fragmenta
353 2425 430 2468 apud
449 2423 594 2454 Wolfium
613 2434 641 2465 p.
660 2429 722 2460 238,
747 2424 798 2454 vbi
816 2424 950 2454 Kuhnins
1005 2423 1082 2461 signa
1101 2422 1231 2452 falsitatis
1250 2434 1279 2453 v.
1298 2422 1437 2454 Bracker
1451 2425 1524 2454 Hist.
1541 2426 1605 2453 crit.
1622 2421 1728 2464 philos.
1748 2425 1853 2453 tom.1.

103 2480 222 2511 quoque
242 2469 350 2499 refutat
367 2470 548 2507 Menagium,
573 2469 625 2508 qui
647 2466 796 2498 Pollucem
818 2467 951 2498 laudauit
1005 2477 1032 2508 p.
1048 2477 1135 2502 ¹040·
1155 2466 1354 2498 Tiedemanni
1368 2466 1598 2499 Griechenlands
1623 2467 1696 2498 erste
1720 2466 1853 2497 Philoso-

103 2515 179 2545 iuter
195 2525 265 2552 eos,¹
280 2516 332 2556 qui
355 2514 486 2546 Theano
511 2514 668 2552 coniugem
694 2512 876 2553 Pythagorae
900 2511 950 2542 ad·
1004 2511 1093 2552 phen,
1117 2521 1143 2553 p.
1166 2516 1233 2545 ωε,
1256 2510 1353 2543 Harl,
