2071 2747
679 100 928 138 EDITIONES
1236 101 1309 138 Lib.
1323 102 1375 140 11.
1393 115 1416 143 e,
1427 103 1536 141 XXI.
1641 116 1701 154 337

0 210 26 240 ’ς
47 199 79 233 in
103 197 169 233 Gne
193 206 304 234 autem
328 195 540 233 adnuntiatur
561 209 650 232 noua
672 197 815 247 Bergleri
840 197 952 233 editio.
1020 197 1113 234 Haec
1133 210 1213 234 vero
1237 198 1350 236 multis
1371 203 1464 237 annis
1486 201 1560 253 post
1581 202 1696 241 vltitna

0 249 95 300 rgleri
118 249 184 286 sata
206 263 309 300 opera
335 252 518 286 Burmanni
536 250 576 284 ΙΙ.
597 249 710 286 lucem
734 250 812 286 vidit
833 248 1003 300 inscripta:

56 328 286 376 Aristophanis
307 328 479 364 comoediae
500 328 659 370 undecim,
683 339 797 375 graece
819 335 849 362 et
870 329 987 370 latine,
1021 327 1066 365 ad
1077 327 1181 375 fidem
1214 332 1409 376 optimorum
1433 334 1573 369 codicum
1598 334 1695 372 MSS.

0 381 133 417 videtne
155 394 222 416 cum
249 394 334 416 noua
357 381 427 417 offo
450 383 680 416 comoediarum
705 383 971 426 interpretatione
993 381 1094 416 latina
1115 389 1145 417 et
1169 387 1256 418 natis
1270 385 1467 432 adfingular
1485 389 1612 422 ineditis
1628 388 1695 422 Ste-

0 437 49 469 σω·
68 435 236 482 Bergleri,
263 446 315 469 nec
329 446 391 469 non
408 434 522 470 Caroli
541 434 692 469 Andreae
710 432 856 468 Dutkeri
872 435 915 467 ad
929 441 1072 480 quatuor
1080 437 1220 480 priores.
1275 437 1439 474 Accedunt
1455 440 1696 485 deperditarum

0 489 182 523 mediarum
188 487 384 535 fragmenta
402 501 421 522 a
445 487 612 522 Theodoro
627 486 770 521 Cantero
785 494 813 521 et
830 486 990 521 Gulielmo
1012 486 1161 522 Coddaeo
1177 488 1324 532 ιοΙΙεὲῗα,
1349 503 1518 540 earumque
1540 494 1655 527 iudices
1678 505 1696 526 a

0 552 73 575 inne
90 541 229 590 Memfio
242 548 272 575 et
296 542 343 575 lo.
362 539 502 575 Alberto
518 540 666 575 Fabricio
686 538 801 587 digesti
812 567 821 580 ‚
849 547 978 574 curante
994 540 1097 574 I’etro
1116 539 1309 577 Bur‘manno
1324 544 1481 586 Serundo,
1509 548 1563 591 qui
1580 545 1690 592 praef.

0 591 123 639 refixit,
151 600 226 627 tom.
247 593 273 628 I.
292 593 344 627 II.
397 591 551 643 Lugduni
565 593 676 627 Batau.
729 590 828 642 Apud
844 592 930 627 Satn.
948 602 978 627 et
996 594 1156 629 loannem
1171 595 1384 632 Luclitmans.
1415 600 1504 641 ¹760.
1532 610 1562 642 4.

53 671 225 720 Berglerus
247 670 396 707 adhibuit
418 669 507 706 editt.
525 669 635 705 Aldin.
655 672 774 706 Iuntin.
797 671 908 716 (1515.)
930 671 1147 714 Farreanam,
1173 677 1293 721 (quam
1318 677 1416 710 nimis
1436 674 1640 722 celebrauit)
1655 692 1693 715 ac

0 723 220 760 ibacliianam.
278 726 394 760 Rarius
420 721 567 760 sustinuit
591 720 768 772 personam
793 725 914 765 critici;
941 720 1064 773 saepius
1087 723 1231 761 differuit
1255 725 1297 762 de
1312 729 1344 762 vi
1359 728 1536 765 verborum
1551 740 1583 766 et
1601 729 1691 768 sensu

0 789 127 819 :orum,
156 777 351 813 Sclioliastas
369 775 557 826 frequenter
570 774 737 823 laudauit,
762 787 921 826 perpetuo
938 789 1048 812 autem
1069 780 1211 826 tragicos
1227 790 1360 828 poetaS,
1389 794 1467 817 cum
1494 785 1608 832 primis
1629 785 1694 821 Eu.

3 828 89 865 idem
101 829 344 879 comparando,
361 829 537 866 confilium
552 841 766 878 mentemque
783 840 897 878 poetae
911 832 1030 865 comici
1049 827 1245 880 sensumque
1260 828 1494 871 sententiarum
1511 849 1547 870 ac
1563 833 1694 874 formu·

0 895 57 917 um
76 882 234 932 loquendi
249 881 505 932 fabularumque
522 879 664 932 ipsarum
683 882 801 918 clarius
815 885 951 930 aperuit.
1006 884 1151 918 Duckeri
1172 883 1472 923 animaduersiones
1487 886 1560 925 sunt
1574 889 1693 927 dodae

0 933 35 970 ad
52 936 229 971 meliorem
247 935 499 986 intelligentiam
519 949 597 971 cum
615 945 732 984 poetae
748 945 819 970 tum
834 932 1082 971 scholiassarum
1105 934 1204 972 haud‘
1214 950 1333 986 parum
1357 936 1545 978 conferunt.
1596 942 1691 980 Plura

0 986 57 1036 ipsi
73 987 113 1024 de
130 988 185 1023 illa
201 1000 232 1024 et
247 986 391 1038 sequenti
410 989 614 1024 Brunckiana
629 986 773 1024 editione
788 991 821 1023 in
847 985 1051 1037 praefatione
1074 987 1114 1024 ad
1137 989 1247 1024 Nubes
1266 1005 1296 1040 p.
1315 992 1409 1026 XXV
1427 990 1494 1044 sqq.
1547 994 1694 1033 Liberius

0 1053 60 1076 nen
76 1052 106 1078 et
123 1042 235 1091 paullo
254 1043 398 1078 acerbius
410 1041 452 1078 de
469 1042 641 1085 Duckero,
656 1043 806 1091 inprimis
823 1041 992 1090 RerglerO,
1010 1040 1129 1077 iudicat
1144 1043 1283 1078 Brunck.
1306 1044 1383 1080 ltine
1401 1044 1475 1081 inde
1499 1048 1532 1081 in
1550 1051 1636 1084 notis
1651 1048 1692 1085 ad

0 1104 95 1131 etam.
150 1096 360 1131 Burmannus
382 1097 416 1130 in
439 1093 598 1145 perdotsta
620 1091 826 1144 praefatione
848 1093 888 1129 de
909 1093 1055 1143 Bergleri
1082 1097 1165 1137 vita,
1192 1093 1266 1131 fatis
1289 1109 1326 1132 ac
1349 1101 1474 1133 meritis
1497 1101 1530 1134 in
1554 1111 1693 1149 poetam

0 1145 120 1192 ssrum,
146 1150 225 1183 item
240 1147 280 1184 de
297 1146 493 1198 fragmentis
508 1147 643 1197 aliisque
658 1147 752 1183 rebus
770 1149 833 1183 huc
850 1148 1082 1195 pertinentibus
1097 1144 1198 1182 fufius
1218 1146 1346 1184 disserit.
1401 1151 1453 1186 De
1479 1152 1624 1200 Bergleri
1649 1164 1693 1190 ta.

0 1213 28 1235 :n
43 1197 116 1235 fatis
132 1204 286 1237 extremis
302 1204 440 1237 certiora
455 1200 569 1244 tradit,
600 1210 630 1236 et
649 1214 706 1247 ea,
732 1214 815 1250 quae
832 1198 873 1235 de
896 1198 1031 1235 transitu
1048 1198 1192 1248 Bergleri
1217 1199 1256 1236 ad
1276 1202 1470 1239 Turcarum
1496 1202 1692 1252 superstitio-

0 1265 28 1288 ω
51 1264 225 1289 narrantur
248 1253 371 1303 vulgo,
399 1251 519 1290 refutat
544 1253 586 1289 cl.
605 1253 778 1300 Villoison.
803 1256 837 1288 in
863 1253 1054 1302 Prolegom.
1070 1252 1112 1288 ad
1128 1255 1272 1289 Homeri
1287 1253 1387 1290 Iliada
1411 1269 1442 1303 p.
1458 1267 1506 1301 45.
1528 1260 1583 1301 46,
1597 1270 1689 1296 nota,

0 1302 32 1341 le
47 1306 186 1341 Gen-eri
202 1303 364 1356 isagogen
379 1309 414 1342 in
431 1304 545 1342 erudit.
561 1303 700 1342 vniuers.
715 1317 798 1341 tom.
813 1306 839 1342 1.
864 1318 939 1393 pag.
957 1318 1023 1350 241.
1045 1304 1121 1341 edit.
1137 1307 1176 1342 ΙΙ.
1213 1308 1355 1342 sciverts
1376 1308 1600 1346 Nachrichten
1623 1325 1691 1349 von

0 1355 159 1408 benbt'irg.
177 1359 376 1403 Gelehrten,
404 1366 496 1406 1785.
525 1358 603 1396 coll.
616 1358 770 1395 Biblioth.
783 1361 900 1394 vniuer
916 1359 956 1396 ali
977 1358 1121 1395 Berolin.
1147 1358 1214 1395 vol.
1230 1360 1328 1395 LXV.
1349 1371 1434 1411 part.
1450 1364 1472 1397 1.
1493 1375 1527 1412 p.
1546 1375 1615 1408 241.

49 1438 191 1481 Critica,
221 1436 396 1484 adcurata,
423 1450 462 1474 ex
480 1437 596 1474 multis
620 1435 718 1473 codd.
734 1447 765 1474 et
787 1436 828 1474 de
855 1438 1044 1474 coniectura
1067 1436 1241 1474 emendata
1263 1436 1383 1488 editio,
1405 1453 1561 1492 nouaque
1583 1455 1695 1481 recen·

15 1488 80 1526 est:

0 1602 3 1608 =
51 1557 282 1608 Aristophanis
309 1561 484 1596 comoediae
511 1572 551 1595 ex
580 1561 710 1606 optimis
739 1560 977 1605 exemplaribus
1007 1558 1188 1594 emendatae
1211 1558 1324 1606 studio
1348 1559 1441 1597 Rich.
1465 1562 1584 1599 Frane.
1607 1563 1694 1600 Phil,

0 1613 100 1654 mk,
128 1611 423 1662 Argentoratensis.
452 1615 685 1663 Argentorati‚
710 1607 871 1648 sumtibus
888 1612 936 1648 10.
954 1613 1090 1661 Georgii
1109 1611 1259 1648 Treutel.
1288 1620 1373 1655 1783.
1391 1620 1423 1655 8.
1450 1623 1535 1651 tom.
1551 1615 1693 1652 1—111.

0 1665 8 1699 i
24 1660 149 1701 fabulas
164 1678 297 1714 graecas
312 1669 500 1702 continent:
524 1664 665 1702 totidem
679 1667 778 1708 tomi,
804 1667 859 1714 qui
876 1663 928 1700 vel
948 1661 1094 1700 seorsum
1111 1663 1161 1700 vel
1176 1666 1380 1701 coniuncflim
1398 1679 1478 1702 cum
1499 1677 1585 1703 textu
1603 1680 1695 1717 grae.

0 1721 186 1772 'compingi
208 1716 361 1769 possunt,
387 1732 514 1755 nouam
538 1720 846 1769 interpretationem
868 1717 1022 1753 Brunckii
1046 1717 1183 1753 latinam
1213 1718 1523 1765 comprehendunt,
1554 1720 1695 1758 totidem

0 1770 92 1819 nique
105 1773 191 1808 tomi
206 1771 479 1822 completstuntur
494 1774 597 1807 varias
611 1772 787 1814 letstiones,
814 1784 905 1807 noua
919 1784 936 1805 e
954 1769 1052 1806 codd.
1072 1768 1177 1806 sumta
1200 1767 1342 1814 scholia,
1369 1782 1463 1807 notas
1486 1783 1518 1808 et
1538 1772 1695 1810 emenda.

0 1823 240 1867 neeBrunckii‚
266 1837 346 1860 cum
371 1822 568 1874 fragmentis
593 1823 761 1873 Aristoph.
785 1825 889 1860 auctis
911 1833 1008 1873 atque
1037 1823 1309 1859 emendationum
1333 1826 1565 1876 variarumque
1583 1825 1696 1864 1εᾶῐο-

0 1885 35 1911 m
54 1873 296 1926 supplemento.
349 1879 475 1913 Merito
501 1874 691 1913 fabularum
708 1875 872 1913 distinctio
888 1877 921 1910 in
944 1878 1034 1913 aetus
1056 1887 1087 1912 et
1103 1874 1210 1911 scenas
1232 1874 1349 1912 omiss‘a
1364 1875 1419 1912 cst.

49 1945 143 1995 Qae
159 1959 264 1996 quum
281 1949 324 1982 ita
341 1945 423 1988 fiat,
448 1956 512 1982 tres
528 1956 658 1982 tantum
674 1944 860 1981 editionum
876 1954 993 1981 aetates
1007 1944 1156 1980 constitui
1175 1941 1314 1992 possunt.
1367 1947 1476 1981 Prima
1499 1956 1571 1983 orta
1594 1946 1639 1984 est
1654 1949 1694 1984 ab

0 1992 57 2041 sso3
79 1998 178 2034 altera
201 1998 245 2034 est
262 1999 450 2035 Florentina
466 2012 547 2034 cum
563 1996 715 2042 scholiis;
742 2000 835 2034 tertia
857 2008 1029 2047 parentem
1052 1998 1162 2032 habuit
1184 1997 1395 2032 Brunckium.
1451 1998 1611 2048 Reliquae
1627 1999 1695 2036 edi-

2 2059 55 2084 nen
76 2062 253 2087 manarunt
279 2064 317 2086 ex
340 2065 402 2087 vna
428 2051 612 2101 alteraque,
639 2060 695 2086 aut
719 2065 736 2086 e
756 2050 881 2086 duabus
903 2052 1065 2099 prioribus
1083 2048 1154 2085 sunt
1176 2049 1360 2098 conflatae3
1388 2050 1550 2100 quaedam
1566 2050 1697 2089 sortitae

0 2108 27 2135 8
45 2102 217 2150 prudentes
239 2103 486 2147 moderatores,
519 2107 574 2154 qui
605 2105 844 2140 correctiorem
866 2114 922 2139 aut
945 2104 1021 2137 hinc
1047 2101 1121 2138 inde
1143 2100 1320 2152 paullisper
1340 2114 1507 2139 mutatum
1534 2103 1696 2142 dederunt

0 2161 161 2202 sstextum,
189 2166 222 2192 vt
237 2158 447 2197 Zanettiana‚
474 2158 678 2201 Caniniana,
700 2166 731 2192 et
752 2155 1011 2196 Cratandriana3
1040 2155 1192 2191 Kusterus
1208 2168 1297 2191 noua
1313 2154 1448 2205 quidem
1462 2155 1610 2193 adhibuit
1625 2156 1697 2194 sub-

0 2204 49 2248 ὴ,
75 2204 126 2243 sed
149 2221 278 2244 nouum
301 2219 356 2244 aut
376 2210 539 2259 prioribus
566 2209 744 2244 meliorem
766 2219 892 2244 textum
922 2221 992 2242 non
1015 2206 1122 2243 dedit:
1148 2210 1181 2242 in
1205 2211 1293 2244 notis
1317 2219 1428 2245 tamen
1453 2208 1626 2260 proposuit
1647 2225 1694 2253 ea,

19 2255 163 2296 efuturis
177 2259 364 2310 prodessent
385 2260 575 2298 editoribus.
628 2261 762 2297 Scholia
785 2264 820 2297 in
842 2260 1002 2310 plurimas
1024 2259 1214 2296 comoedias
1239 2259 1349 2298 adhuc
1369 2260 1553 2300 desiderant
1576 2261 1694 2301 Aescu-

12 2309 20 2317 ⁸
84 2339 95 2355 .
125 2313 228 2363 qualis
253 2310 316 2350 suit
338 2313 606 2351 Hemsterhufius
626 2317 664 2352 in
684 2314 825 2351 Scholiis
838 2312 882 2350 ad
898 2313 1030 2351 Plutum
1047 2310 1205 2350 sanandis.

58 2410 100 2447 V
97 2413 225 2463 crfioaer
237 2417 395 2452 omnium
417 2414 470 2452 vel
494 2414 719 2467 plurimarum
742 2413 932 2452 fabularum
956 2415 1019 2451 hae
1041 2411 1110 2450 fere
1132 2410 1225 2451 sunt:

817 2476 877 2511 Cc
893 2489 911 2510 c
938 2486 953 2509 2
1492 2473 1522 2518 t)
1551 2474 1697 2511 Latitiae.
