2183 2747
115 189 206 219 Vol-¹·
218 191 399 226 p·'⁴351'487
668 188 729 226 DE
774 189 987 228 SPHAERA
1022 189 1329 230 EMPEDOCLIS.
1474 193 1548 230 Lib.
1559 193 1612 229 ΙΙ.
1631 205 1655 229 c.
1673 206 1713 230 ιε.
1818 201 1880 238 823

460 288 616 324 Taurum
638 287 811 329 vocabant,
838 289 925 322 Vrus
950 286 1031 323 huic
1052 300 1180 324 nomen
1199 285 1264 326 fuit

460 343 536 390 Qa
562 341 811 376 Terminorurn
834 352 916 375 voce
932 339 1039 376 custos
1054 339 1212 378 noscitur.

544 395 678 429 Gemini
704 391 886 442 sequuntur
907 391 1062 430 ordinem
1081 393 1308 438 clarissimum,

462 447 551 483 Dic'ti
578 445 652 482 inde
674 446 767 495 quod
787 458 864 482 tunc
886 444 1012 482 fruetus
1038 445 1187 496 augescat
1206 448 1343 500 duplex,

455 501 628 549 Superque
654 502 744 535 terris
768 499 868 535 herba
894 500 1057 536 Naturam
1081 498 1178 545 secet,

454 554 619 601 Binaeque
645 549 789 588 crescant
812 551 986 588 frondium
1009 557 1225 604 propagi11e3‚

453 607 489 642 T
492 617 607 656 epente
631 604 704 641 terii
727 605 879 642 molliter
893 604 974 641 flatu
999 609 1093 643 ae'ris.

537 663 582 695 At
604 661 658 708 qui
683 670 840 694 mouetur
855 657 1013 708 gressibus
1030 660 1242 710 retrogradis,

453 711 648 761 Gaudetque
673 725 791 748 cancer
813 708 987 748 fructuoso
1012 723 1178 763 ternpore,

454 767 643 815 Frugesque
665 764 827 801 monslrat
856 763 995 814 perficas
1017 766 1224 809 mortalibus,

453 819 591 855 Clarum
614 817 733 854 deinde
752 815 832 854 sedis
855 816 1006 854 ordinem
1033 829 1131 856 tenet.

529 874 688 919 Qintam
711 872 836 907 iubatus
861 881 1002 919 occupat
1018 869 1130 908 sedem
1153 875 1235 916 Leo,

453 927 537 961 Nam
558 924 736 974 liditurque
757 922 963 973 laediturque
987 924 1114 972 perdite

452 979 685 1028 Compundtus
705 976 762 1013 affi
784 976 904 1013 ardore
928 976 1016 1013 Solis
1038 980 1149 1028 igneo.

449 1032 552 1067 Tunc
578 1034 689 1067 omnis
713 1030 822 1074 arbos,
854 1043 957 1066 omne
979 1029 1152 1067 marcescit
1177 1027 1300 1066 satum:

447 1086 507 1121 Per
530 1096 678 1133 tempora
704 1094 814 1120 autem
829 1082 1010 1132 perditanS,
1037 1083 1125 1120 audit
1145 1085 1227 1121 Leo.
1256 1084 1314 1131 [if]

529 1138 632 1173 Hunc
652 1139 810 1188 proxime
831 1135 910 1172 assat
931 1133 1045 1172 forma
1067 1150 1170 1186 purae
1191 1140 1351 1186 Virginis,

451 1191 537 1243 Qia
565 1201 638 1226 ante
662 1203 765 1240 quam
789 1190 848 1226 Sol
871 1188 955 1224 fidus
976 1191 1044 1225 hoc
1067 1193 1268 1239 percurrerit

450 1244 628 1279 Seruantur
650 1245 840 1292 incorrupta
863 1253 966 1278 terrea
986 1244 1122 1279 omnia:

448 1298 682 1346 Corruptionis
709 1294 869 1346 quidquid
891 1305 1002 1331 autem
1025 1309 1143 1345 expers
1169 1305 1282 1332 manet

445 1351 573 1386 Omnes
598 1362 718 1385 vocare
742 1351 876 1397 virginis
899 1351 1001 1385 vitam
1026 1346 1143 1386 solent.

522 1406 564 1439 At
579 1405 674 1439 Libra
695 1401 828 1452 quando
845 1399 947 1439 meffe
963 1401 1105 1439 collecta
1121 1402 1245 1439 domos
1300 1399 1512 1439 CHELAE
1525 1397 1577 1434 vel
1589 1394 1760 1435 LIBRA-

445 1455 591 1504 Implent
620 1456 747 1499 coloni,
781 1467 917 1492 aceruus
938 1458 1054 1505 ingens
1075 1459 1173 1492 tritici

445 1509 598 1545 Seruatur
613 1511 756 1552 horreis,
794 1518 873 1545 tunc
890 1507 1005 1545 alibres
1029 1506 1148 1545 sufficit

442 1560 602 1598 Conferta
623 1561 737 1612 fruges
762 1564 796 1597 in
816 1575 996 1598 numerum
1020 1562 1193 1598 alimonia.

525 1617 613 1652 Mox
637 1615 725 1652 alma
741 1615 843 1650 Pleias
867 1613 1004 1664 quando
1028 1613 1212 1651 sementem
1236 1612 1325 1659 facit,

445 1669 487 1704 Et
515 1666 651 1705 summo
673 1672 707 1704 in
727 1682 806 1704 arua
828 1666 861 1704 se
884 1668 998 1704 labore
1023 1666 1201 1705 conferens

446 1722 608 1770 Exportat
635 1721 719 1758 vlnis
743 1721 853 1757 cultor
874 1725 942 1770 agri
965 1719 1100 1762 semina,

445 1775 549 1810 Tunc
573 1773 696 1823 sparsor
718 1777 787 1810 exit
809 1777 986 1823 Scorpius,
1019 1788 1098 1810 nam
1116 1771 1279 1823 spargitur

443 1827 485 1861 Et
507 1826 675 1876 diffipatur
697 1830 844 1863 triticum
871 1830 903 1863 in
926 1839 1029 1864 terrae
1055 1826 1193 1870 domos,

317 1885 387 1917 130
441 1880 486 1914 Vt
506 1882 591 1915 intus
614 1882 762 1916 hominis
786 1880 908 1929 perfica
932 1879 1086 1929 augescat
1112 1878 1214 1929 seges.

519 1931 595 1967 Post
613 1931 765 1969 tortuosis
783 1934 899 1970 circuli
917 1936 953 1970 in
966 1932 1059 1984 spiris
1078 1931 1219 1983 sequens

334 355 404 381 100

1559 395 1765 432 GEMINI.

331 618 397 653 ¹05

1549 658 1658 696 CAN
1657 658 1764 695 CER.

329 885 341 908 1
356 884 398 908 ιο
1631 872 1748 909 LEO.

324 1149 394 1184 1¹5
1575 1135 1757 1174 VIRGO.

320 1412 392 1439 120

320 1626 389 1661 ¹²5
1489 1612 1752 1653 SCORPIVS.

1391 1928 1511 1966 SAGI
1520 1928 1754 1966 TTARIVS.

1739 1976 1860 2019 Miffor

1007 2075 1044 2104 fic
1065 2072 1207 2115 vsurpant
1231 2074 1335 2102 Aratus
1359 2078 1387 2101 et
1408 2067 1560 2100 Manilius.
1619 2070 1757 2100 Ceterum
1780 2070 1858 2102 inter

1005 2118 1064 2148 alia
1079 2118 1235 2157 significata
1253 2113 1345 2152 χηλῆ,
1368 2117 1454 2145 etiam
1472 2115 1510 2143 est
1520 2114 1712 2151 alimentum,
1736 2114 1804 2144 hinc
1819 2113 1855 2145 il-

1005 2162 1057 2193 lud
1077 2159 1205 2202 φορτικέγ
1223 2170 1361 2195 etymon,
1387 2161 1434 2188 cui
1450 2158 1470 2187 fi
1487 2168 1545 2187 non
1560 2157 1714 2188 credidero
1729 2169 1789 2188 non
1805 2158 1855 2188 de.

1005 2208 1094 2237 finam
1112 2213 1268 2247 propterea
1286 2204 1467 2234 Christianus
1484 2200 1549 2232 ess‘e.
1595 2203 1645 2239 [Et
1664 2201 1731 2232 sane
1752 2213 1853 2233 recen-

1003 2254 1061 2281 tius
1078 2252 1185 2280 astrum
1203 2249 1258 2284 cst,
1281 2247 1361 2288 quod
1385 2247 1503 2276 Libram
1524 2256 1663 2276 vocamus
1680 2254 1732 2276 etc.
1755 2246 1853 2285 Heri]

103 2065 268 2098 scientibus.
322 2070 425 2111 Itaque
455 2071 551 2112 priori
579 2070 736 2102 sententiae
761 2075 861 2116 potius
888 2073 954 2104 sub·

103 2109 205 2142 scribo.
253 2113 358 2148 (Forte
377 2124 438 2144 non
452 2124 529 2155 opus
547 2115 737 2157 inquisitione
751 2118 909 2154 ulteriore,
924 2117 954 2160 fi

101 2153 277 2195 obscrzut'ur
292 2156 415 2198 adsolis
432 2159 515 2189 vires
527 2159 559 2190 in
575 2159 833 2192 dodecatemoriis
850 2172 869 2192 a
882 2172 952 2202 poe-

100 2203 135 2229 ta
152 2199 269 2240 respici,
293 2211 388 2242 nsque
402 2203 480 2232 enim
495 2212 605 2233 cancer
617 2213 674 2244 per
686 2203 722 2245 se
741 2203 877 2246 κάρπιμος
899 2216 952 2238 nec

99 2245 166 2272 Mur
181 2242 351 2287 {llius-asca!
364 2243 500 2286 καίρπιμος
515 2247 546 2276 in
571 2245 693 2278 Cancro
705 2248 764 2289 s⁰''2
789 2254 819 2280 et
843 2248 950 2279 σ’λλῦων

99 2288 132 2318 in
147 2287 266 2325 Leone.)
313 2291 430 2327 [Notae
448 2291 574 2320 Fabricii
590 2289 743 2323 subscribit
758 2293 948 2332 tiedericus]

143 2343 172 2362 v.
184 2342 238 2369 ¹¹9·
254 2334 377 2373 παρθένε
393 2336 465 2370 βίος)
480 2336 557 2365 Hinc
572 2335 650 2376 apud
661 2337 788 2367 Graecos
805 2339 948 2378 Παρθενία

101 2374 208 2406 dicitur
227 2387 312 2417 pura
337 2379 416 2414 vilo,
441 2377 645 2410 etParthenii
660 2379 742 2415 diffl,
759 2383 830 2411 teste
846 2383 946 2420 Suida,

100 2419 124 2447 οἳ
139 2416 299 2461 {aberfrau
324 2432 419 2463 neque
436 2423 492 2452 hoc
513 2421 625 2460 solum,
648 2435 757 2466 purum
780 2425 899 2467 pelagus
917 2435 946 2457 et

101 2464 201 2504 piratis
223 2467 417 2503 intentatum,
441 2466 553 2497 dic'hlm
574 2468 630 2503 est,
654 2471 796 2509 παρθένιον
810 2472 944 2506 πέλαγος.

142 2517 171 2537 v.
198 2518 259 2538 120.
282 2508 388 2545 χηλαὶ)
426 2512 559 2542 Nomine
585 2511 742 2542 Chelarum
767 2513 944 2553 intelligitur

98 2548 197 2588 Libra,
220 2555 289 2594 quia
306 2553 413 2584 Chelae
427 2556 526 2592 (cuius
539 2555 799 2588 dodecatemorion
814 2561 844 2588 in
854 2559 943 2589 Libra

102 2592 224 2632 finitum
246 2604 358 2639 partem
373 2607 518 2642 occupant
537 2600 626 2642 ipsius
651 2601 767 2632 Librae.
811 2605 847 2634 Et
869 2613 942 2633 vero

1046 2306 1075 2324 v.
1092 2305 1154 2330 124.
1179 2293 1323 2332 rfeoeoe'im)
1347 2293 1419 2321 Non
1433 2289 1499 2320 satis
1515 2288 1649 2328 intelligo
1665 2290 1736 2320 haec
1751 2291 1853 2321 verba.

1002 2341 1105 2379 Itaque
1127 2335 1338 2378 problematice
1362 2337 1529 2376 inquiram:
1565 2336 1608 2364 An
1629 2336 1698 2375 quia
1721 2337 1853 2365 triticum

1001 2382 1179 2424 expenditur
1193 2380 1227 2410 ad
1248 2381 1380 2410 stateram
1409 2386 1437 2408 et
1458 2379 1490 2408 fit
1510 2377 1699 2409 demensum?
1732 2381 1776 2409 An
1797 2390 1851 2421 po.

1000 2429 1058 2456 tius
1076 2437 1129 2468 per
1148 2423 1253 2465 τραφεὶς
1269 2423 1405 2465 pecudes,
1431 2422 1461 2452 id
1478 2423 1527 2459 est,
1551 2420 1589 2451 τοὶ
1604 2424 1782 2463 θρέμματα,
1806 2426 1850 2453 in.

999 2470 1111 2509 telligi?
1143 2469 1295 2508 Ignoscanr
1320 2467 1429 2497 eruditi
1448 2469 1551 2506 ignaro
1567 2474 1596 2496 et
1617 2468 1786 2506 ambigenti.

1042 2526 1069 2543 v.
1098 2524 1158 2550 129.
1191 2512 1381 2553 σκορπίζετοᾳ)
1419 2513 1526 2553 Neque
1557 2512 1604 2541 hic
1624 2511 1755 2541 ausculto
1779 2512 1850 2541 huic

997 2557 1206 2597 etymologiae.
1258 2558 1337 2587 Nam
1354 2557 1374 2586 fi
1390 2557 1460 2585 haec
1474 2558 1504 2586 in
1521 2557 1643 2596 Scorpio
1659 2555 1738 2587 valet
1760 2559 1849 2593 ratio,

996 2613 1071 2641 rogo
1087 2613 1153 2640 vos,
1177 2611 1268 2644 quare
1285 2602 1402 2642 Nepam
1417 2610 1477 2631 non
1493 2599 1651 2641 sequetur?
