2183 2747
235 59 298 90 voi.
311 60 333 89 1.
354 69 380 95 ρ.
393 60 527 95 worm
903 59 1062 97 AVREA
1095 61 1323 101 CARMINA.
1602 70 1732 110 LibJI.
1750 86 1827 113 c.12.
1930 91 1999 128 799

229 158 361 196 'roclem
373 186 384 200 ,
410 167 525 208 putat,
554 157 611 206 qui
628 156 667 192 ab
683 151 825 192 Eusebio
844 154 888 192 est
905 154 1116 206 confutatus,
1142 173 1220 196 cuin
1238 160 1357 198 diuersi
1374 161 1437 200 sint
1455 174 1486 201 et
1503 169 1631 207 maiore
1654 185 1755 221 quani
1782 171 1899 210 saeculi
1924 173 1992 226 spa.

227 214 276 249 tio
290 226 308 247 a
327 209 359 248 se
374 214 518 247 inuicem
535 209 653 246 distent
669 210 845 246 Hierocles
859 211 1034 254 Bithyniae
1050 223 1082 248 et
1095 213 1169 262 post
1185 214 1405 253 Alexandriae
1428 221 1615 272 ἔπαξχοςἿ
1643 224 1698 268 (dc
1718 241 1786 276 quo
1802 230 1990 266 Ladamius

227 274 327 316 atque
349 261 506 301 Eusebius
531 261 603 310 ⁹⁴⁴))
639 273 670 298 et
693 263 861 299 Hierocles
886 262 1109 314 philosophus
1137 266 1324 316 platonicus
1348 271 1590 311 Alexandrinus
1621 277 1676 324 (de
1701 293 1769 328 quo
1793 282 1928 317 Photius
1951 297 1991 320 ac

225 317 343 355 Suidas
359 317 446 365 Π0).
498 319 616 367 Neque
633 315 815 353 audiendus
835 316 878 352 est
898 315 987 352 idem
1003 318 1060 366 [if]
1076 318 1215 368 lonlius,
1238 324 1419 367 iuniorem,
1445 324 1554 363 nescio
1573 343 1686 379 quein,
1702 331 1878 370 Eusebium
1897 348 1990 372 coin·

224 369 422 415 miniscens,
450 385 528 407 cum
548 373 648 406 etiam
667 371 876 406 Laclaiitiuin
893 372 935 405 ita
950 370 1076 408 necess'e
1090 369 1178 410 foret
1200 374 1303 410 alium
1326 378 1536 416 comminisci
1559 384 1737 422 iuniorem,
1792 390 1837 423 At
1859 402 1902 423 ne
1926 390 1988 425 3153

223 436 424 474 argumenta
439 439 456 460 a
473 422 669 460 doetiffimis
690 426 765 459 viris
783 422 872 459 Guil.
893 426 1008 460 Caueo
1029 428 1063 460 in
1089 426 1172 462 Hist.
1190 426 1355 473 literaria,
1383 432 1610 472 Tillemontio
1631 447 1714 474 toin.
1733 442 1773 475 V,
1801 451 1883 491 past.
1898 443 1921 477 Ι.
1951 457 1985 493 p·

221 490 291 522 333.
315 477 392 515 edit.
410 477 540 514 Bruxel.
569 479 720 513 Memor.
739 477 825 513 Hist.
842 475 956 513 eccles.
985 492 1017 528 p.
1037 482 1107 517 606
1124 477 1168 530 sq.
1194 491 1225 516 et
1239 483 1334 519 Petro
1361 485 1480 531 Bayiio
1505 489 1606 535 [tom.
1622 492 1661 526 11.
1690 507 1723 541 p,
1739 500 1811 540 753,
1835 504 1866 530 et
1889 495 1986 546 760]

219 533 332 568 Lexici
349 534 381 568 in
397 529 551 567 medium
566 530 663 567 allata
680 529 887 580 producam,
913 529 1004 566 idem
1020 532 1097 576 ille,
1126 547 1228 583 quein
1246 534 1333 576 dixi,
1362 541 1489 575 Aeneas
1509 542 1615 590 probe
1637 543 1886 595 distinguendos
1911 562 1984 585 rno-

217 598 301 622 nens
316 599 349 635 p.
366 597 420 630 24.
438 583 515 621 edit.
532 586 675 629 Banhii,
700 582 866 634 Ἱεροκλῆς
883 578 935 626 δὲ,
963 587 1088 636 inquit,
1117 584 1171 635 ἐχ
1185 585 1200 626 o‘
1215 582 1446 635 διδάσκαλος,
1473 591 1563 633 αλλ’
1580 594 1595 633 ὁ
1618 596 1913 649 προβαλλόμενα
1931 600 1984 641 ,502

217 635 435 688 θαυμάσιοι,
459 635 586 678 ἅπιςον
605 632 665 686 &dl
681 638 770 676 τέτο
786 637 1012 688 προσέθηκεν.
1067 639 1168 688 Qod
1187 655 1249 676 nec
1263 656 1280 678 a
1299 643 1474 682 Pearsonio
1489 649 1524 682 in
1537 648 1671 685 eruditis
1687 663 1719 688 et
1739 652 1918 690 luculentis
1941 655 1982 692 ad

216 692 415 729 Hieroclem
431 690 685 741 prolegomenis
698 720 706 733 ,
733 705 795 726 nec
809 706 826 725 a
844 689 955 727 IOiisso
972 690 1242 730 animaduersum
1258 693 1392 733 foi-taffo
1411 700 1584 737 mirabitur
1606 702 1735 753 leclor,
1758 703 1813 742 sed
1839 717 1871 742 et
1892 706 1980 744 fimi.

213 745 263 782 les
279 745 332 780 vel
347 748 448 780 etiam
463 747 611 780 minores
627 743 903 780 hallucinationes
919 743 942 779 si
960 747 1045 780 mihi
1061 759 1139 781 curn
1158 750 1253 783 tantis
1270 751 1345 785 viris
1358 754 1553 802 neutiquam
1577 757 1809 807 comparando
1833 761 1912 797 hinc
1932 765 1982 797 in·

213 797 255 834 de
271 796 473 843 exciderint,
500 799 632 833 veniam
658 796 736 833 dare
760 810 832 832 non
853 798 1056 845 grauabitur.
1093 797 1194 846 [adde
1219 801 1353 850 Gotljj'bz
1374 804 1542 842 Olearium
1563 806 1604 844 ad
1630 812 1664 847 li.
1684 812 1708 848 l.
1730 811 1848 856 Ionffi,
1875 828 1978 864 quem

210 849 379 900 praemisit
402 848 531 885 Eusebii
550 848 754 892 defensioni,
783 846 919 885 insertae
946 849 1083 887 editioni
1106 849 1180 888 suae
1207 853 1413 900 Philostrati,
1447 872 1481 908 p.
1503 863 1575 903 416.
1593 862 1775 901 Burmann.
1802 865 1843 902 ad
1864 865 1975 905 Vales.

210 901 401 940 Emendatt.
426 916 458 952 p.
474 915 507 949 9.
542 902 663 948 Harl]
732 901 896 937 Hieroclis
918 907 1178 940 commentarium
1198 908 1232 942 in
1259 921 1357 944 aurea
1386 914 1554 956 carmina,
1580 914 1746 966 insignem
1767 920 1886 968 plane,
1913 935 1976 957 nee

209 955 530 1004 grainmatissicuin.,
555 951 611 991 sed
634 952 912 1006 philosophicum
928 966 960 991 et
976 959 1112 993 auclore
1132 956 1202 1008 ipso
1219 960 1296 996 teste
1319 964 1561 1014 compendium
1586 966 1789 1018 dogmatum
1806 976 1975 1024 pythago-

207 1013 359 1046 ricorum
381 1008 621 1058 complexum,
648 1011 778 1059 primus
801 1023 818 1044 e
841 1010 915 1044 MS.
938 1009 1053 1046 codice
1071 1013 1215 1048 Venetiis
1239 1028 1256 1048 a
1275 1011 1307 1050 se
1333 1029 1425 1054 emto
1451 1021 1566 1063 vertit,
1594 1021 1692 1058 latine
1707 1023 1810 1062 edidit
1826 1038 1858 1062 et
1872 1029 1973 1064 Nico-

207 1064 264 1102 Iao
282 1065 322 1099 V.
340 1062 492 1098 Pontifici
515 1060 637 1098 dicauit
655 1061 813 1097 Iohannes
828 1061 979 1111 Auriſjm
1002 1064 1149 1106 Siculus,
1177 1067 1319 1112 Patauii,
1348 1082 1441 1116 1474-
1468 1084 1500 1115 4,
1528 1087 1588 1122 pes
1609 1076 1821 1126 Basthplom'
1844 1078 1884 1115 de
1906 1080 1973 1118 val

205 1115 248 1153 de
270 1119 395 1152 Zoeco.
426 1114 505 1162 (vid.
520 1116 737 1150 Lambeei'um
754 1116 829 1153 VII.
856 1128 934 1165 pag.
954 1118 1031 1161 133.)
1059 1119 1164 1154 Rom.
1189 1131 1275 1164 1475.
1304 1134 1336 1166 4.
1366 1125 1565 1174 (Beughem.
1587 1130 1740 1166 incunab.
1764 1135 1970 1183 typograph‚

203 1184 239 1220 p.
257 1172 324 1214 73.)
347 1170 453 1203 Rom.
472 1180 560 1214 1495·
588 1167 759 1215 (biblioth.
770 1170 907 1204 Thuan.
924 1179 1009 1219 part.
1026 1171 1065 1205 11.
1085 1185 1118 1221 p.
1137 1174 1180 1217 a.)
1216 1174 1380 1212 Eamdem
1400 1177 1587 1217 verfionem
1603 1195 1621 1217 a
1638 1179 1671 1218 se
1689 1184 1902 1223 emendatam
1918 1200 1969 1224 re·

204 1221 280 1259 cudi
297 1224 426 1258 curauit
438 1219 614 1257 Vdalricus
636 1220 767 1269 lansius,
791 1222 911 1266 ICtus,
936 1221 1032 1260 Bafil.
1060 1235 1146 1271 1543.
1175 1234 1205 1266 8·
1235 1225 1293 1273 [If]

311 1301 372 1348 [Vt
399 1298 516 1336 ordine
536 1299 655 1336 melius
676 1299 881 1351 procedam,
909 1299 950 1338 de
971 1301 1171 1340 editionibus
1187 1315 1219 1341 et
1237 1307 1368 1354 primae
1382 1306 1538 1346 versionis
1555 1311 1676 1351 latinae
1692 1326 1725 1352 et
1742 1320 1853 1366 graeci
1869 1331 1964 1355 com-

199 1355 353 1391 mentarii
365 1382 375 1396 ,
402 1364 476 1390 tum
494 1352 703 1404 reliquorum
719 1351 974 1403 opusculorum,
997 1370 1081 1406 quae
1097 1359 1183 1393 mihi
1199 1358 1335 1408 quidem
1353 1365 1488 1410 cognita
1500 1361 1586 1409 sunt,
1613 1365 1753 1406 inseram
1765 1399 1774 1413 ‚
1802 1372 1963 1408 Fabricia-

197 1410 248 1443 nis
270 1409 441 1443 immixtis.
502 1408 555 1443 De
576 1405 674 1443 codd.
690 1408 818 1442 Msstis
844 1404 941 1457 supra
964 1411 1049 1445 inter
1071 1409 1170 1447 codd.
1194 1414 1405 1462 Pythagorae
1426 1419 1494 1451 iam
1518 1421 1667 1468 egimus:
1703 1424 1819 1473 quibus
1841 1423 1962 1462 addas:

196 1461 363 1496 Hieroclir
380 1468 584 1495 commentar.
600 1463 634 1495 in
649 1460 696 1496 A.
717 1461 755 1496 C.
774 1460 990 1509 Pythagorae
1001 1465 1037 1498 in
1051 1464 1252 1501 bibliotheca
1269 1469 1395 1503 Veneta
1416 1470 1460 1506 D.
1477 1472 1586 1507 Marci
1609 1472 1683 1510 cod.
1701 1478 1832 1513 CXCII.
1857 1477 1959 1514 testib.

196 1515 336 1551 Zanetto
358 1523 390 1548 et
405 1514 664 1563 Bongiovannio
685 1515 720 1548 in
736 1514 904 1563 catalogo
928 1528 961 1563 p.
978 1528 1054 1562 109.
1083 1538 1131 1545 -—
1160 1519 1211 1554 10.
1229 1519 1416 1568 Aurispac,
1441 1524 1557 1565 Siculi,
1584 1528 1683 1575 versso
1706 1529 1869 1566 Hz'croctif
1884 1531 1960 1577 plu·-

192 1567 319 1615 Iosoplii
336 1567 435 1602 Stoici
449 1566 671 1614 etsanfi'ffmi
685 1569 717 1601 in
733 1579 849 1602 aureos
863 1568 978 1616 versus
993 1570 1226 1618 Pythagorae,
1252 1573 1395 1620 <mastali
1410 1576 1565 1623 religioni
1584 1579 1773 1627 clirssianac
1795 1584 1957 1632 confinia.

191 1623 261 1664 nei,
290 1621 334 1656 ad
351 1619 524 1656 Nicolaum
545 1619 592 1654 V.
610 1620 738 1667 Pontis]
757 1620 855 1656 Max.
883 1620 960 1658 cod.
977 1623 1066 1660 MSt.
1083 1625 1118 1658 in
1134 1623 1284 1660 biblioth.
1302 1627 1429 1663 Veneta
1445 1629 1477 1664 S.
1493 1631 1655 1669 Michael.
1680 1632 1766 1670 edita
1787 1650 1805 1671 a
1825 1638 1874 1672 Io.
1891 1638 1956 1673 Be-

189 1674 260 1708 ned.
276 1671 485 1715 Mittarello,
512 1674 736 1719 Venet.1779.
761 1670 824 1709 fol.
847 1688 882 1723 p.
897 1681 947 1716 82.
975 1678 1031 1725 qui
1054 1676 1229 1727 epistolam
1254 1684 1535 1729 nuncupatoriam
1557 1684 1670 1721 recudi
1693 1684 1782 1724 fecit.
1837 1691 1875 1726 In
1895 1689 1954 1727 illa

189 1728 235 1761 ait
249 1722 388 1774 Aurispa
403 1727 490 1761 inter
501 1725 582 1769 alia,
610 1722 642 1762 se
665 1722 776 1762 versus
800 1739 940 1776 graecos
955 1742 1026 1765 non
1043 1727 1153 1766 versus
1174 1731 1294 1768 latinos
1311 1730 1440 1778 feciffe3
1466 1732 1521 1771 sed
1547 1738 1686 1775 verbum
1710 1753 1751 1776 ex
1771 1742 1874 1779 verbo
1895 1756 1949 1779 ex-

214 1775 350 1818 ressiffe,
375 1787 410 1814 vt
423 1780 458 1813 in
473 1777 674 1827 exponendo
697 1778 809 1829 postea
824 1779 922 1816 verba
939 1794 1011 1818 non
1026 1785 1231 1820 variarentur
1246 1796 1278 1821 et
1295 1783 1544 1836 responderent.
1570 1789 1655 1827 adde
1674 1792 1754 1830 ibid.
1774 1808 1806 1844 p.
1824 1807 1901 1840 492.
1917 1806 1952 1833 et

185 1844 263 1878 977.
318 1831 372 1866 De
386 1829 536 1878 Aurifipa
554 1828 707 1867 sollerter
718 1834 787 1880 agit
800 1833 994 1881 Mongitore
1008 1837 1044 1870 in
1060 1837 1258 1874 bibliotheca
1276 1840 1384 1876 Sicula
1400 1850 1484 1877 tom.
1499 1844 1527 1879 I.
1552 1856 1587 1892 p.
1605 1856 1664 1888 322
1678 1842 1724 1895 sq.
1751 1848 1803 1883 vbi
1820 1858 1946 1893 tamen,

184 1881 217 1920 se
233 1880 369 1924 nescire,
385 1879 518 1925 fatetur,
546 1883 680 1919 vbinam
694 1894 727 1920 et
741 1885 877 1934 quando
891 1885 1030 1938 Aurispa
1046 1890 1163 1926 obierit
1179 1889 1269 1927 diem
1286 1890 1501 1942 supremum:
1527 1897 1731 1935 Mittarellus
1747 1911 1859 1937 autem
1874 1902 1898 1938 l.
1914 1915 1944 1939 c.

181 1934 292 1974 scribit
315 1949 349 1987 p.
368 1942 418 1978 83.
444 1931 620 1985 Aurispam
649 1934 762 1972 obiisse
783 1950 836 1973 an.
855 1950 944 1985 1459.
967 1947 1247 1990 nonagenarium.
1285 1945 1386 1993 (adde
1408 1948 1567 1985 Giornale
1593 1947 1726 1987 d'Italia
1748 1962 1834 1990 torn.
1852 1956 1943 1992 xm.

180 2004 215 2041 p.
233 1992 307 2026 262.
338 1988 545 2035 Bronckliiis.
563 1987 602 2024 ad
619 1988 747 2026 Tibull.
763 1991 786 2024 I.
814 1989 899 2039 eleg.
916 2004 949 2028 2.
974 1992 1056 2030 vers.
1074 2007 1127 2041 24.
1181 1999 1253 2034 Iam
1269 2001 1357 2042 1416.
1374 1998 1486 2036 obiisse
1501 2015 1578 2038 euni
1591 2030 1601 2045 ‚
1631 2004 1846 2042 contenderat
1862 2010 1942 2044 Vin-

180 2046 306 2080 centius
321 2044 442 2078 Littara
461 2042 515 2077 lib.
535 2054 562 2077 2.
581 2040 622 2078 de
637 2042 732 2078 rebus
748 2043 877 2079 Netinis
893 2058 927 2094 p.
941 2058 990 2091 41.
1009 2057 1092 2084 tom.
1111 2050 1184 2086 XII.
1203 2049 1282 2086 thes.
1299 2051 1384 2087 Sicil.
1406 2050 1460 2089 sed
1486 2051 1557 2090 falli
1582 2069 1660 2093 eum
1673 2086 1681 2100 ,
1708 2068 1739 2094 et
1761 2058 1939 2111 Autispam

177 2110 234 2134 au,
249 2108 338 2144 1457·
353 2091 586 2146 superuixiffe⁷
610 2096 730 2147 probat
747 2096 903 2134 Rocchus
919 2100 1050 2148 Purus,
1076 2104 1173 2139 notit.
1196 2101 1310 2142 eccles,
1332 2103 1483 2153 Syracus,
1501 2121 1537 2158 p.
1552 2111 1673 2154 225.'et
1692 2111 1790 2150 Hier.
1806 2112 1937 2165 Ragiisa

1899 2182 1936 2205 in

217 2248 288 2288 qqq)
326 2243 397 2275 Vid.
416 2243 577 2275 Tillemont
603 2245 735 2276 Memor.
764 2244 863 2278 cedet:
900 2254 973 2278 tom.
987 2249 1026 2279 V.
1081 2250 1281 2282 CCXXXXII.
1304 2262 1333 2293 p.
1352 2262 1434 2292 ¹037·
1458 2254 1519 2285 vid.
1535 2258 1641 2290 Kiister
1660 2259 1699 2290 ad
1723 2261 1843 2293 Snidam
1864 2275 1932 2295 voc,

1076 2291 1222 2333 Ἱεροκλῆς.
1289 2296 1418 2327 Eudocia
1449 2300 1479 2329 in
1510 2299 1597 2336 'linui
1622 2314 1687 2344 pag.
1710 2315 1782 2342 244.
1803 2308 1930 2349 paucula

168 2296 247 2333 part.
261 2292 284 2320 1.
307 2299 372 2331 pag.
387 2297 438 2326 79.
1150 2341 1153 2344 Ι

1076 2339 1194 2368 e·Suida
1210 2342 1358 2382 excerpsit.
1391 2342 1465 2372 adde
1479 2343 1632 2378 Bi·nckeri
1646 2350 1721 2380 fflst.
1738 2354 1802 2381 crit.
1818 2352 1927 2394 philos?

210 2382 280 2414 rrr)
308 2378 351 2407 Ex
375 2375 519 2406 Damascii
542 2378 603 2406 vita
633 2375 736 2407 Isidori
757 2377 945 2421 philosophi,
976 2381 1021 2410 vti
1074 2381 1134 2411 vol.
1150 2385 1185 2413 11.
1201 2395 1263 2427 per.
1279 2386 1315 2416 11.
1329 2394 1405 2428 pai-t.
1420 2389 1442 2418 Ι.
1460 2386 1514 2419 lib,
1528 2392 1553 2423 Ι,
1577 2402 1638 2436 cap·
1653 2404 1683 2425 Ζ,
1704 2405 1733 2438 Ρ,
1747 2405 1926 2433 305—3ffi,

165 2429 250 2467 patet
269 2432 306 2454 ex
321 2423 475 2465 Excerptis
493 2431 530 2455 ex
551 2422 603 2454 ina
619 2423 680 2454 vita
698 2422 777 2466 apud
792 2424 932 2457 Photiuni
952 2424 1018 2456 cod.
1069 2426 1167 2459 Harl,
