2183 2747
449 110 511 145 DE
563 107 927 144 INCREDIBILIBVS.
1084 106 1194 143 LibJ.
1222 107 1370 146 c.XX1.
1716 118 1788 158 189

23 209 83 246 bus
103 205 293 256 acce-fferam
302 205 424 255 fimilis
447 206 629 255 argumcnti
653 204 839 255 Palaephati
864 203 905 240 de
925 201 1083 240 sabulosis
1104 205 1366 248 narrationibus,
1391 203 1476 241 liber
1490 207 1527 247 1..
1548 206 1586 240 F.
1610 205 1784 254 Fulgentii

21 260 193 298 placiadis
217 260 372 307 Epgstvpi·
397 259 659 308 C'arrlxaginrnsts
680 258 967 306 Mytliologiarum
988 259 1062 292 libri
1079 257 1151 293 III.
1204 258 1360 305 Eiusdem
1382 258 1421 293 de
1441 270 1551 293 vocum
1573 261 1782 305 antiquarum

19 315 288 360 interpretatione
304 314 355 346 lib.
368 314 396 347 I.
425 311 526 346 Arati
543 311 999 362 (pmrws'iwvfl‘agmmtum,
1028 311 1220 346 Germanico
1239 311 1374 358 Caesare
1388 313 1571 357 interprete.
1627 310 1784 359 Eiusdem

23 366 257 408 Phaenomma,
270 377 394 413 graece,
423 377 491 399 cum
507 367 771 411 insufflo-statione
785 365 896 400 latina.
951 363 1065 399 Procli
1078 363 1264 411 deſjahaera
1279 364 1411 407 lihellm,
1435 375 1548 412 graece
1562 370 1592 399 ct
1610 362 1670 400 lat.
1725 366 1785 399 ,ln-

20 418 86 456 ὡκ·
101 428 162 455 etc.
189 417 332 454 Bafileae
347 416 434 468 apud
450 419 497 454 Io.
516 419 727 468 Heruagium
744 431 771 454 a.
790 419 841 454 M.
856 419 898 454 D.
918 419 1055 454 XXXV.
1078 414 1191 452 mense
1207 419 1343 455 Martio.
1361 417 1432 454 Fol.

190 496 308 534 Editor
330 495 392 533 fuit
416 497 521 532 Iacob.
538 497 713 544 lisizylltts,
747 499 802 548 qui
825 499 859 533 in
880 493 1085 548 praefatione
1108 493 1162 532 seu
1185 496 1331 548 Epistola
1355 495 1396 533 ad
1418 498 1591 533 Othonem
1613 491 1785 533 Truchscs

21 563 41 589 n
54 551 230 600 Vualburg
255 549 296 586 de
310 552 455 600 Hygino
478 559 608 585 tantum
635 547 789 587 differuit.
844 551 1030 600 Pbcfianini
1051 547 1109 596 (fic
1126 563 1255 586 nomen
1268 560 1438 587 exaratum
1456 549 1527 595 esi),
1556 545 1719 598 praefatio
1739 558 1784 585 at-

21 619 87 656 que
108 606 336 654 interpretatio
358 605 473 652 incipit
494 616 511 637 a
533 616 608 653 pag.
630 616 692 648 114.
749 600 873 639 Recusa
898 603 943 639 est
969 602 1024 638 illa
1049 601 1170 646 editio,
1197 605 1358 654 auctaque
1385 603 1507 640 Albrici
1528 597 1722 652 Philosophi
1744 599 1786 637 de

21 659 177 696 Deorum
200 657 399 706 imaginibus
421 657 518 691 libro.
572 655 666 691 Basil.
685 669 773 703 ¹549·
797 653 858 691 sol.
875 654 948 692 add.
968 657 1017 691 Io.
1034 655 1195 703 Ephraim
1209 657 1361 693 Scheibels
1373 651 1644 693 Ash-ouomisehe
1666 653 1786 691 Biblio-

23 713 182 762 graphic,
207 707 282 746 sect.
300 711 322 745 1.
342 721 418 759 pag.
438 721 495 744 120
513 720 544 745 et
561 712 630 754 146.
662 731 704 736 —
738 723 800 746 rec.
821 708 896 745 ibid.
914 721 1001 756 1570.

191 788 366 836 Fulgzntii
385 786 561 834 Christiani
575 787 765 836 philosophi
779 788 1064 836 Iiffytlmlogiarum
1083 788 1159 824 libri
1179 795 1256 825 tres.
1309 786 1499 838 Palaephati
1515 785 1556 823 de
1568 800 1640 824 non
1653 785 1789 824 credenn

23 839 73 878 dis
87 838 219 882 sabuli&
241 841 353 883 latine,
381 843 558 890 interprete
578 840 734 891 Philippo
751 840 964 877 Phasianino:
991 841 1159 877 excutiebat
1175 842 1280 878 Henr.
1293 842 1429 880 Petrus,
1448 839 1541 877 Baffl.
1558 841 1643 887 1536.
1661 847 1692 881 8.

192 919 443 968 Cos-nurusstue
459 918 653 955 Pharnutus
673 919 711 954 de
731 926 852 955 natlbra
873 919 1006 954 deorum
1026 920 1199 968 gentilium
1219 927 1249 955 ct
1264 918 1450 969 Palaephati
1472 922 1682 970 poeticarum
1696 916 1788 954 sabu-

22 971 135 1009 larum
157 971 403 1021 explicationes.
426 984 475 1021 gr.
501 983 534 1007 et
554 972 609 1008 lat.
634 971 727 1008 Bastl.
754 970 821 1008 fine
843 985 942 1009 anno.
966 979 998 1014 8.
1051 975 1092 1009 In
1112 973 1248 1009 Fabricii
1269 971 1372 1009 nostri
1395 971 1478 1008 Bibl.
1498 969 1521 1008 s.
1538 972 1694 1022 Catalog.
1715 971 1789 1008 libr.

23 1027 59 1067 P.
83 1028 106 1061 I.
130 1021 205 1062 sec}-
227 1037 257 1060 2.
285 1038 316 1059 n.
342 1036 434 1067 1232.
461 1037 539 1075 pag.
565 1033 618 1070 78.

193 1101 346 1148 Palaeph.
367 1121 418 1128 -
444 1114 560 1150 graece
580 1109 611 1137 et
630 1102 686 1140 lat.
697 1115 762 1149 per
781 1102 975 1150 Philippum
998 1102 1238 1153 Phcfianinnm.
1262 1116 1290 1140 a.
1308 1115 1390 1151 1541.
1419 1104 1471 1150 (v.
1490 1101 1597 1139 Catal.
1614 1101 1691 1138 bibl.
1707 1103 1792 1138 Lau-

23 1165 106 1190 rent.
123 1165 207 1190 tom.
225 1156 265 1190 11.
283 1168 313 1203 p.
332 1155 435 1198 609.)
463 1155 496 1190 Si
513 1168 608 1190 verus
626 1154 684 1190 ille
699 1153 887 1204 designatus
904 1156 950 1192 est
963 1169 1088 1199 annus,
1122 1170 1191 1193 non
1215 1160 1258 1192 ita
1280 1156 1390 1192 multo
1416 1155 1490 1206 post
1511 1158 1648 1204 repetita
1672 1153 1716 1190 est
1731 1153 1790 1190 illa

22 1206 143 1250 editio,
166 1220 247 1242 nam
268 1209 302 1242 in
327 1206 495 1256 Catalogo
514 1207 668 1244 Biblioth.
698 1206 853 1256 Lugdun.
868 1208 903 1242 Β.
929 1219 1083 1251 notatur,
1118 1209 1260 1245 Bassleae
1274 1214 1362 1255 1563.
1423 1206 1614 1257 Adscriptae
1635 1204 1710 1242 sunt
1740 1205 1791 1241 illi

21 1259 179 1310 exemplo
200 1260 275 1296 MS.
296 1259 457 1296 lectiones
481 1263 599 1296 variae.
655 1263 695 1297 In
713 1261 856 1296 Fabricii
878 1260 1046 1310 Catalogo
1066 1261 1155 1312 15er
1164 1264 1249 1298 inter
1272 1261 1461 1312 Palaephati
1483 1259 1557 1297 edd.
1578 1270 1791 1296 memoratur

21 1311 46 1350 l.
61 1315 115 1348 cit.
130 1327 163 1362 p.
181 1325 231 1358 77.
252 1326 285 1348 n.
302 1324 384 1359 1225.

188 1390 358 1439 Fulgentii
378 1390 620 1440 Mythologiar.
643 1391 721 1427 libri
735 1392 808 1428 III.
826 1393 863 1429 it.
877 1390 1096 1442 Palaephatus
1110 1397 1142 1427 et
1157 1390 1492 1439 Albrici'Plzilosophi
1508 1391 1547 1426 cle
1566 1389 1700 1426 deorum
1715 1392 1791 1425 ima·

22 1443 163 1494 ginibut.
191 1443 390 1479 I’liornntus
404 1444 444 1479 de
459 1451 580 1480 natura
595 1445 682 1480 deor.
698 1443 792 1480 Bam.
810 1443 899 1494 apud
914 1446 1020 1481 Henr.
1036 1447 1170 1480 Petrum
1189 1456 1272 1492 1543.
1293 1452 1324 1487 8.
1356 1445 1408 1481 Ab
1424 1447 1486 1480 hac
1500 1443 1643 1479 editione
1663 1440 1792 1478 diuersa

23 1495 69 1534 est
86 1509 123 1532 ea
137 1492 283 1532 eiusdem
300 1498 390 1540 anni,
407 1495 448 1533 de
460 1510 523 1546 qua
538 1499 588 1532 vir
602 1496 692 1533 idem
708 1497 762 1533 ille
773 1497 934 1534 doc‘lush.
948 1497 970 1533 l.
990 1499 1025 1533 in
1039 1496 1121 1533 Bibl.
1135 1510 1185 1547 gr.
1200 1500 1242 1533 ita
1256 1494 1441 1547 scripserat3
1469 1496 1613 1540 „Habeo
1627 1505 1659 1531 et
1677 1494 1794 1531 editio-

21 1562 102 1586 nem
116 1549 403 1599 graeco-latinam
418 1549 535 1585 additis
558 1562 687 1600 praeter
710 1552 922 1587 Phornutum
945 1550 1035 1585 libris
1058 1550 1159 1586 tribus
1179 1553 1370 1586 recentioris
1391 1547 1557 1599 scriptoris
1577 1548 1697 1584 Iuliani
1720 1551 1791 1584 Au·

20 1601 93 1638 mlii
109 1599 347 1652 Leffugniensis
363 1601 404 1638 de
419 1604 678 1652 cognominibus
695 1602 838 1639 deorum
853 1603 1050 1652 gentilium:
1085 1602 1149 1638 Sed
1167 1616 1285 1651 graeca
1309 1604 1471 1638 Phornuti
1494 1612 1526 1637 et
1539 1600 1728 1650 Palaephati
1744 1598 1791 1636 se-

20 1657 163 1705 paratim
182 1655 397 1701 exhibentur3
425 1652 601 1705 separatim
616 1655 766 1692 Conradi
783 1653 932 1692 Clauseri
952 1666 983 1691 et
999 1654 1183 1691 Phafianini
1200 1654 1318 1698 versio,
1332 1653 1426 1690 Bafil.
1445 1665 1530 1698 1543.
1546 1657 1604 1695 8.“
1632 1655 1671 1688 In
1686 1652 1791 1688 Mait-

19 1709 100 1744 turis
111 1718 224 1744 autem
242 1708 363 1745 Annal.
381 1719 518 1759 typogr.
533 1719 618 1745 tom.
636 1711 691 1746 111.
710 1720 796 1760 part.
814 1712 838 1745 I.
852 1722 930 1760 pag.
946 1720 1010 1755 353.
1027 1705 1197 1759 inscriptio
1214 1710 1294 1744 haec
1312 1707 1355 1744 est
1374 1706 1524 1758 plenior:

194 1802 337 1839 Cornuti
348 1802 384 1850 s.
401 1802 576 1838 Phummti
594 1804 632 1839 dc
653 1811 776 1839 natura
790 1804 923 1839 deornm
942 1805 1206 1843 commentarius,
1243 1809 1273 1838 et
1291 1801 1482 1851 Palaephati
1503 1798 1545 1837 de
1566 1797 1687 1836 sabulis
1708 1798 1794 1836 liber

22 1868 140 1906 graece
155 1865 188 1891 et
203 1855 317 1898 latine,
331 1857 509 1901 interprete
525 1856 616 1891 illius
631 1855 784 1892 Conrado
802 1856 950 1904 Clauscro
973 1856 1151 1904 Tigurino,
1167 1856 1259 1891 liuius
1271 1854 1427 1901 Philippo
1446 1853 1654 1904 Phoſsanino,
1677 1854 1793 1889 Bono-

21 1909 120 1958 „deust
128 1921 140 1947 ,·
165 1910 238 1943 item
254 1909 380 1943 Iuliani
393 1907 527 1943 Aurelii
544 1909 763 1959 Lcffigniersss
780 1910 820 1943 de
835 1910 1073 1957 cognominibus
1088 1909 1220 1944 deorum
1238 1909 1314 1942 libri
1328 1915 1402 1946 tres,
1419 1905 1512 1943 Bafil.
1533 1917 1618 1952 1543.
1635 1914 1667 1948 8.
1696 1907 1792 1941 Tex-

25 1960 237 2002 msAldinus
267 1959 436 1997 interdum
458 1970 604 1997 mutatus
627 1959 690 1998 esse
713 1961 861 2007 videtur3
895 1958 951 1998 sed
972 1971 1101 1997 certum
1124 1959 1232 1996 dicere
1253 1973 1405 2011 nequeo,
1429 1958 1617 2010 neque-Cl.
1634 1955 1791 1997 Fischero

25 2027 101 2051 enm
116 2013 193 2050 edit.
221 2013 327 2050 oculis
342 2010 499 2064 vsurpare
511 2014 616 2050 licuit.

195 2104 434 2157 Παλαιφοίτε
448 2124 527 2159 περι
543 2106 692 2150 'Anam
707 2107 907 2154 Palaephati
917 2107 957 2144 de
971 2106 1219 2144 incredibilibus.
1267 2105 1438 2144 Cornelius
1457 2107 1587 2143 Tollius
1601 2107 1634 2142 in
1649 2105 1791 2140 latinum

17 2161 199 2210 fimorum
218 2164 316 2196 vertit
334 2168 366 2196 et
384 2164 468 2196 notis
481 2161 660 2207 illustrauit
676 2160 720 2196 ο).
748 2160 885 2198 Amstel.
907 2160 998 2211 apud
1013 2159 1141 2196 Ludou.
1158 2159 1300 2196 Elzeuir.
1326 2162 1557 2197 clolacxmx.
1575 2171 1619 2195 η.
1656 2169 1687 2194 et
1700 2160 1790 2193 Lon-

24 2213 93 2262 din.
109 2217 202 2262 1656.
219 2220 250 2255 8.
305 2212 360 2249 Est
373 2213 557 2250 commoda
571 2213 686 2252 editio.
726 2216 880 2250 Textum
895 2212 1031 2263 quidem
1045 2212 1220 2261 vulgarem
1237 2209 1269 2249 se
1281 2211 1444 2250 retinuisse
1462 2216 1506 2250 ait
1521 2216 1554 2249 in
1568 2207 1789 2262 praefatione,

27 2277 186 2304 ettamen
198 2265 254 2303 vel
269 2264 320 2302 ed.
335 2264 522 2304 Bafileenfis
538 2269 732 2304 auctoritate
747 2267 916 2318 deceptus,
928 2266 982 2303 vel
996 2264 1056 2302 suo
1075 2265 1254 2315 indulgens
1267 2268 1417 2316 ingenio,
1444 2266 1567 2303 multas
1580 2262 1658 2302 Aldi
1672 2263 1790 2300 leelio-

1091 2322 1147 2356 Aa
1173 2331 1191 2363 3
1727 2328 1789 2351 nes

71 2413 109 2445 ο)
130 2411 226 2440 Notas
251 2406 316 2439 illas
338 2410 479 2446 Vorstio,
511 2411 597 2441 <nius
617 2409 750 2442 famulus
772 2409 878 2446 fuerit,
933 2410 1030 2451 floph.
1061 2407 1190 2441 Ar'nold.
1210 2411 1243 2440 in
1261 2407 1371 2441 litteris
1400 2407 1478 2445 datis
1498 2408 1537 2439 ad
1557 2409 1615 2440 lae.
1639 2404 1788 2439 Thomas:

30 2450 224 2496 ffifflpuiffe,
254 2453 374 2491 nescio,
405 2461 497 2495 quam
519 2465 611 2491 vere,
633 2456 773 2486 adfirmat
792 2456 880 2486 Chri-
932 2463 961 2484 a.
977 2459 1064 2494 ¹674·
1080 2453 1207 2487 Fabric.
