2183 2747
0 106 59 136 vd.
68 106 88 136 1.
106 116 132 143 p.
143 110 192 139 iot

489 107 708 144 ORACVLA
764 106 966 143 VETERA.
1139 106 1214 143 Lib.
1230 108 1259 142 1.
1289 120 1312 143 c.
1332 107 1376 143 X
1378 107 1419 144 V
1415 109 1470 145 Jt.

1714 120 1771 154 ¹37

0 205 184 248 Boeotum,
211 200 466 245 Atheniensem,
496 202 682 247 Arcadem,
712 213 746 240 vt
768 202 867 240 docet
892 205 955 241 lac.
975 202 1134 239 Nicolaus
1150 202 1284 240 Loensis
1300 204 1368 240 Lib.
1386 207 1439 240 111.
1460 203 1666 255 Epiphyllid.
1691 219 1717 241 e.
1728 208 1768 243 11.

0 256 64 295 Sed
87 255 294 294 verisimilius
317 256 381 300 est,
407 271 511 293 vnum
537 255 632 294 suill'e
653 259 719 292 hoc
745 259 885 292 nomine
909 254 1172 306 antiquiffimum
1198 257 1375 293 Boeotium
1400 268 1530 300 vatem,
1563 261 1654 293 cuius
1669 257 1709 291 ”’)
1725 270 1771 295 et-

0 314 68 348 iam
79 309 352 347 Ciceromeminit
362 312 386 346 1.
402 309 443 346 de
460 309 835 358 diuinatione‚[c.18.]a
851 322 920 360 quo
930 308 1046 359 reliqui
1063 308 1104 345 ad
1121 320 1251 360 tempus
1261 308 1523 346 afflatilimiliter
1533 308 1610 347 (1ίὸὶί
1627 307 1774 347 suntBa.

0 362 90 400 eides.
145 361 248 413 Qod
271 363 421 414 pluribus
446 360 632 399 ostensurus
656 374 725 399 erat
747 361 951 400 doctiffimus
975 362 1104 398 Petrus
1128 363 1253 398 Petitus
1275 365 1309 399 in
1333 361 1556 400 dissertatione
1578 360 1619 399 de
1643 363 1771 404 Bacide,

124 419 289 466 promittit
314 415 404 452 libris
423 414 465 453 dc
486 416 612 462 Sibylla
636 431 667 466 p.
685 429 735 461 ²7·
761 425 793 451 et
809 428 881 461 274.
934 417 1045 452 Etiam
1076 413 1276 452 Pisistratum
1305 415 1461 453 Bacidem
1491 419 1773 466 cognominatum

0 467 131 506 testatur
153 468 268 507 Suidas
292 479 324 505 et
344 468 539 505 scholiastes
561 470 802 519 Aristophanis,
843 468 930 515 [Pac.
946 483 976 504 v.
997 481 1081 513 ¹07¹·
1098 469 1150 503 vbi
1167 472 1202 505 in
1219 479 1307 505 textu
1322 469 1420 504 Bacis
1436 468 1492 505 ille
1510 472 1648 513 Atticus,
1684 478 1716 505 et
1739 472 1774 506 in

0 517 126 558 scholio
150 521 260 572 plures
289 522 424 557 Baca‘des
446 533 690 559 memorantur.
721 521 844 568 Harl]
910 523 976 572 Qi
1000 518 1089 557 sorte
1111 518 1175 557 fuit
1199 520 1404 558 Atheniensis
1434 522 1490 559 ille
1514 523 1605 558 Bacis
1628 521 1773 558 Philetao

0 572 87 624 apud
112 574 249 611 Suidam
272 575 399 612 obuius.
456 574 607 611 Arcadici
632 574 756 611 Racidis
781 573 916 610 oracula
941 589 959 610 a
990 571 1145 610 Pausania
1172 573 1391 626 proferuntur
1414 589 1485 612 non
1509 589 1577 611 vno
1609 578 1644 611 in
1673 574 1772 622 loco,

0 629 220 678 meminitque
250 630 319 664 eius
351 627 511 664 Clemens
534 642 669 678 quoque
692 641 716 664 1.
762 629 982 664 Stromatum.
1037 624 1159 664 Versus
1186 642 1203 664 a
1228 625 1260 664 se
1287 627 1492 679 compositos
1522 626 1632 664 Bacidi
1661 628 1773 664 tribuit

0 681 163 716 Luci-anus
187 679 228 716 de
252 691 363 717 morte
386 683 572 731 Peregrini,
597 679 694 730 [sect.
711 693 762 727 29.
788 680 855 716 vol.
869 683 923 716 111.
945 679 995 717 ed.
1013 681 1131 716 Reitzii
1155 681 1265 732 ibique
1280 695 1309 716 v,
1328 678 1417 718 Mos.
1434 680 1478 718 du
1501 680 1579 717 Saul
1602 692 1635 717 et
1649 681 1696 717 T.
1715 683 1772 717 Fa-

0 732 120 776 bruni,
149 733 213 780 H.]
266 747 350 784 quos
372 731 456 770 falso
478 737 601 771 iactatis
624 748 641 770 a
663 736 848 783 Theagene
871 733 1039 780 Sibyllinis
1062 737 1214 784 opponit.
1275 733 1383 770 Bacidi
1405 733 1635 784 Amphilytum
1664 736 1772 782 iungit

0 785 209 822 Themislius
232 787 394 823 Oratione
420 790 459 823 11.
478 799 509 823 et
528 790 598 824 VII.
626 787 699 837 post
725 786 899 822 Platonem
921 788 1085 836 Theage,
1118 797 1150 824 et
1172 785 1349 823 Aristidem
1365 789 1457 824 Orat.
1473 801 1496 823 ι.
1527 786 1644 823 Sicula.
1698 788 1772 823 Me-

2 841 100 874 minit
121 849 153 875 et
174 840 364 890 Amphilyti
393 843 573 875 Acar-nanis
600 843 680 875 vatis
716 837 914 876 Herodotus
941 838 996 875 lib.
1023 852 1046 875 1.
1072 853 1143 890 cap.
1161 843 1213 877 62.
1270 839 1386 876 Suidas
1411 839 1629 876 oraculorum
1658 841 1773 876 aueto-

2 905 75 928 rem
105 903 272 941 praeterea
295 892 436 928 celebrat
467 893 640 928 Glanidem
667 891 790 928 Bacidis
821 889 970 928 fratrem.
1024 893 1229 943 Lycophron
1259 907 1289 928 v.
1316 905 1386 928 222.
1439 892 1621 942 Prylinv)
1663 892 1773 929 filium

3 945 192 986 Hernicus,
234 945 357 992 Lyram
381 958 449 994 quo
475 958 516 980 ue
542 945 717 981 Pandionis
740 945 868 987 filium,
914 943 1176 995 antiquiffimum
1199 956 1309 981 vatem
1333 958 1522 990 memorat,
1561 943 1614 983 sed
1639 946 1774 981 oracula

3 1000 70 1033 eius
87 994 197 1032 vidnse
211 993 242 1033 se
264 1009 363 1045 negat
379 959 549 1033 Paussmias
574 1001 607 1034 in
623 999 771 1034 Phocicis
787 1012 818 1048 p.
837 1005 910 1039 828.
937 999 1044 1034 Notus
1061 1008 1092 1033 et
1107 1008 1194 1034 vates
1212 1001 1364 1049 antiquus
1383 999 1522 1046 Mopsus
1543 997 1578 1032 ⁰)
1606 998 1663 1045 [if]
1688 1002 1772 1035 inter

5 1053 214 1099 Argonautas
239 1049 419 1086 celebratus
442 1049 629 1100 Apollonio
647 1049 784 1087 Rhodio
800 1062 831 1086 et
853 1050 990 1086 Valerio
1015 1049 1144 1088 Flacco.
1163 1049 1282 1088 Versus
1298 1052 1425 1088 Thebis
1441 1054 1597 1090 Boeotiae
1620 1055 1654 1087 in
1669 1051 1775 1101 Apol-

6 1183 40 1211 In
63 1182 165 1222 priore
191 1178 330 1220 exemplo
353 1190 414 1209 non
435 1188 601 1211 occurrunt
623 1179 746 1211 oracula
770 1179 866 1216 Sibyl-

7 1223 86 1256 lina;
117 1223 169 1253 nin
191 1234 265 1266 opus
282 1226 319 1254 11.
345 1222 554 1255 voluminibus
584 1225 718 1256 constare
741 1224 864 1255 dixeris.

4 1270 48 1299 En
63 1266 306 1308 inscriptionem!

69 1320 207 1352 Orac-ula
232 1322 361 1352 metrica
381 1322 486 1360 Iouis,
517 1321 688 1362 Apollinis,
717 1320 865 1359 Hecates,

3 1362 169 1404 Serapidis
190 1369 220 1395 et
235 1366 369 1396 aliorum
384 1365 514 1396 deorum
531 1375 569 1396 ac
587 1370 714 1401 vatum,
738 1369 805 1396 tam
820 1365 864 1396 vi-

3 1417 112 1438 rorum
140 1417 236 1450 quam
262 1408 476 1450 seminarum,
516 1418 536 1439 a
558 1409 678 1441 Ioanne
708 1408 864 1450 Opsopoeo

4 1451 133 1483 collcfi‘a.
179 1453 260 1484 Item
276 1451 508 1496 Astramplszjclzi
517 1453 760 1484 (Jneirocriticon
776 1463 796 1484 a
810 1452 864 1484 Io-

0 1493 92 1536 fi=pho
107 1495 268 1536 Scaliger-o
284 1496 433 1538 digestum
457 1502 486 1527 et
501 1497 698 1539 castigatum.
746 1497 865 1528 Graece

5 1542 34 1570 et
51 1540 156 1570 latine.
182 1540 316 1582 Porifiis
332 1542 418 1571 M.D.
433 1542 538 1571 XCIX.
555 1542 677 1578 (1599.)
701 1547 726 1574 8-
768 1541 863 1570 Dofflc

4 1592 169 1624 curateque
192 1583 230 1613 de
253 1585 308 1614 hoc
331 1584 471 1626 exemplo
495 1584 611 1615 diss'crit
633 1584 754 1615 Frider.
773 1584 864 1615 Gott-

5 1626 71 1669 ln'ls
87 1627 230 1668 preytag
254 1630 284 1658 in
308 1631 432 1668 egregio
458 1628 554 1659 libro:
579 1629 762 1668 Adparatus
785 1628 863 1659 litte-

5 1672 116 1702 rarius
131 1679 186 1702 etc.
213 1673 326 1713 Lipfiac
347 1683 424 1712 1755.
443 1680 467 1707 8.
491 1682 563 1703 torn.
581 1674 633 1703 III.
659 1680 862 1714 pag.92-95.

4 1737 28 1751 ,‚
39 1713 181 1752 Oracula,
206 1717 259 1752 ait,
282 1726 359 1757 quae
375 1719 406 1747 in
423 1718 476 1747 hac
489 1715 671 1747 collcc‘lione
686 1724 863 1751 occurrunt,

6 1768 23 1788 e
40 1767 178 1789 veterum
196 1758 375 1801 scriptorum
392 1763 596 1791 monumentis
607 1762 700 1790 variis
713 1768 864 1801 excerpta,

7 1811 36 1832 ct
53 1803 187 1833 vernone
205 1802 297 1834 latina
313 1804 444 1845 prosaica
459 1814 576 1840 ornata,
600 1814 615 1833 a
631 1806 673 1834 Io.
690 1802 864 1845 Obsopoeo,

7 1849 38 1875 in
49 1848 143 1876 xllx.
159 1845 259 1877 classes
277 1847 414 1878 dininaa
429 1848 505 1879 sunt.
536 1850 581 1878 Sic
597 1856 761 1878 occurrunt
780 1846 865 1878 classe

7 1892 30 1920 1.
55 1891 191 1921 (bacula
208 1891 296 1921 Iouis
313 1891 493 1930 Dodonaci,
529 1894 568 1922 II.
592 1891 867 1931 Apollinis‘Dodo-

7 1936 74 1963 naci
101 1936 132 1963 in
155 1934 341 1964 Branchidis.
388 1938 442 1965 ΙΙΙ.
471 1935 624 1975 Apollinis
645 1934 788 1976 Isinem'i,
813 1938 866 1965 IV.

7 1977 162 2018 :lp-„mus
187 1977 285 2010 Clarii
306 1981 337 2008 in
354 1978 534 2021 Colophone
546 2003 553 2015 ‚
591 1982 626 2009 V.
643 1979 790 2019 Apollinis
806 1979 867 2010 Mi-

9 2021 85 2064 lnyii,
122 2023 173 2051 VI.
190 2021 345 2062 Apollinis
363 2023 469 2064 Pythii
485 2026 514 2052 in
531 2021 668 2064 Delphis,
692 2025 758 2052 VII.
771 2021 867 2063 Apol-

8 2066 79 2096 lin-'s
103 2066 302 2107 Sarpedoffli,
322 2069 374 2108 qui
391 2066 450 2098 fuit
467 2066 638 2102 Seleuciae,
664 2068 746 2097 VIII.
768 2065 865 2107 Apol-

8 2110 80 2140 linis
104 2112 231 2145 incerti,
270 2112 321 2140 1x.
343 2110 507 2142 Ammonis
522 2114 553 2141 in
571 2112 683 2146 Libya,
719 2112 755 2140 X.
781 2111 866 2142 Mer·

9 2154 107 2189 curii,
131 2155 182 2184 XI.
199 2153 343 2190 Hecates,
368 2156 434 2186 XII.
449 2156 627 2193 Serapidis,
652 2156 732 2184 XIII.
756 2152 867 2196 Aqfcu-

10 2198 96 2237 inpii.
142 2199 222 2228 XIV.
250 2197 420 2237 Trophonii
442 2199 612 2235 Lebadiae,
649 2199 714 2228 XV.
737 2199 869 2229 incerto-

11 2251 82 2271 rum
99 2239 256 2277 Deorum,
281 2243 360 2272 XVI.
385 2247 493 2273 valum
507 2244 665 2277 virorum,
695 2244 776 2272 inter
792 2252 867 2282 qnos

12 2293 160 2315 ocurrunt
180 2283 384 2325 A1r1p1154111115
407 2287 635 2322 Acarnancnfis,
662 2293 815 2316 memes
840 2293 869 2315 et

12 2327 186 2368 Diopsthes.
234 2330 329 2359 XVII.
355 2329 687 2372 vatumseminarum,
711 2339 788 2370 quae
803 2327 871 2358 sunt

15 2372 190 2409 Xenoctea,
214 2372 263 2402 dei
287 2375 454 2414 interpres,
486 2373 662 2409 leennis,
687 2373 872 2408 Phemonoe,

13 2413 162 2457 Apollinis
183 2415 324 2458 Delphici
342 2419 512 2460 interpres,
537 2428 565 2449 et
581 2417 735 2450 Peliaden
761 2418 872 2448 XVIII.

57 2484 125 2518 Vol.
141 2485 170 2516 I.

1699 1105 1775 1140 linis

921 1181 1059 1213 Oracula
1080 1181 1112 1212 in
1128 1180 1295 1224 Insonmiis
1312 1182 1390 1214 dala
1401 1206 1408 1217 ,
1432 1182 1542 1223 quibus
1558 1182 1677 1213 addidit
1693 1193 1777 1224 prae-

919 1224 1052 1255 tei-musa
1073 1226 1232 1266 quaedam.
1278 1226 1366 1257 Hisce
1388 1237 1462 1257 vcro
1478 1226 1608 1256 oraculis
1626 1227 1777 1268 praemisit

919 1270 1091 1299 testimonia
1120 1268 1238 1310 aliquot
1266 1270 1304 1300 de
1336 1269 1474 1300 Oraculis
1505 1273 1702 1301 Graecorum.
1732 1287 1777 1293 —-

918 1314 1069 1344 Nominat
1096 1322 1217 1354 praeter
1244 1324 1278 1343 ea
1309 1314 1517 1346 Philemonem
1544 1313 1777 1350 Atheniensem,

918 1359 972 1398 qui
998 1368 1073 1398 opus
1097 1356 1158 1396 mgr*
1178 1354 1349 1386 παντοδαπὶν
1376 1358 1524 1397 χρηςηρῖων
1541 1382 1550 1396 ‚
1587 1358 1780 1389 Oenomaum

919 1399 1153 1443 philosophum,
1178 1403 1231 1442 qui
1253 1401 1289 1431 de
1311 1403 1444 1432 vanitate
1467 1400 1679 1437 oraculorum,
1699 1401 1778 1433 Por-

915 1444 1084 1485 phyrium,
1115 1447 1169 1486 qui
1194 1444 1254 1485 nefa*
1275 1445 1322 1477 τῆς
1353 1446 1383 1473 ἔκ
1409 1446 1504 1480 λογίων
1530 1446 1717 1481 φιλοσοφίας,
1748 1452 1778 1476 et

920 1488 1094 1519 Cornelium
1116 1487 1290 1520 Labcomm
1306 1512 1314 1527 ‚
1353 1491 1406 1529 qui
1436 1488 1550 1519 librum
1575 1489 1612 1519 de
1645 1487 1779 1520 Oraculo

919 1531 1073 1574 Apollinis
1096 1531 1213 1569 Clarii,
1241 1535 1437 1563 commentati
1460 1532 1536 1562 sunt.
1562 1549 1603 1556 -—
1623 1536 1645 1550 “
1692 1534 1780 1563 Tum

918 1575 1031 1606 multus
1062 1577 1103 1606 est
1133 1576 1171 1605 de
1204 1575 1435 1618 Astrampzsycho
1452 1576 1577 1617 eiusque
1602 1578 1780 1607 Oneirocri-

918 1629 989 1650 tico.
1012 1637 1054 1642 —
1098 1619 1200 1650 Altera
1226 1620 1324 1650 editio
1353 1628 1406 1651 aut
1433 1619 1509 1650 alter
1534 1618 1630 1650 veluti
1660 1629 1778 1657 tomus,

919 1665 1009 1694 huius
1044 1665 1084 1694 est
1105 1663 1286 1694 sententiae:

983 1710 1150 1742 Σιβυλλικοι
1169 1719 1287 1747 χρησμσι
1313 1706 1341 1738 ll.
1366 1717 1389 1738 e.
1405 1705 1561 1748 Sibyllina
1588 1707 1717 1738 oracula
1739 1717 1781 1738 ex

919 1756 993 1783 vett.
1014 1751 1101 1783 codd.
1121 1751 1232 1785 αιιὶῖα,
1257 1755 1411 1782 renouata
1432 1755 1461 1782 et
1482 1751 1564 1782 notis
1588 1751 1741 1794 illustrata
1758 1760 1780 1781 a

922 1795 965 1827 D.
982 1796 1029 1828 Io.
1047 1794 1219 1837 Obsopoeo,
1243 1796 1406 1826 Brettano.
1431 1794 1505 1826 Cum
1522 1795 1781 1836 interpretatione

920 1840 1022 1870 latina
1053 1839 1230 1882 Selmfliani
1255 1838 1439 1881 Castrationis
1468 1841 1497 1868 ct
1531 1837 1639 1869 indice.
1672 1837 1779 1878 Paris]

922 1893 1001 1920 1599.
1018 1885 1088 1913 mai.
1104 1890 1129 1917 8.
1177 1885 1220 1912 De
1242 1883 1298 1912 hoc
1314 1880 1454 1924 exemplo
1470 1881 1550 1912 idem
1569 1882 1708 1923 Fwytag
1723 1881 1777 1912 lib.

921 1938 1011 1957 ruem.
1036 1937 1103 1969 pag.
1129 1934 1171 1963 εἶς.
1193 1925 1304 1956 multus
1329 1927 1388 1962 est,
1425 1934 1454 1956 ct
1477 1926 1514 1956 dc
1537 1924 1692 1961 Sibyllinis
1717 1935 1779 1956 car-

921 1971 1055 2001 minibus
1077 1972 1248 2011 hormnque
1274 1970 1460 2000 editionibus
1483 1968 1573 2011 plene
1598 1968 1779 2000 disserit.—

922 2015 1024 2045 Editio
1047 2017 1175 2057 repetita
1199 2013 1288 2044 Paris.
1309 2018 1392 2052 1607.
1409 2014 1591 2044 vitiofisfime
1609 2022 1711 2043 curata
1727 2015 1777 2043 est.

919 2075 963 2082 —
991 2058 1077 2089 Adde
1107 2057 1285 2090 Fabricium
1319 2056 1423 2100 paullo
1455 2056 1533 2088 infra
1562 2067 1625 2099 cap.
1655 2059 1778 2089 XXXII.

919 2101 1016 2133 Harl.

965 2150 1008 2181 m)
1033 2146 1109 2175 Cum
1126 2143 1239 2180 Sibylla
1254 2146 1394 2175 meminit
1409 2143 1470 2175 Dio
1486 2142 1778 2186 Cltrysostom.X11[.

922 2201 950 2231 p.
967 2200 1031 2227 229.
1055 2190 1177 2219 XXXV.
1193 2199 1221 2229 p.
1238 2199 1306 2226 429.
1340 2187 1389 2218 sed
1417 2187 1576 2219 Plutarch.
1597 2188 1633 2218 de
1656 2189 1779 2224 Pythiae

924 2236 1011 2265 Orac.
1030 2244 1058 2273 p.
1076 2242 1137 2269 399.
1154 2233 1298 2268 Σίβυλλαφ
1312 2232 1358 2268 'tm‘
1374 2228 1486 2261 Βίκιδρς,

967 2283 1004 2313 n)
1027 2276 1106 2305 Vide
1132 2275 1168 2305 de
1184 2276 1241 2306 hoc
1257 2276 1416 2307 Eudocine
1436 2273 1535 2305 Ἰωνιοῖν
1555 2285 1583 2315 p.
1604 2281 1665 2311 348.
1684 2274 1780 2306 Harl.

967 2334 1005 2364 o)
1029 2326 1118 2358 Conf.
1135 2327 1315 2359 Burmanni
1331 2327 1508 2366 Catalogum
1525 2329 1780 2365 Argonautarum,

926 2371 979 2403 sub
1007 2371 1061 2401 illo
1083 2374 1226 2408 nomine,
1262 2371 1392 2402 editioni
1410 2371 1526 2401 Valerii
1546 2370 1641 2401 Flacci
1663 2380 1691 2401 et
1708 2373 1780 2402 Bur-

929 2418 1109 2447 mannianae
1134 2424 1163 2446 et
1193 2416 1309 2447 nostrae
1333 2417 1509 2458 praefixuru-
1557 2414 1652 2447 Harl.

1161 2478 1183 2513 S
