<?xml version="1.0" encoding="UTF-8"?>
<!DOCTYPE html PUBLIC "-//W3C//DTD XHTML 1.0 Transitional//EN"
    "http://www.w3.org/TR/xhtml1/DTD/xhtml1-transitional.dtd">
<html xmlns="http://www.w3.org/1999/xhtml" xml:lang="en" lang="en">
 <head>
  <title>
</title>
<meta http-equiv="Content-Type" content="text/html;charset=utf-8" />
  <meta name='ocr-system' content='tesseract 3.04.00' />
  <meta name='ocr-capabilities' content='ocr_page ocr_carea ocr_par ocr_line ocrx_word'/>
</head>
<body>
  <div class='ocr_page' id='page_1' title='image "./bibliothecagraec01fabruoft_1765.png"; bbox 0 0 2071 2747; ppageno 0'>
   <div class='ocr_carea' id='block_1_1' title="bbox 829 109 1183 147">
    <p class='ocr_par' dir='ltr' id='par_1_1' title="bbox 829 109 1183 147">
     <span class='ocr_line' id='line_1_1' title="bbox 829 109 1183 147; baseline 0.006 -2"><span class='ocrx_word' id='word_1_1' title='bbox 829 109 1183 147; x_wconf 82' lang='lat' dir='ltr'>DEMOSTHENES</span> 
     </span>
    </p>
   </div>
   <div class='ocr_carea' id='block_1_2' title="bbox 123 201 886 242">
    <p class='ocr_par' dir='ltr' id='par_1_2' title="bbox 123 201 886 242">
     <span class='ocr_line' id='line_1_2' title="bbox 123 201 886 242; baseline 0.003 -9"><span class='ocrx_word' id='word_1_2' title='bbox 123 204 190 233; x_wconf 89' lang='lat' dir='ltr'>dem</span> <span class='ocrx_word' id='word_1_3' title='bbox 204 205 363 234; x_wconf 73' lang='lat' dir='ltr'>orationes.</span> <span class='ocrx_word' id='word_1_4' title='bbox 387 201 521 234; x_wconf 81' lang='lat' dir='ltr'>Francos.</span> <span class='ocrx_word' id='word_1_5' title='bbox 540 202 575 232; x_wconf 79' lang='lat' dir='ltr'><em>ad</em></span> <span class='ocrx_word' id='word_1_6' title='bbox 596 205 750 242; x_wconf 84' lang='lat' dir='ltr'>Moenum,</span> <span class='ocrx_word' id='word_1_7' title='bbox 766 214 844 242; x_wconf 82' lang='lat'><em>¹599-</em></span> <span class='ocrx_word' id='word_1_8' title='bbox 861 212 886 239; x_wconf 79' lang='lat'><em>8.</em></span> 
     </span>
    </p>
   </div>
   <div class='ocr_carea' id='block_1_3' title="bbox 108 263 972 479">
    <p class='ocr_par' dir='ltr' id='par_1_3' title="bbox 108 263 972 479">
     <span class='ocr_line' id='line_1_3' title="bbox 163 263 972 307; baseline 0 -12"><span class='ocrx_word' id='word_1_9' title='bbox 163 263 258 295; x_wconf 80' lang='lat' dir='ltr'>Vitae</span> <span class='ocrx_word' id='word_1_10' title='bbox 276 266 479 303; x_wconf 77' lang='lat' dir='ltr'><em>comparatae</em></span> <span class='ocrx_word' id='word_1_11' title='bbox 494 263 669 305; x_wconf 73' lang='lat' dir='ltr'>Aristotelis</span> <span class='ocrx_word' id='word_1_12' title='bbox 691 274 728 294; x_wconf 84' lang='lat' dir='ltr'><em>ac</em></span> <span class='ocrx_word' id='word_1_13' title='bbox 754 263 972 307; x_wconf 66' lang='lat' dir='ltr'>Denwstlzenis,</span> 
     </span>
     <span class='ocr_line' id='line_1_4' title="bbox 116 305 972 349; baseline 0 -11"><span class='ocrx_word' id='word_1_14' title='bbox 116 305 353 348; x_wconf 70' lang='lat' dir='ltr'>olympiadibus</span> <span class='ocrx_word' id='word_1_15' title='bbox 383 316 421 337; x_wconf 77' lang='lat' dir='ltr'><em>ac</em></span> <span class='ocrx_word' id='word_1_16' title='bbox 448 306 615 337; x_wconf 68' lang='lat' dir='ltr'>praeturis</span> <span class='ocrx_word' id='word_1_17' title='bbox 636 306 863 349; x_wconf 71' lang='lat' dir='ltr'>Athenietsium</span> <span class='ocrx_word' id='word_1_18' title='bbox 886 310 972 349; x_wconf 73' lang='lat' dir='ltr'>dige-</span> 
     </span>
     <span class='ocr_line' id='line_1_5' title="bbox 108 348 972 393; baseline 0.001 -13"><span class='ocrx_word' id='word_1_19' title='bbox 108 350 178 393; x_wconf 80' lang='lat' dir='ltr'>stae</span> <span class='ocrx_word' id='word_1_20' title='bbox 201 349 241 381; x_wconf 87' lang='lat' dir='ltr'><em>ab</em></span> <span class='ocrx_word' id='word_1_21' title='bbox 263 348 349 381; x_wconf 75' lang='lat' dir='ltr'><em>Ami.</em></span> <span class='ocrx_word' id='word_1_22' title='bbox 370 349 506 380; x_wconf 74' lang='lat' dir='ltr'><em>Schotto.</em></span> <span class='ocrx_word' id='word_1_23' title='bbox 533 349 687 390; x_wconf 67' lang='lat' dir='ltr'>Antuaerp.</span> <span class='ocrx_word' id='word_1_24' title='bbox 713 351 746 382; x_wconf 92' lang='lat' dir='ltr'>S.</span> <span class='ocrx_word' id='word_1_25' title='bbox 775 354 800 383; x_wconf 90' lang='grc' dir='ltr'>Ι.</span> <span class='ocrx_word' id='word_1_26' title='bbox 830 354 972 391; x_wconf 76' lang='lat' dir='ltr'>Augustae</span> 
     </span>
     <span class='ocr_line' id='line_1_6' title="bbox 117 393 972 437; baseline 0.004 -14"><span class='ocrx_word' id='word_1_27' title='bbox 117 393 300 423; x_wconf 87' lang='lat' dir='ltr'>Vindelicor.</span> <span class='ocrx_word' id='word_1_28' title='bbox 322 394 400 436; x_wconf 71' lang='lat' dir='ltr'>apud</span> <span class='ocrx_word' id='word_1_29' title='bbox 415 395 583 435; x_wconf 79' lang='lat' dir='ltr'>Christoph.</span> <span class='ocrx_word' id='word_1_30' title='bbox 607 396 748 433; x_wconf 57' lang='lat' dir='ltr'>Mar-‚gum</span> <span class='ocrx_word' id='word_1_31' title='bbox 766 402 846 431; x_wconf 65' lang='lat'><em>1003.</em></span> <span class='ocrx_word' id='word_1_32' title='bbox 870 407 898 432; x_wconf 88' lang='lat'>4.</span> <span class='ocrx_word' id='word_1_33' title='bbox 920 398 972 437; x_wconf 90' lang='lat' dir='ltr'>qui</span> 
     </span>
     <span class='ocr_line' id='line_1_7' title="bbox 116 436 640 479; baseline 0 -12"><span class='ocrx_word' id='word_1_34' title='bbox 116 436 193 468; x_wconf 83' lang='lat' dir='ltr'>liber</span> <span class='ocrx_word' id='word_1_35' title='bbox 212 439 348 479; x_wconf 81' lang='lat' dir='ltr'>inprimis</span> <span class='ocrx_word' id='word_1_36' title='bbox 371 439 410 467; x_wconf 84' lang='lat' dir='ltr'>est</span> <span class='ocrx_word' id='word_1_37' title='bbox 428 437 640 468; x_wconf 82' lang='lat' dir='ltr'>memorabilis.</span> 
     </span>
    </p>
   </div>
   <div class='ocr_carea' id='block_1_4' title="bbox 108 495 972 931">
    <p class='ocr_par' dir='ltr' id='par_1_4' title="bbox 108 495 972 837">
     <span class='ocr_line' id='line_1_8' title="bbox 164 495 972 539; baseline 0 -10"><span class='ocrx_word' id='word_1_38' title='bbox 164 495 240 529; x_wconf 69' lang='lat' dir='ltr'><em>Vita</em></span> <span class='ocrx_word' id='word_1_39' title='bbox 272 496 424 539; x_wconf 78' lang='lat' dir='ltr'>Dcmoflli.</span> <span class='ocrx_word' id='word_1_40' title='bbox 461 497 697 538; x_wconf 76' lang='lat' dir='ltr'>olympiadibus</span> <span class='ocrx_word' id='word_1_41' title='bbox 733 508 770 529; x_wconf 86' lang='lat' dir='ltr'>ac</span> <span class='ocrx_word' id='word_1_42' title='bbox 806 498 972 529; x_wconf 68' lang='lat' dir='ltr'>Praeturis</span> 
     </span>
     <span class='ocr_line' id='line_1_9' title="bbox 115 538 970 582; baseline 0 -10"><span class='ocrx_word' id='word_1_43' title='bbox 115 538 345 582; x_wconf 74' lang='lat' dir='ltr'>Atheniensium</span> <span class='ocrx_word' id='word_1_44' title='bbox 361 540 510 582; x_wconf 64' lang='lat' dir='ltr'>dfiinffn,</span> <span class='ocrx_word' id='word_1_45' title='bbox 525 551 563 571; x_wconf 77' lang='lat' dir='ltr'>ex</span> <span class='ocrx_word' id='word_1_46' title='bbox 578 542 738 582; x_wconf 66' lang='lat' dir='ltr'>parallelis</span> <span class='ocrx_word' id='word_1_47' title='bbox 753 540 855 572; x_wconf 70' lang='lat' dir='ltr'><em>Andr.</em></span> <span class='ocrx_word' id='word_1_48' title='bbox 866 541 970 572; x_wconf 79' lang='lat' dir='ltr'>Schot-</span> 
     </span>
     <span class='ocr_line' id='line_1_10' title="bbox 116 583 970 626; baseline 0.001 -12"><span class='ocrx_word' id='word_1_49' title='bbox 116 584 157 621; x_wconf 73' lang='lat' dir='ltr'>ti,</span> <span class='ocrx_word' id='word_1_50' title='bbox 178 583 389 626; x_wconf 65' lang='lat' dir='ltr'>accqffioiiibus</span> <span class='ocrx_word' id='word_1_51' title='bbox 411 586 609 624; x_wconf 59' lang='lat' dir='ltr'>locuple-tior,</span> <span class='ocrx_word' id='word_1_52' title='bbox 633 594 721 626; x_wconf 82' lang='lat' dir='ltr'>atque</span> <span class='ocrx_word' id='word_1_53' title='bbox 745 586 812 615; x_wconf 74' lang='lat' dir='ltr'><em>rita</em></span> <span class='ocrx_word' id='word_1_54' title='bbox 831 585 916 616; x_wconf 81' lang='lat' dir='ltr'>Hem.</span> <span class='ocrx_word' id='word_1_55' title='bbox 930 596 970 616; x_wconf 78' lang='lat' dir='ltr'>ex</span> 
     </span>
     <span class='ocr_line' id='line_1_11' title="bbox 114 627 970 668; baseline 0 -9"><span class='ocrx_word' id='word_1_56' title='bbox 114 627 308 664; x_wconf 77' lang='lat' dir='ltr'><em>Plutarcho,</em></span> <span class='ocrx_word' id='word_1_57' title='bbox 333 627 469 658; x_wconf 81' lang='lat' dir='ltr'>Luciano</span> <span class='ocrx_word' id='word_1_58' title='bbox 492 634 520 658; x_wconf 82' lang='lat' dir='ltr'>et</span> <span class='ocrx_word' id='word_1_59' title='bbox 535 628 651 665; x_wconf 78' lang='lat' dir='ltr'><em>Snia&#39;a,</em></span> <span class='ocrx_word' id='word_1_60' title='bbox 675 629 864 668; x_wconf 73' lang='lat' dir='ltr'><em>Hieronymo</em></span> <span class='ocrx_word' id='word_1_61' title='bbox 883 629 970 661; x_wconf 69' lang='lat' dir='ltr'>{Vol-</span> 
     </span>
     <span class='ocr_line' id='line_1_12' title="bbox 108 670 969 714; baseline 0.001 -13"><span class='ocrx_word' id='word_1_62' title='bbox 108 670 156 714; x_wconf 79' lang='lat' dir='ltr'>fio</span> <span class='ocrx_word' id='word_1_63' title='bbox 182 672 368 711; x_wconf 77' lang='lat' dir='ltr'><em>interprete,</em></span> <span class='ocrx_word' id='word_1_64' title='bbox 399 681 465 702; x_wconf 82' lang='lat' dir='ltr'>cum</span> <span class='ocrx_word' id='word_1_65' title='bbox 487 672 621 702; x_wconf 77' lang='lat' dir='ltr'>eiusdem</span> <span class='ocrx_word' id='word_1_66' title='bbox 643 671 917 709; x_wconf 71' lang='lat' dir='ltr'><em>adnotationibus,</em></span> <span class='ocrx_word' id='word_1_67' title='bbox 940 676 969 703; x_wconf 82' lang='lat' dir='ltr'>et</span> 
     </span>
     <span class='ocr_line' id='line_1_13' title="bbox 117 714 968 758; baseline 0.001 -13"><span class='ocrx_word' id='word_1_68' title='bbox 117 714 313 745; x_wconf 74' lang='lat' dir='ltr'>eruditorum</span> <span class='ocrx_word' id='word_1_69' title='bbox 342 716 379 745; x_wconf 85' lang='lat' dir='ltr'>de</span> <span class='ocrx_word' id='word_1_70' title='bbox 402 715 601 757; x_wconf 77' lang='lat' dir='ltr'>Demosthene</span> <span class='ocrx_word' id='word_1_71' title='bbox 623 716 741 756; x_wconf 75' lang='lat' dir='ltr'>clogiIs.</span> <span class='ocrx_word' id='word_1_72' title='bbox 780 721 865 754; x_wconf 70' lang='lat' dir='ltr'>Quae</span> <span class='ocrx_word' id='word_1_73' title='bbox 884 727 968 758; x_wconf 81' lang='lat' dir='ltr'>prae-</span> 
     </span>
     <span class='ocr_line' id='line_1_14' title="bbox 116 757 967 801; baseline 0.002 -13"><span class='ocrx_word' id='word_1_74' title='bbox 116 757 200 788; x_wconf 77' lang='lat' dir='ltr'>missa</span> <span class='ocrx_word' id='word_1_75' title='bbox 231 757 295 788; x_wconf 89' lang='lat' dir='ltr'>sunt</span> <span class='ocrx_word' id='word_1_76' title='bbox 317 760 402 789; x_wconf 87' lang='lat' dir='ltr'>Dem.</span> <span class='ocrx_word' id='word_1_77' title='bbox 427 767 455 789; x_wconf 84' lang='lat' dir='ltr'>et</span> <span class='ocrx_word' id='word_1_78' title='bbox 477 758 624 789; x_wconf 75' lang='lat' dir='ltr'>Aeschinis</span> <span class='ocrx_word' id='word_1_79' title='bbox 648 759 806 801; x_wconf 69' lang='lat' dir='ltr'>operibus,</span> <span class='ocrx_word' id='word_1_80' title='bbox 835 759 967 790; x_wconf 81' lang='lat' dir='ltr'>Francos.</span> 
     </span>
     <span class='ocr_line' id='line_1_15' title="bbox 117 800 273 837; baseline -0.006 -6"><span class='ocrx_word' id='word_1_81' title='bbox 117 805 204 837; x_wconf 79' lang='lat'><em>1604.</em></span> <span class='ocrx_word' id='word_1_82' title='bbox 221 800 273 832; x_wconf 87' lang='lat' dir='ltr'>fol.</span> 
     </span>
    </p>

    <p class='ocr_par' dir='ltr' id='par_1_5' title="bbox 115 844 968 931">
     <span class='ocr_line' id='line_1_16' title="bbox 161 844 968 888; baseline 0.002 -13"><span class='ocrx_word' id='word_1_83' title='bbox 161 844 320 876; x_wconf 82' lang='lat' dir='ltr'>Tourellus</span> <span class='ocrx_word' id='word_1_84' title='bbox 337 848 367 876; x_wconf 90' lang='lat' dir='ltr'>in</span> <span class='ocrx_word' id='word_1_85' title='bbox 380 845 597 887; x_wconf 84' lang='lat' dir='ltr'>prolegomenis</span> <span class='ocrx_word' id='word_1_86' title='bbox 613 845 648 875; x_wconf 86' lang='lat' dir='ltr'><em>ad</em></span> <span class='ocrx_word' id='word_1_87' title='bbox 665 848 813 877; x_wconf 82' lang='lat' dir='ltr'>orationes</span> <span class='ocrx_word' id='word_1_88' title='bbox 827 846 968 888; x_wconf 79' lang='lat' dir='ltr'>quasdam</span> 
     </span>
     <span class='ocr_line' id='line_1_17' title="bbox 115 889 756 931; baseline 0 -12"><span class='ocrx_word' id='word_1_89' title='bbox 115 890 334 926; x_wconf 77' lang='lat' dir='ltr'>Demosthenis,</span> <span class='ocrx_word' id='word_1_90' title='bbox 351 889 454 928; x_wconf 82' lang='lat' dir='ltr'>gallice</span> <span class='ocrx_word' id='word_1_91' title='bbox 468 890 504 919; x_wconf 90' lang='lat' dir='ltr'><em>ab</em></span> <span class='ocrx_word' id='word_1_92' title='bbox 519 889 580 931; x_wconf 87' lang='lat' dir='ltr'>ipso</span> <span class='ocrx_word' id='word_1_93' title='bbox 597 889 756 920; x_wconf 79' lang='lat' dir='ltr'><em>translatas.</em></span> 
     </span>
    </p>
   </div>
   <div class='ocr_carea' id='block_1_5' title="bbox 115 949 966 1122">
    <p class='ocr_par' dir='ltr' id='par_1_6' title="bbox 115 949 966 1122">
     <span class='ocr_line' id='line_1_18' title="bbox 160 949 966 991; baseline -0.002 -10"><span class='ocrx_word' id='word_1_94' title='bbox 160 949 260 981; x_wconf 78' lang='lat' dir='ltr'>Iulius</span> <span class='ocrx_word' id='word_1_95' title='bbox 274 951 452 991; x_wconf 75' lang='lat' dir='ltr'>Nigronus,</span> <span class='ocrx_word' id='word_1_96' title='bbox 467 951 493 980; x_wconf 91' lang='lat' dir='ltr'>S.</span> <span class='ocrx_word' id='word_1_97' title='bbox 515 952 535 979; x_wconf 91' lang='lat'><em>1.</em></span> <span class='ocrx_word' id='word_1_98' title='bbox 560 952 589 978; x_wconf 91' lang='lat' dir='ltr'>in</span> <span class='ocrx_word' id='word_1_99' title='bbox 605 951 740 978; x_wconf 80' lang='lat' dir='ltr'>oratione</span> <span class='ocrx_word' id='word_1_100' title='bbox 757 951 862 980; x_wconf 81' lang='lat' dir='ltr'>XVIII.</span> <span class='ocrx_word' id='word_1_101' title='bbox 888 960 966 979; x_wconf 89' lang='lat' dir='ltr'>com-</span> 
     </span>
     <span class='ocr_line' id='line_1_19' title="bbox 115 994 965 1036; baseline -0.002 -12"><span class='ocrx_word' id='word_1_102' title='bbox 115 996 233 1036; x_wconf 80' lang='lat' dir='ltr'>parauit</span> <span class='ocrx_word' id='word_1_103' title='bbox 262 995 490 1024; x_wconf 79' lang='lat' dir='ltr'>Demosthenem</span> <span class='ocrx_word' id='word_1_104' title='bbox 522 1001 551 1023; x_wconf 85' lang='lat' dir='ltr'>et</span> <span class='ocrx_word' id='word_1_105' title='bbox 580 994 772 1029; x_wconf 84' lang='lat' dir='ltr'>Ciceronem,</span> <span class='ocrx_word' id='word_1_106' title='bbox 802 1001 830 1023; x_wconf 87' lang='lat' dir='ltr'>et</span> <span class='ocrx_word' id='word_1_107' title='bbox 850 994 965 1024; x_wconf 65' lang='lat' dir='ltr'><em>Antan.</em></span> 
     </span>
     <span class='ocr_line' id='line_1_20' title="bbox 117 1037 964 1080; baseline -0.001 -12"><span class='ocrx_word' id='word_1_108' title='bbox 117 1037 344 1080; x_wconf 82' lang='lat' dir='ltr'>Guaermgus,</span> <span class='ocrx_word' id='word_1_109' title='bbox 367 1043 401 1073; x_wconf 88' lang='lat' dir='ltr'><em>(a</em></span> <span class='ocrx_word' id='word_1_110' title='bbox 420 1038 502 1068; x_wconf 81' lang='lat' dir='ltr'>Fabr.</span> <span class='ocrx_word' id='word_1_111' title='bbox 527 1040 557 1067; x_wconf 91' lang='lat' dir='ltr'>in</span> <span class='ocrx_word' id='word_1_112' title='bbox 582 1045 642 1066; x_wconf 85' lang='lat' dir='ltr'><em>not.</em></span> <span class='ocrx_word' id='word_1_113' title='bbox 665 1045 737 1066; x_wconf 80' lang='lat' dir='ltr'><em>msta</em></span> <span class='ocrx_word' id='word_1_114' title='bbox 760 1042 964 1073; x_wconf 61' lang='lat' dir='ltr'>memoratus)</span> 
     </span>
     <span class='ocr_line' id='line_1_21' title="bbox 115 1081 963 1122; baseline 0 -10"><span class='ocrx_word' id='word_1_115' title='bbox 115 1081 151 1112; x_wconf 86' lang='lat' dir='ltr'>de</span> <span class='ocrx_word' id='word_1_116' title='bbox 166 1081 279 1112; x_wconf 88' lang='lat' dir='ltr'>iudicio</span> <span class='ocrx_word' id='word_1_117' title='bbox 300 1083 427 1121; x_wconf 81' lang='lat' dir='ltr'>Longini</span> <span class='ocrx_word' id='word_1_118' title='bbox 450 1084 479 1111; x_wconf 94' lang='lat' dir='ltr'>in</span> <span class='ocrx_word' id='word_1_119' title='bbox 496 1088 654 1122; x_wconf 77' lang='lat' dir='ltr'>comparat.</span> <span class='ocrx_word' id='word_1_120' title='bbox 672 1081 859 1110; x_wconf 74' lang='lat' dir='ltr'>Dcmosthen.</span> <span class='ocrx_word' id='word_1_121' title='bbox 875 1089 902 1111; x_wconf 81' lang='lat' dir='ltr'>et</span> <span class='ocrx_word' id='word_1_122' title='bbox 916 1083 963 1112; x_wconf 89' lang='lat' dir='ltr'>Ci-</span> 
     </span>
    </p>
   </div>
   <div class='ocr_carea' id='block_1_6' title="bbox 115 1128 241 1156">
    <p class='ocr_par' dir='ltr' id='par_1_7' title="bbox 115 1128 241 1156">
     <span class='ocr_line' id='line_1_22' title="bbox 115 1128 241 1156; baseline -0.016 0"><span class='ocrx_word' id='word_1_123' title='bbox 115 1128 241 1156; x_wconf 73' lang='lat' dir='ltr'>teronis.</span> 
     </span>
    </p>
   </div>
   <div class='ocr_carea' id='block_1_7' title="bbox 113 1182 964 1505">
    <p class='ocr_par' dir='ltr' id='par_1_8' title="bbox 113 1182 964 1356">
     <span class='ocr_line' id='line_1_23' title="bbox 157 1182 964 1226; baseline -0.002 -9"><span class='ocrx_word' id='word_1_124' title='bbox 157 1183 240 1217; x_wconf 74' lang='lat' dir='ltr'>Rene&#39;</span> <span class='ocrx_word' id='word_1_125' title='bbox 256 1184 361 1225; x_wconf 67' lang='grc' dir='ltr'><em>Καρία</em></span> <span class='ocrx_word' id='word_1_126' title='bbox 380 1182 599 1224; x_wconf 77' lang='lat' dir='ltr'>Comparaisbn</span> <span class='ocrx_word' id='word_1_127' title='bbox 616 1183 652 1214; x_wconf 78' lang='lat' dir='ltr'>de</span> <span class='ocrx_word' id='word_1_128' title='bbox 666 1182 864 1226; x_wconf 75' lang='lat' dir='ltr'>Demosthene</span> <span class='ocrx_word' id='word_1_129' title='bbox 883 1188 912 1214; x_wconf 84' lang='lat' dir='ltr'>et</span> <span class='ocrx_word' id='word_1_130' title='bbox 928 1183 964 1215; x_wconf 81' lang='lat' dir='ltr'>a&#39;e</span> 
     </span>
     <span class='ocr_line' id='line_1_24' title="bbox 116 1227 963 1270; baseline -0.002 -10"><span class='ocrx_word' id='word_1_131' title='bbox 116 1227 252 1266; x_wconf 75' lang='lat' dir='ltr'>Ciceron,</span> <span class='ocrx_word' id='word_1_132' title='bbox 264 1233 363 1270; x_wconf 83' lang='lat' dir='ltr'>(quam</span> <span class='ocrx_word' id='word_1_133' title='bbox 383 1231 471 1258; x_wconf 80' lang='lat' dir='ltr'>etiam</span> <span class='ocrx_word' id='word_1_134' title='bbox 486 1229 662 1266; x_wconf 71' lang='lat' dir='ltr'>germanice,</span> <span class='ocrx_word' id='word_1_135' title='bbox 678 1227 773 1257; x_wconf 87' lang='lat' dir='ltr'>nescio</span> <span class='ocrx_word' id='word_1_136' title='bbox 789 1230 874 1268; x_wconf 73' lang='lat' dir='ltr'>quis?</span> <span class='ocrx_word' id='word_1_137' title='bbox 898 1239 963 1258; x_wconf 70' lang='lat' dir='ltr'>ver-</span> 
     </span>
     <span class='ocr_line' id='line_1_25' title="bbox 113 1271 964 1313; baseline -0.002 -11"><span class='ocrx_word' id='word_1_138' title='bbox 113 1275 168 1308; x_wconf 79' lang='lat' dir='ltr'><em>tit)</em></span> <span class='ocrx_word' id='word_1_139' title='bbox 191 1275 220 1302; x_wconf 90' lang='lat' dir='ltr'>in</span> <span class='ocrx_word' id='word_1_140' title='bbox 245 1272 361 1313; x_wconf 72' lang='lat' dir='ltr'><em>Rapina·</em></span> <span class='ocrx_word' id='word_1_141' title='bbox 385 1272 542 1313; x_wconf 85' lang='lat' dir='ltr'>operibus,</span> <span class='ocrx_word' id='word_1_142' title='bbox 566 1274 676 1302; x_wconf 87' lang='lat' dir='ltr'><em>tom.1.</em></span> <span class='ocrx_word' id='word_1_143' title='bbox 699 1282 764 1312; x_wconf 84' lang='lat' dir='ltr'><em>pag.</em></span> <span class='ocrx_word' id='word_1_144' title='bbox 783 1282 792 1301; x_wconf 85' lang='grc' dir='ltr'>ι</span> <span class='ocrx_word' id='word_1_145' title='bbox 811 1271 871 1312; x_wconf 73' lang='lat' dir='ltr'>sqq.</span> <span class='ocrx_word' id='word_1_146' title='bbox 895 1272 964 1302; x_wconf 81' lang='lat' dir='ltr'>edit.</span> 
     </span>
     <span class='ocr_line' id='line_1_26' title="bbox 115 1318 496 1356; baseline -0.008 -9"><span class='ocrx_word' id='word_1_147' title='bbox 115 1319 216 1356; x_wconf 81' lang='lat' dir='ltr'>Hagae</span> <span class='ocrx_word' id='word_1_148' title='bbox 233 1318 342 1347; x_wconf 87' lang='lat' dir='ltr'>Comit.</span> <span class='ocrx_word' id='word_1_149' title='bbox 360 1326 438 1354; x_wconf 76' lang='lat'>¹725·</span> <span class='ocrx_word' id='word_1_150' title='bbox 457 1326 496 1345; x_wconf 83' lang='lat' dir='ltr'><em>iz.</em></span> 
     </span>
    </p>

    <p class='ocr_par' dir='ltr' id='par_1_9' title="bbox 114 1374 964 1505">
     <span class='ocr_line' id='line_1_27' title="bbox 154 1374 964 1416; baseline -0.002 -9"><span class='ocrx_word' id='word_1_151' title='bbox 154 1376 246 1408; x_wconf 81' lang='lat' dir='ltr'>Petri</span> <span class='ocrx_word' id='word_1_152' title='bbox 257 1374 600 1416; x_wconf 69' lang='lat' dir='ltr'>Eckernzan.8peci.11en</span> <span class='ocrx_word' id='word_1_153' title='bbox 617 1374 827 1411; x_wconf 86' lang='lat' dir='ltr'>academicum,</span> <span class='ocrx_word' id='word_1_154' title='bbox 842 1374 964 1416; x_wconf 79' lang='lat' dir='ltr'>paralle-</span> 
     </span>
     <span class='ocr_line' id='line_1_28' title="bbox 114 1418 964 1455; baseline 0 -6"><span class='ocrx_word' id='word_1_155' title='bbox 114 1418 231 1449; x_wconf 87' lang='lat' dir='ltr'>lismum</span> <span class='ocrx_word' id='word_1_156' title='bbox 250 1420 454 1450; x_wconf 83' lang='lat' dir='ltr'>Demosthenis</span> <span class='ocrx_word' id='word_1_157' title='bbox 477 1428 505 1448; x_wconf 89' lang='lat' dir='ltr'>et</span> <span class='ocrx_word' id='word_1_158' title='bbox 527 1421 695 1454; x_wconf 84' lang='lat' dir='ltr'>Ciceronis,</span> <span class='ocrx_word' id='word_1_159' title='bbox 719 1426 892 1455; x_wconf 83' lang='lat' dir='ltr'>oratorum,</span> <span class='ocrx_word' id='word_1_160' title='bbox 916 1429 964 1449; x_wconf 84' lang='lat' dir='ltr'>ex-</span> 
     </span>
     <span class='ocr_line' id='line_1_29' title="bbox 115 1462 563 1505; baseline -0.007 -11"><span class='ocrx_word' id='word_1_161' title='bbox 115 1463 228 1494; x_wconf 79' lang='lat' dir='ltr'>hibens.</span> <span class='ocrx_word' id='word_1_162' title='bbox 253 1462 399 1505; x_wconf 88' lang='lat' dir='ltr'>Vpsaliae,</span> <span class='ocrx_word' id='word_1_163' title='bbox 423 1466 508 1500; x_wconf 85' lang='lat'><em>1746.</em></span> <span class='ocrx_word' id='word_1_164' title='bbox 532 1472 563 1498; x_wconf 79' lang='lat'><em>4.</em></span> 
     </span>
    </p>
   </div>
   <div class='ocr_carea' id='block_1_8' title="bbox 104 1519 965 1888">
    <p class='ocr_par' dir='ltr' id='par_1_10' title="bbox 113 1519 965 1652">
     <span class='ocr_line' id='line_1_30' title="bbox 159 1519 965 1564; baseline -0.001 -11"><span class='ocrx_word' id='word_1_165' title='bbox 159 1522 267 1562; x_wconf 80' lang='lat' dir='ltr'>Anglus</span> <span class='ocrx_word' id='word_1_166' title='bbox 283 1522 404 1564; x_wconf 87' lang='lat' dir='ltr'>quidam</span> <span class='ocrx_word' id='word_1_167' title='bbox 421 1524 450 1551; x_wconf 91' lang='lat' dir='ltr'>in</span> <span class='ocrx_word' id='word_1_168' title='bbox 466 1521 645 1562; x_wconf 86' lang='lat' dir='ltr'>Biographia</span> <span class='ocrx_word' id='word_1_169' title='bbox 659 1519 779 1557; x_wconf 80' lang='lat' dir='ltr'>classica,</span> <span class='ocrx_word' id='word_1_170' title='bbox 801 1523 965 1559; x_wconf 81' lang='lat' dir='ltr'>germanice</span> 
     </span>
     <span class='ocr_line' id='line_1_31' title="bbox 114 1564 965 1607; baseline 0 -11"><span class='ocrx_word' id='word_1_171' title='bbox 114 1566 197 1596; x_wconf 69' lang='lat' dir='ltr'>versa</span> <span class='ocrx_word' id='word_1_172' title='bbox 220 1578 236 1596; x_wconf 88' lang='lat' dir='ltr'>a</span> <span class='ocrx_word' id='word_1_173' title='bbox 259 1566 344 1597; x_wconf 85' lang='lat' dir='ltr'><em>Sam.</em></span> <span class='ocrx_word' id='word_1_174' title='bbox 366 1565 542 1607; x_wconf 79' lang='lat' dir='ltr'>Mmfinna,</span> <span class='ocrx_word' id='word_1_175' title='bbox 574 1564 681 1600; x_wconf 82' lang='lat' dir='ltr'>(Halae</span> <span class='ocrx_word' id='word_1_176' title='bbox 695 1567 760 1595; x_wconf 87' lang='lat' dir='ltr'><em>Sax.</em></span> <span class='ocrx_word' id='word_1_177' title='bbox 782 1568 875 1603; x_wconf 84' lang='lat'><em>1768.)</em></span> <span class='ocrx_word' id='word_1_178' title='bbox 891 1575 965 1607; x_wconf 91' lang='lat' dir='ltr'><em>part.</em></span> 
     </span>
     <span class='ocr_line' id='line_1_32' title="bbox 113 1609 371 1652; baseline -0.012 -11"><span class='ocrx_word' id='word_1_179' title='bbox 113 1612 152 1641; x_wconf 86' lang='lat'><em>11.</em></span> <span class='ocrx_word' id='word_1_180' title='bbox 176 1621 241 1652; x_wconf 79' lang='lat' dir='ltr'><em>pag.</em></span> <span class='ocrx_word' id='word_1_181' title='bbox 257 1619 292 1646; x_wconf 87' lang='lat'>45</span> <span class='ocrx_word' id='word_1_182' title='bbox 310 1609 371 1651; x_wconf 88' lang='lat' dir='ltr'>sqq.</span> 
     </span>
    </p>

    <p class='ocr_par' dir='ltr' id='par_1_11' title="bbox 104 1667 965 1793">
     <span class='ocr_line' id='line_1_33' title="bbox 157 1667 965 1709; baseline -0.004 -8"><span class='ocrx_word' id='word_1_183' title='bbox 157 1669 246 1702; x_wconf 82' lang='lat' dir='ltr'><em>Frid.</em></span> <span class='ocrx_word' id='word_1_184' title='bbox 261 1670 357 1702; x_wconf 77' lang='lat' dir='ltr'>Gom.</span> <span class='ocrx_word' id='word_1_185' title='bbox 375 1669 527 1709; x_wconf 81' lang='lat' dir='ltr'>Freytag.</span> <span class='ocrx_word' id='word_1_186' title='bbox 542 1670 571 1698; x_wconf 90' lang='lat' dir='ltr'>in</span> <span class='ocrx_word' id='word_1_187' title='bbox 587 1667 702 1699; x_wconf 87' lang='lat' dir='ltr'>Decade</span> <span class='ocrx_word' id='word_1_188' title='bbox 718 1675 829 1698; x_wconf 83' lang='lat' dir='ltr'>orator.</span> <span class='ocrx_word' id='word_1_189' title='bbox 851 1675 879 1697; x_wconf 88' lang='lat' dir='ltr'>et</span> <span class='ocrx_word' id='word_1_190' title='bbox 899 1668 965 1698; x_wconf 88' lang='lat' dir='ltr'>rhe-</span> 
     </span>
     <span class='ocr_line' id='line_1_34' title="bbox 104 1710 965 1787; baseline -0.003 -43"><span class='ocrx_word' id='word_1_191' title='bbox 104 1719 283 1787; x_wconf 57' lang='lat' dir='ltr'>tor-(graec.</span> <span class='ocrx_word' id='word_1_192' title='bbox 299 1713 407 1756; x_wconf 87' lang='lat' dir='ltr'>quibus</span> <span class='ocrx_word' id='word_1_193' title='bbox 423 1714 531 1743; x_wconf 83' lang='lat' dir='ltr'>statuae</span> <span class='ocrx_word' id='word_1_194' title='bbox 546 1712 656 1754; x_wconf 82' lang='lat' dir='ltr'><em>positae</em></span> <span class='ocrx_word' id='word_1_195' title='bbox 670 1711 790 1742; x_wconf 80' lang='lat' dir='ltr'>fuerunt</span> <span class='ocrx_word' id='word_1_196' title='bbox 804 1710 828 1751; x_wconf 82' lang='lat'><em>§.</em></span> <span class='ocrx_word' id='word_1_197' title='bbox 845 1721 882 1747; x_wconf 84' lang='lat'><em>13.</em></span> <span class='ocrx_word' id='word_1_198' title='bbox 900 1723 965 1753; x_wconf 90' lang='lat' dir='ltr'><em>pag.</em></span> 
     </span>
     <span class='ocr_line' id='line_1_35' title="bbox 111 1765 234 1793; baseline -0.008 0"><span class='ocrx_word' id='word_1_199' title='bbox 111 1765 148 1793; x_wconf 83' lang='lat'>43</span> <span class='ocrx_word' id='word_1_200' title='bbox 226 1779 234 1786; x_wconf 88' lang='lat'><strong>·</strong></span> 
     </span>
    </p>

    <p class='ocr_par' dir='ltr' id='par_1_12' title="bbox 112 1767 965 1888">
     <span class='ocr_line' id='line_1_36' title="bbox 157 1767 965 1845; baseline -0.002 -10"><span class='ocrx_word' id='word_1_201' title='bbox 157 1767 323 1845; x_wconf 52' lang='lat' dir='ltr'>Rgilhesart</span> <span class='ocrx_word' id='word_1_202' title='bbox 345 1802 380 1832; x_wconf 86' lang='lat' dir='ltr'>de</span> <span class='ocrx_word' id='word_1_203' title='bbox 405 1803 622 1838; x_wconf 85' lang='lat' dir='ltr'>Demosthene,</span> <span class='ocrx_word' id='word_1_204' title='bbox 647 1812 705 1843; x_wconf 88' lang='lat' dir='ltr'>qua</span> <span class='ocrx_word' id='word_1_205' title='bbox 732 1807 850 1832; x_wconf 85' lang='lat' dir='ltr'>oratore</span> <span class='ocrx_word' id='word_1_206' title='bbox 865 1810 965 1844; x_wconf 82' lang='lat' dir='ltr'><em>etqua</em></span> 
     </span>
     <span class='ocr_line' id='line_1_37' title="bbox 112 1844 964 1888; baseline -0.002 -10"><span class='ocrx_word' id='word_1_207' title='bbox 112 1849 246 1883; x_wconf 85' lang='lat' dir='ltr'>homine,</span> <span class='ocrx_word' id='word_1_208' title='bbox 262 1849 292 1878; x_wconf 91' lang='lat' dir='ltr'>in</span> <span class='ocrx_word' id='word_1_209' title='bbox 304 1846 454 1888; x_wconf 77' lang='lat' dir='ltr'>republica</span> <span class='ocrx_word' id='word_1_210' title='bbox 465 1846 592 1881; x_wconf 75' lang='lat' dir='ltr'>versato,</span> <span class='ocrx_word' id='word_1_211' title='bbox 607 1848 652 1876; x_wconf 87' lang='lat' dir='ltr'>in:</span> <span class='ocrx_word' id='word_1_212' title='bbox 673 1844 811 1876; x_wconf 63' lang='lat' dir='ltr'>Me&#39;moir.</span> <span class='ocrx_word' id='word_1_213' title='bbox 823 1846 858 1876; x_wconf 92' lang='lat' dir='ltr'>de</span> <span class='ocrx_word' id='word_1_214' title='bbox 875 1846 964 1876; x_wconf 79' lang='lat' dir='ltr'>litter.</span> 
     </span>
    </p>
   </div>
   <div class='ocr_carea' id='block_1_9' title="bbox 113 1888 964 2077">
    <p class='ocr_par' dir='ltr' id='par_1_13' title="bbox 113 1888 964 1977">
     <span class='ocr_line' id='line_1_38' title="bbox 113 1888 964 1922; baseline -0.002 0"><span class='ocrx_word' id='word_1_215' title='bbox 113 1907 157 1915; x_wconf 87' lang='lat'>-—</span> <span class='ocrx_word' id='word_1_216' title='bbox 180 1891 215 1922; x_wconf 89' lang='lat' dir='ltr'>de</span> <span class='ocrx_word' id='word_1_217' title='bbox 239 1890 345 1921; x_wconf 80' lang='lat' dir='ltr'><em>l&#39;Acad.</em></span> <span class='ocrx_word' id='word_1_218' title='bbox 371 1889 458 1920; x_wconf 83' lang='lat' dir='ltr'>Paris.</span> <span class='ocrx_word' id='word_1_219' title='bbox 481 1889 531 1918; x_wconf 82' lang='lat' dir='ltr'>des</span> <span class='ocrx_word' id='word_1_220' title='bbox 555 1888 641 1920; x_wconf 86' lang='lat' dir='ltr'><em>Insct.</em></span> <span class='ocrx_word' id='word_1_221' title='bbox 664 1889 725 1919; x_wconf 90' lang='lat' dir='ltr'>vol.</span> <span class='ocrx_word' id='word_1_222' title='bbox 749 1891 853 1921; x_wconf 84' lang='lat' dir='ltr'>XLIII.</span> <span class='ocrx_word' id='word_1_223' title='bbox 876 1890 964 1922; x_wconf 82' lang='lat' dir='ltr'>Paris.</span> 
     </span>
     <span class='ocr_line' id='line_1_39' title="bbox 114 1934 352 1977; baseline -0.017 -10"><span class='ocrx_word' id='word_1_224' title='bbox 114 1940 195 1975; x_wconf 82' lang='lat'><em>1786.</em></span> <span class='ocrx_word' id='word_1_225' title='bbox 219 1947 246 1977; x_wconf 85' lang='lat' dir='ltr'><em>p.</em></span> <span class='ocrx_word' id='word_1_226' title='bbox 265 1945 294 1964; x_wconf 85' lang='lat'>21</span> <span class='ocrx_word' id='word_1_227' title='bbox 312 1934 352 1975; x_wconf 87' lang='lat' dir='ltr'>sq.</span> 
     </span>
    </p>

    <p class='ocr_par' dir='ltr' id='par_1_14' title="bbox 113 1991 964 2077">
     <span class='ocr_line' id='line_1_40' title="bbox 158 1991 964 2035; baseline -0.005 -9"><span class='ocrx_word' id='word_1_228' title='bbox 158 1994 289 2035; x_wconf 75' lang='lat' dir='ltr'>Georgii</span> <span class='ocrx_word' id='word_1_229' title='bbox 308 1991 389 2024; x_wconf 88' lang='lat' dir='ltr'><em>Frid.</em></span> <span class='ocrx_word' id='word_1_230' title='bbox 405 1991 517 2023; x_wconf 80' lang='lat' dir='ltr'>Seileri</span> <span class='ocrx_word' id='word_1_231' title='bbox 540 1991 637 2021; x_wconf 88' lang='lat' dir='ltr'>Leben</span> <span class='ocrx_word' id='word_1_232' title='bbox 651 1991 711 2022; x_wconf 85' lang='lat' dir='ltr'>und</span> <span class='ocrx_word' id='word_1_233' title='bbox 728 1993 893 2023; x_wconf 74' lang='lat' dir='ltr'>Charakter</span> <span class='ocrx_word' id='word_1_234' title='bbox 913 1993 964 2023; x_wconf 75' lang='lat' dir='ltr'>des</span> 
     </span>
     <span class='ocr_line' id='line_1_41' title="bbox 113 2036 964 2077; baseline -0.006 -6"><span class='ocrx_word' id='word_1_235' title='bbox 113 2039 342 2073; x_wconf 82' lang='lat' dir='ltr'>Demosthenes,</span> <span class='ocrx_word' id='word_1_236' title='bbox 373 2037 497 2077; x_wconf 86' lang='lat' dir='ltr'>praefixi</span> <span class='ocrx_word' id='word_1_237' title='bbox 524 2037 586 2064; x_wconf 85' lang='lat' dir='ltr'>eius</span> <span class='ocrx_word' id='word_1_238' title='bbox 608 2036 736 2064; x_wconf 81' lang='lat' dir='ltr'>versioni</span> <span class='ocrx_word' id='word_1_239' title='bbox 759 2038 904 2066; x_wconf 84' lang='lat' dir='ltr'>orationis</span> <span class='ocrx_word' id='word_1_240' title='bbox 928 2036 964 2066; x_wconf 91' lang='lat' dir='ltr'>de</span> 
     </span>
    </p>
   </div>
   <div class='ocr_carea' id='block_1_10' title="bbox 113 2079 963 2167">
    <p class='ocr_par' dir='ltr' id='par_1_15' title="bbox 113 2079 963 2167">
     <span class='ocr_line' id='line_1_42' title="bbox 113 2079 725 2121; baseline -0.011 -7"><span class='ocrx_word' id='word_1_241' title='bbox 113 2094 224 2114; x_wconf 90' lang='lat' dir='ltr'>corona</span> <span class='ocrx_word' id='word_1_242' title='bbox 239 2083 429 2121; x_wconf 79' lang='lat' dir='ltr'>germanicae.</span> <span class='ocrx_word' id='word_1_243' title='bbox 456 2079 576 2117; x_wconf 88' lang='lat' dir='ltr'>Coburg</span> <span class='ocrx_word' id='word_1_244' title='bbox 598 2082 677 2116; x_wconf 85' lang='lat'><em>1768.</em></span> <span class='ocrx_word' id='word_1_245' title='bbox 701 2085 725 2111; x_wconf 90' lang='lat'>8.</span> 
     </span>
     <span class='ocr_line' id='line_1_43' title="bbox 160 2124 963 2167; baseline -0.006 -9"><span class='ocrx_word' id='word_1_246' title='bbox 160 2128 278 2167; x_wconf 65' lang='lat' dir='ltr'>&#39;l&#39;aya&#39;or</span> <span class='ocrx_word' id='word_1_247' title='bbox 295 2125 466 2155; x_wconf 71' lang='lat' dir='ltr'>vberiorem</span> <span class='ocrx_word' id='word_1_248' title='bbox 482 2131 510 2152; x_wconf 84' lang='lat' dir='ltr'>et</span> <span class='ocrx_word' id='word_1_249' title='bbox 525 2125 655 2152; x_wconf 84' lang='lat' dir='ltr'>criticam</span> <span class='ocrx_word' id='word_1_250' title='bbox 669 2124 746 2151; x_wconf 81' lang='lat' dir='ltr'>vitae</span> <span class='ocrx_word' id='word_1_251' title='bbox 756 2124 963 2153; x_wconf 80' lang='lat' dir='ltr'>etorationum</span> 
     </span>
    </p>
   </div>
   <div class='ocr_carea' id='block_1_11' title="bbox 112 2165 966 2472">
    <p class='ocr_par' dir='ltr' id='par_1_16' title="bbox 112 2165 966 2472">
     <span class='ocr_line' id='line_1_44' title="bbox 116 2165 964 2209; baseline -0.007 -8"><span class='ocrx_word' id='word_1_252' title='bbox 116 2170 304 2201; x_wconf 79' lang='lat' dir='ltr'>Demosthen.</span> <span class='ocrx_word' id='word_1_253' title='bbox 325 2177 413 2209; x_wconf 82' lang='lat' dir='ltr'>atque</span> <span class='ocrx_word' id='word_1_254' title='bbox 438 2166 569 2197; x_wconf 80' lang='lat' dir='ltr'>Aeschin.</span> <span class='ocrx_word' id='word_1_255' title='bbox 601 2166 814 2206; x_wconf 75' lang='lat' dir='ltr'>expolitionem</span> <span class='ocrx_word' id='word_1_256' title='bbox 837 2165 964 2207; x_wconf 85' lang='lat' dir='ltr'>aliaque,</span> 
     </span>
     <span class='ocr_line' id='line_1_45' title="bbox 115 2209 963 2254; baseline -0.005 -11"><span class='ocrx_word' id='word_1_257' title='bbox 115 2224 190 2254; x_wconf 84' lang='lat' dir='ltr'>quae</span> <span class='ocrx_word' id='word_1_258' title='bbox 198 2214 234 2242; x_wconf 87' lang='lat' dir='ltr'><em>ad</em></span> <span class='ocrx_word' id='word_1_259' title='bbox 246 2221 403 2253; x_wconf 80' lang='lat' dir='ltr'>vti-umque</span> <span class='ocrx_word' id='word_1_260' title='bbox 413 2220 563 2241; x_wconf 85' lang='lat' dir='ltr'>oratorem</span> <span class='ocrx_word' id='word_1_261' title='bbox 575 2212 765 2250; x_wconf 77' lang='lat' dir='ltr'>pertinerent,</span> <span class='ocrx_word' id='word_1_262' title='bbox 775 2209 963 2250; x_wconf 70' lang='lat' dir='ltr'>promiserat:</span> 
     </span>
     <span class='ocr_line' id='line_1_46' title="bbox 115 2252 962 2297; baseline -0.005 -11"><span class='ocrx_word' id='word_1_263' title='bbox 115 2257 163 2286; x_wconf 87' lang='lat' dir='ltr'>sed</span> <span class='ocrx_word' id='word_1_264' title='bbox 185 2253 281 2286; x_wconf 69' lang='lat' dir='ltr'>mo&#39;rte</span> <span class='ocrx_word' id='word_1_265' title='bbox 303 2256 441 2297; x_wconf 79' lang='lat' dir='ltr'>abreptus</span> <span class='ocrx_word' id='word_1_266' title='bbox 465 2252 617 2283; x_wconf 73' lang='lat' dir='ltr'>confilium</span> <span class='ocrx_word' id='word_1_267' title='bbox 641 2252 759 2293; x_wconf 81' lang='lat' dir='ltr'>exsequi</span> <span class='ocrx_word' id='word_1_268' title='bbox 779 2263 839 2282; x_wconf 90' lang='lat' dir='ltr'>non</span> <span class='ocrx_word' id='word_1_269' title='bbox 855 2254 962 2294; x_wconf 85' lang='lat' dir='ltr'>potuit.</span> 
     </span>
     <span class='ocr_line' id='line_1_47' title="bbox 113 2295 964 2339; baseline -0.005 -9"><span class='ocrx_word' id='word_1_270' title='bbox 113 2301 287 2339; x_wconf 78' lang='lat' dir='ltr'>Fragmenta</span> <span class='ocrx_word' id='word_1_271' title='bbox 296 2307 393 2329; x_wconf 85' lang='lat' dir='ltr'>autem</span> <span class='ocrx_word' id='word_1_272' title='bbox 404 2309 448 2334; x_wconf 83' lang='lat' dir='ltr'>ea,</span> <span class='ocrx_word' id='word_1_273' title='bbox 464 2307 538 2338; x_wconf 87' lang='lat' dir='ltr'>quae</span> <span class='ocrx_word' id='word_1_274' title='bbox 549 2295 653 2337; x_wconf 84' lang='lat' dir='ltr'>scripta</span> <span class='ocrx_word' id='word_1_275' title='bbox 662 2296 832 2337; x_wconf 82' lang='lat' dir='ltr'>reliquerat,</span> <span class='ocrx_word' id='word_1_276' title='bbox 849 2297 964 2327; x_wconf 86' lang='lat' dir='ltr'>erudita</span> 
     </span>
     <span class='ocr_line' id='line_1_48' title="bbox 113 2339 964 2386; baseline -0.005 -12"><span class='ocrx_word' id='word_1_277' title='bbox 113 2352 142 2374; x_wconf 88' lang='lat' dir='ltr'>et</span> <span class='ocrx_word' id='word_1_278' title='bbox 159 2342 289 2386; x_wconf 86' lang='lat' dir='ltr'>copiosa,</span> <span class='ocrx_word' id='word_1_279' title='bbox 311 2350 340 2372; x_wconf 87' lang='lat' dir='ltr'>at</span> <span class='ocrx_word' id='word_1_280' title='bbox 357 2341 487 2372; x_wconf 89' lang='lat' dir='ltr'>nondum</span> <span class='ocrx_word' id='word_1_281' title='bbox 505 2340 612 2378; x_wconf 86' lang='lat' dir='ltr'>digesta</span> <span class='ocrx_word' id='word_1_282' title='bbox 630 2339 848 2380; x_wconf 84' lang='lat' dir='ltr'>elaborataque,</span> <span class='ocrx_word' id='word_1_283' title='bbox 867 2341 964 2370; x_wconf 83' lang='lat' dir='ltr'>Reisk.</span> 
     </span>
     <span class='ocr_line' id='line_1_49' title="bbox 113 2382 965 2427; baseline -0.006 -8"><span class='ocrx_word' id='word_1_284' title='bbox 113 2388 150 2418; x_wconf 82' lang='lat' dir='ltr'>ab</span> <span class='ocrx_word' id='word_1_285' title='bbox 169 2389 275 2418; x_wconf 71' lang='lat' dir='ltr'>Askew</span> <span class='ocrx_word' id='word_1_286' title='bbox 300 2387 421 2427; x_wconf 82' lang='lat' dir='ltr'>accepit,</span> <span class='ocrx_word' id='word_1_287' title='bbox 443 2392 472 2415; x_wconf 81' lang='lat' dir='ltr'>et</span> <span class='ocrx_word' id='word_1_288' title='bbox 490 2383 653 2425; x_wconf 85' lang='lat' dir='ltr'>publicauit</span> <span class='ocrx_word' id='word_1_289' title='bbox 676 2386 708 2413; x_wconf 89' lang='lat' dir='ltr'>in</span> <span class='ocrx_word' id='word_1_290' title='bbox 723 2382 784 2414; x_wconf 80' lang='lat' dir='ltr'>vol.</span> <span class='ocrx_word' id='word_1_291' title='bbox 795 2385 874 2414; x_wconf 88' lang='lat' dir='ltr'>VIII.</span> <span class='ocrx_word' id='word_1_292' title='bbox 891 2392 965 2414; x_wconf 81' lang='lat' dir='ltr'>orat.</span> 
     </span>
     <span class='ocr_line' id='line_1_50' title="bbox 112 2426 966 2472; baseline -0.005 -10"><span class='ocrx_word' id='word_1_293' title='bbox 112 2442 207 2472; x_wconf 83' lang='lat' dir='ltr'>graec.</span> <span class='ocrx_word' id='word_1_294' title='bbox 253 2430 384 2460; x_wconf 79' lang='lat' dir='ltr'>Indicem</span> <span class='ocrx_word' id='word_1_295' title='bbox 397 2438 504 2470; x_wconf 42' lang='lat' dir='ltr'>‚rerum</span> <span class='ocrx_word' id='word_1_296' title='bbox 526 2426 781 2465; x_wconf 82' lang='lat' dir='ltr'>memorabilium,</span> <span class='ocrx_word' id='word_1_297' title='bbox 795 2435 888 2458; x_wconf 82' lang='lat' dir='ltr'>aetate</span> <span class='ocrx_word' id='word_1_298' title='bbox 908 2429 966 2460; x_wconf 89' lang='lat' dir='ltr'>De-</span> 
     </span>
    </p>
   </div>
   <div class='ocr_carea' id='block_1_12' title="bbox 160 2482 293 2518">
    <p class='ocr_par' dir='ltr' id='par_1_17' title="bbox 160 2482 293 2518">
     <span class='ocr_line' id='line_1_51' title="bbox 160 2482 293 2518; baseline -0.03 0"><span class='ocrx_word' id='word_1_299' title='bbox 160 2482 293 2518; x_wconf 81' lang='lat' dir='ltr'>Vol-II.</span> 
     </span>
    </p>
   </div>
   <div class='ocr_carea' id='block_1_13' title="bbox 1419 112 1868 166">
    <p class='ocr_par' dir='ltr' id='par_1_18' title="bbox 1419 112 1868 166">
     <span class='ocr_line' id='line_1_52' title="bbox 1419 112 1868 166; baseline 0.018 -17"><span class='ocrx_word' id='word_1_300' title='bbox 1419 112 1493 152; x_wconf 88' lang='lat' dir='ltr'><em>Lib.</em></span> <span class='ocrx_word' id='word_1_301' title='bbox 1504 116 1554 152; x_wconf 84' lang='grc' dir='ltr'>ΙΙ.</span> <span class='ocrx_word' id='word_1_302' title='bbox 1567 129 1590 152; x_wconf 83' lang='lat' dir='ltr'><em>c.</em></span> <span class='ocrx_word' id='word_1_303' title='bbox 1604 116 1756 156; x_wconf 81' lang='lat' dir='ltr'><em>XXVI.</em></span> <span class='ocrx_word' id='word_1_304' title='bbox 1808 127 1868 166; x_wconf 83' lang='lat'>8¹7</span> 
     </span>
    </p>
   </div>
   <div class='ocr_carea' id='block_1_14' title="bbox 1007 206 1885 2512">
    <p class='ocr_par' dir='ltr' id='par_1_19' title="bbox 1007 206 1885 2510">
     <span class='ocr_line' id='line_1_53' title="bbox 1018 206 1864 255; baseline 0.015 -21"><span class='ocrx_word' id='word_1_305' title='bbox 1018 206 1176 235; x_wconf 83' lang='lat' dir='ltr'>mosthcnis</span> <span class='ocrx_word' id='word_1_306' title='bbox 1191 208 1345 245; x_wconf 80' lang='lat' dir='ltr'>gestarum,</span> <span class='ocrx_word' id='word_1_307' title='bbox 1371 207 1526 239; x_wconf 87' lang='lat' dir='ltr'>secundum</span> <span class='ocrx_word' id='word_1_308' title='bbox 1549 221 1639 242; x_wconf 77' lang='lat' dir='ltr'>annos</span> <span class='ocrx_word' id='word_1_309' title='bbox 1655 212 1864 255; x_wconf 71' lang='lat' dir='ltr'>olympiadum</span> 
     </span>
     <span class='ocr_line' id='line_1_54' title="bbox 1016 249 1863 296; baseline 0.013 -18"><span class='ocrx_word' id='word_1_310' title='bbox 1016 259 1083 279; x_wconf 91' lang='lat' dir='ltr'>cum</span> <span class='ocrx_word' id='word_1_311' title='bbox 1109 249 1316 287; x_wconf 75' lang='lat' dir='ltr'><em>adnotatione,</em></span> <span class='ocrx_word' id='word_1_312' title='bbox 1340 263 1400 292; x_wconf 87' lang='lat' dir='ltr'>quo</span> <span class='ocrx_word' id='word_1_313' title='bbox 1420 263 1496 283; x_wconf 86' lang='lat' dir='ltr'>anno</span> <span class='ocrx_word' id='word_1_314' title='bbox 1519 263 1546 283; x_wconf 81' lang='lat' dir='ltr'>et</span> <span class='ocrx_word' id='word_1_315' title='bbox 1570 254 1688 296; x_wconf 77' lang='lat' dir='ltr'>olymp.</span> <span class='ocrx_word' id='word_1_316' title='bbox 1713 268 1740 287; x_wconf 72' lang='lat' dir='ltr'>et</span> <span class='ocrx_word' id='word_1_317' title='bbox 1762 262 1863 289; x_wconf 73' lang='lat' dir='ltr'>aetatis</span> 
     </span>
     <span class='ocr_line' id='line_1_55' title="bbox 1018 294 1860 336; baseline 0.008 -14"><span class='ocrx_word' id='word_1_318' title='bbox 1018 294 1257 323; x_wconf 73' lang='lat' dir='ltr'>Demosthenicae</span> <span class='ocrx_word' id='word_1_319' title='bbox 1273 295 1398 332; x_wconf 78' lang='lat' dir='ltr'>singulae</span> <span class='ocrx_word' id='word_1_320' title='bbox 1413 307 1561 328; x_wconf 73' lang='lat' dir='ltr'>orationes</span> <span class='ocrx_word' id='word_1_321' title='bbox 1577 299 1691 329; x_wconf 69' lang='lat' dir='ltr'>habitae</span> <span class='ocrx_word' id='word_1_322' title='bbox 1708 301 1770 336; x_wconf 78' lang='lat' dir='ltr'>sint,</span> <span class='ocrx_word' id='word_1_323' title='bbox 1783 304 1860 332; x_wconf 74' lang='grc' dir='ltr'>Κιις.</span> 
     </span>
     <span class='ocr_line' id='line_1_56' title="bbox 1017 336 1861 386; baseline 0.012 -21"><span class='ocrx_word' id='word_1_324' title='bbox 1017 336 1084 366; x_wconf 81' lang='lat' dir='ltr'>kius</span> <span class='ocrx_word' id='word_1_325' title='bbox 1111 347 1148 367; x_wconf 84' lang='lat' dir='ltr'>ex</span> <span class='ocrx_word' id='word_1_326' title='bbox 1175 337 1335 367; x_wconf 65' lang='lat' dir='ltr'>obstruatis</span> <span class='ocrx_word' id='word_1_327' title='bbox 1364 340 1474 370; x_wconf 84' lang='lat' dir='ltr'>Schotti</span> <span class='ocrx_word' id='word_1_328' title='bbox 1503 350 1530 370; x_wconf 79' lang='lat' dir='ltr'>et</span> <span class='ocrx_word' id='word_1_329' title='bbox 1552 343 1664 372; x_wconf 78' lang='lat' dir='ltr'>Corfini</span> <span class='ocrx_word' id='word_1_330' title='bbox 1695 343 1861 386; x_wconf 58' lang='lat' dir='ltr'>scliedisqwe</span> 
     </span>
     <span class='ocr_line' id='line_1_57' title="bbox 1016 379 1861 419; baseline 0.012 -10"><span class='ocrx_word' id='word_1_331' title='bbox 1016 379 1146 415; x_wconf 84' lang='lat' dir='ltr'>Taylori</span> <span class='ocrx_word' id='word_1_332' title='bbox 1160 382 1297 419; x_wconf 64' lang='lat' dir='ltr'>congestu</span> <span class='ocrx_word' id='word_1_333' title='bbox 1310 403 1318 416; x_wconf 91' lang='lat'>‚</span> <span class='ocrx_word' id='word_1_334' title='bbox 1342 390 1369 411; x_wconf 83' lang='lat' dir='ltr'>et</span> <span class='ocrx_word' id='word_1_335' title='bbox 1384 382 1531 414; x_wconf 76' lang='lat' dir='ltr'>subiunxit</span> <span class='ocrx_word' id='word_1_336' title='bbox 1549 385 1690 416; x_wconf 54' lang='lat' dir='ltr'>nula-ibus</span> <span class='ocrx_word' id='word_1_337' title='bbox 1706 386 1771 417; x_wconf 68' lang='lat' dir='ltr'>snm.</span> <span class='ocrx_word' id='word_1_338' title='bbox 1820 392 1861 419; x_wconf 65' lang='lat' dir='ltr'>Ite</span> 
     </span>
     <span class='ocr_line' id='line_1_58' title="bbox 1015 425 1863 473; baseline 0.013 -21"><span class='ocrx_word' id='word_1_339' title='bbox 1015 433 1122 461; x_wconf 73' lang='lat' dir='ltr'>genere</span> <span class='ocrx_word' id='word_1_340' title='bbox 1142 425 1262 465; x_wconf 86' lang='lat' dir='ltr'>vitaque</span> <span class='ocrx_word' id='word_1_341' title='bbox 1284 427 1486 456; x_wconf 77' lang='lat' dir='ltr'>Demosthenis</span> <span class='ocrx_word' id='word_1_342' title='bbox 1508 428 1608 458; x_wconf 50' lang='lat' dir='ltr'>odiosa</span> <span class='ocrx_word' id='word_1_343' title='bbox 1635 430 1723 460; x_wconf 76' lang='lat' dir='ltr'><em>tradit</em></span> <span class='ocrx_word' id='word_1_344' title='bbox 1741 431 1863 473; x_wconf 52' lang='lat' dir='ltr'>Aveni-</span> 
     </span>
     <span class='ocr_line' id='line_1_59' title="bbox 1016 469 1860 515; baseline 0.011 -19"><span class='ocrx_word' id='word_1_345' title='bbox 1016 476 1069 496; x_wconf 79' lang='lat' dir='ltr'>ms</span> <span class='ocrx_word' id='word_1_346' title='bbox 1092 469 1121 496; x_wconf 92' lang='lat' dir='ltr'>in</span> <span class='ocrx_word' id='word_1_347' title='bbox 1145 475 1218 498; x_wconf 87' lang='lat' dir='ltr'><em>orat.</em></span> <span class='ocrx_word' id='word_1_348' title='bbox 1235 477 1336 497; x_wconf 80' lang='lat' dir='ltr'>contra</span> <span class='ocrx_word' id='word_1_349' title='bbox 1354 470 1568 510; x_wconf 53' lang='lat' dir='ltr'>thlipltontem</span> <span class='ocrx_word' id='word_1_350' title='bbox 1587 484 1650 512; x_wconf 61' lang='lat' dir='ltr'><em>pag.</em></span> <span class='ocrx_word' id='word_1_351' title='bbox 1665 479 1713 507; x_wconf 82' lang='lat'>56¹</span> <span class='ocrx_word' id='word_1_352' title='bbox 1731 473 1789 515; x_wconf 80' lang='lat' dir='ltr'>sqq.</span> <span class='ocrx_word' id='word_1_353' title='bbox 1815 476 1860 506; x_wconf 52' lang='lat' dir='ltr'>cil.</span> 
     </span>
     <span class='ocr_line' id='line_1_60' title="bbox 1017 511 1861 549; baseline 0.012 -10"><span class='ocrx_word' id='word_1_354' title='bbox 1017 511 1132 540; x_wconf 82' lang='lat' dir='ltr'>Reisk.:</span> <span class='ocrx_word' id='word_1_355' title='bbox 1158 519 1187 541; x_wconf 81' lang='lat' dir='ltr'>at</span> <span class='ocrx_word' id='word_1_356' title='bbox 1208 512 1416 542; x_wconf 79' lang='lat' dir='ltr'>Demosthenes</span> <span class='ocrx_word' id='word_1_357' title='bbox 1430 515 1459 542; x_wconf 91' lang='lat' dir='ltr'>in</span> <span class='ocrx_word' id='word_1_358' title='bbox 1475 524 1549 544; x_wconf 80' lang='lat' dir='ltr'>orat.</span> <span class='ocrx_word' id='word_1_359' title='bbox 1571 516 1606 544; x_wconf 81' lang='lat' dir='ltr'>dc</span> <span class='ocrx_word' id='word_1_360' title='bbox 1627 527 1734 546; x_wconf 81' lang='lat' dir='ltr'>corona</span> <span class='ocrx_word' id='word_1_361' title='bbox 1749 518 1861 549; x_wconf 68' lang='lat' dir='ltr'>diluere</span> 
     </span>
     <span class='ocr_line' id='line_1_61' title="bbox 1015 553 1861 602; baseline 0.011 -19"><span class='ocrx_word' id='word_1_362' title='bbox 1015 553 1125 584; x_wconf 81' lang='lat' dir='ltr'>studuit</span> <span class='ocrx_word' id='word_1_363' title='bbox 1147 557 1290 591; x_wconf 83' lang='lat' dir='ltr'>crimina,</span> <span class='ocrx_word' id='word_1_364' title='bbox 1312 563 1340 585; x_wconf 86' lang='lat' dir='ltr'>et</span> <span class='ocrx_word' id='word_1_365' title='bbox 1363 567 1417 596; x_wconf 86' lang='lat' dir='ltr'>par</span> <span class='ocrx_word' id='word_1_366' title='bbox 1441 560 1503 597; x_wconf 77' lang='lat' dir='ltr'>pari</span> <span class='ocrx_word' id='word_1_367' title='bbox 1523 558 1631 589; x_wconf 77' lang='lat' dir='ltr'>retulit.</span> <span class='ocrx_word' id='word_1_368' title='bbox 1678 563 1769 602; x_wconf 74' lang='lat' dir='ltr'>Atque</span> <span class='ocrx_word' id='word_1_369' title='bbox 1792 562 1861 592; x_wconf 57' lang='lat' dir='ltr'><em>srnsa</em></span> 
     </span>
     <span class='ocr_line' id='line_1_62' title="bbox 1014 597 1860 641; baseline 0.012 -15"><span class='ocrx_word' id='word_1_370' title='bbox 1014 597 1176 638; x_wconf 83' lang='lat' dir='ltr'><em>quaedam,</em></span> <span class='ocrx_word' id='word_1_371' title='bbox 1201 609 1276 640; x_wconf 88' lang='lat' dir='ltr'>quae</span> <span class='ocrx_word' id='word_1_372' title='bbox 1297 598 1333 628; x_wconf 88' lang='lat' dir='ltr'>de</span> <span class='ocrx_word' id='word_1_373' title='bbox 1357 601 1550 630; x_wconf 77' lang='lat' dir='ltr'>Demosthene</span> <span class='ocrx_word' id='word_1_374' title='bbox 1566 603 1737 641; x_wconf 61' lang='lat' dir='ltr'>traduntur,</span> <span class='ocrx_word' id='word_1_375' title='bbox 1762 617 1860 637; x_wconf 59' lang='lat' dir='ltr'>recan-</span> 
     </span>
     <span class='ocr_line' id='line_1_63' title="bbox 1013 639 1859 690; baseline 0.011 -20"><span class='ocrx_word' id='word_1_376' title='bbox 1013 639 1069 671; x_wconf 85' lang='lat' dir='ltr'>suit</span> <span class='ocrx_word' id='word_1_377' title='bbox 1084 649 1112 671; x_wconf 88' lang='lat' dir='ltr'>et</span> <span class='ocrx_word' id='word_1_378' title='bbox 1129 640 1271 672; x_wconf 83' lang='lat' dir='ltr'>refutauit</span> <span class='ocrx_word' id='word_1_379' title='bbox 1284 641 1446 673; x_wconf 79' lang='lat' dir='ltr'>Brodaeus</span> <span class='ocrx_word' id='word_1_380' title='bbox 1462 645 1491 673; x_wconf 88' lang='lat' dir='ltr'>in</span> <span class='ocrx_word' id='word_1_381' title='bbox 1510 645 1725 678; x_wconf 81' lang='lat' dir='ltr'>Miscellan.1V.</span> <span class='ocrx_word' id='word_1_382' title='bbox 1739 659 1799 690; x_wconf 85' lang='lat' dir='ltr'><em>cap.</em></span> <span class='ocrx_word' id='word_1_383' title='bbox 1812 654 1859 679; x_wconf 81' lang='lat'><em>26.</em></span> 
     </span>
     <span class='ocr_line' id='line_1_64' title="bbox 1013 685 1860 733; baseline 0.009 -19"><span class='ocrx_word' id='word_1_384' title='bbox 1013 686 1057 715; x_wconf 89' lang='lat' dir='ltr'>De</span> <span class='ocrx_word' id='word_1_385' title='bbox 1081 693 1174 714; x_wconf 83' lang='lat' dir='ltr'>matre</span> <span class='ocrx_word' id='word_1_386' title='bbox 1191 687 1272 721; x_wconf 82' lang='lat' dir='ltr'>eius,</span> <span class='ocrx_word' id='word_1_387' title='bbox 1295 685 1457 722; x_wconf 78' lang='lat' dir='ltr'>Cleobule,</span> <span class='ocrx_word' id='word_1_388' title='bbox 1480 687 1539 717; x_wconf 82' lang='lat' dir='ltr'>filia</span> <span class='ocrx_word' id='word_1_389' title='bbox 1561 688 1703 726; x_wconf 74' lang='lat' dir='ltr'>Gylonis,</span> <span class='ocrx_word' id='word_1_390' title='bbox 1725 695 1776 733; x_wconf 90' lang='lat' dir='ltr'>qui</span> <span class='ocrx_word' id='word_1_391' title='bbox 1790 701 1860 725; x_wconf 84' lang='lat' dir='ltr'>ortu</span> 
     </span>
     <span class='ocr_line' id='line_1_65' title="bbox 1012 728 1858 769; baseline 0.011 -12"><span class='ocrx_word' id='word_1_392' title='bbox 1012 728 1133 769; x_wconf 83' lang='lat' dir='ltr'>quidem</span> <span class='ocrx_word' id='word_1_393' title='bbox 1147 736 1209 758; x_wconf 87' lang='lat' dir='ltr'>erat</span> <span class='ocrx_word' id='word_1_394' title='bbox 1223 730 1421 766; x_wconf 76' lang='lat' dir='ltr'>Atheniensis,</span> <span class='ocrx_word' id='word_1_395' title='bbox 1445 729 1492 760; x_wconf 86' lang='lat' dir='ltr'>sed</span> <span class='ocrx_word' id='word_1_396' title='bbox 1508 731 1586 762; x_wconf 85' lang='lat' dir='ltr'>exsul</span> <span class='ocrx_word' id='word_1_397' title='bbox 1603 735 1631 762; x_wconf 91' lang='lat' dir='ltr'>in</span> <span class='ocrx_word' id='word_1_398' title='bbox 1648 735 1761 768; x_wconf 76' lang='lat' dir='ltr'><em>Scythia</em></span> <span class='ocrx_word' id='word_1_399' title='bbox 1785 747 1858 766; x_wconf 80' lang='lat' dir='ltr'>vxo-</span> 
     </span>
     <span class='ocr_line' id='line_1_66' title="bbox 1012 772 1858 816; baseline 0.011 -15"><span class='ocrx_word' id='word_1_400' title='bbox 1012 783 1074 802; x_wconf 88' lang='lat' dir='ltr'>rem</span> <span class='ocrx_word' id='word_1_401' title='bbox 1094 772 1236 808; x_wconf 82' lang='lat' dir='ltr'>duxerat,</span> <span class='ocrx_word' id='word_1_402' title='bbox 1259 772 1336 803; x_wconf 78' lang='lat' dir='ltr'>vnde</span> <span class='ocrx_word' id='word_1_403' title='bbox 1359 783 1412 814; x_wconf 88' lang='lat' dir='ltr'>per</span> <span class='ocrx_word' id='word_1_404' title='bbox 1432 775 1629 816; x_wconf 85' lang='lat' dir='ltr'>opprobrium</span> <span class='ocrx_word' id='word_1_405' title='bbox 1651 779 1858 810; x_wconf 75' lang='lat' dir='ltr'>Demosthenes</span> 
     </span>
     <span class='ocr_line' id='line_1_67' title="bbox 1011 815 1858 860; baseline 0.011 -15"><span class='ocrx_word' id='word_1_406' title='bbox 1011 815 1129 856; x_wconf 81' lang='lat' dir='ltr'><em>Scytha</em></span> <span class='ocrx_word' id='word_1_407' title='bbox 1145 815 1356 857; x_wconf 82' lang='lat' dir='ltr'>adpellabatur.</span> <span class='ocrx_word' id='word_1_408' title='bbox 1380 828 1409 846; x_wconf 90' lang='lat' dir='ltr'>v.</span> <span class='ocrx_word' id='word_1_409' title='bbox 1432 816 1528 848; x_wconf 72' lang='lat' dir='ltr'><em>Rutu.</em></span> <span class='ocrx_word' id='word_1_410' title='bbox 1544 818 1663 859; x_wconf 85' lang='lat' dir='ltr'>Lupum</span> <span class='ocrx_word' id='word_1_411' title='bbox 1686 821 1720 851; x_wconf 85' lang='lat' dir='ltr'>de</span> <span class='ocrx_word' id='word_1_412' title='bbox 1736 824 1783 860; x_wconf 80' lang='lat' dir='ltr'>fig.</span> <span class='ocrx_word' id='word_1_413' title='bbox 1798 823 1858 854; x_wconf 86' lang='lat' dir='ltr'>sen-</span> 
     </span>
     <span class='ocr_line' id='line_1_68' title="bbox 1012 859 1858 903; baseline 0.012 -15"><span class='ocrx_word' id='word_1_414' title='bbox 1012 868 1082 889; x_wconf 79' lang='lat' dir='ltr'>tent.</span> <span class='ocrx_word' id='word_1_415' title='bbox 1101 859 1152 889; x_wconf 92' lang='lat' dir='ltr'>lib.</span> <span class='ocrx_word' id='word_1_416' title='bbox 1169 862 1206 890; x_wconf 85' lang='lat'><em>11.</em></span> <span class='ocrx_word' id='word_1_417' title='bbox 1229 871 1293 901; x_wconf 87' lang='lat' dir='ltr'><em>pag.</em></span> <span class='ocrx_word' id='word_1_418' title='bbox 1312 869 1358 898; x_wconf 85' lang='lat'>¹¹7</span> <span class='ocrx_word' id='word_1_419' title='bbox 1374 859 1414 901; x_wconf 91' lang='lat' dir='ltr'>sq.</span> <span class='ocrx_word' id='word_1_420' title='bbox 1437 860 1538 903; x_wconf 89' lang='lat' dir='ltr'>ibique</span> <span class='ocrx_word' id='word_1_421' title='bbox 1560 863 1713 894; x_wconf 85' lang='lat' dir='ltr'>Ruhnken.</span> <span class='ocrx_word' id='word_1_422' title='bbox 1757 868 1797 896; x_wconf 84' lang='lat' dir='ltr'>Ex</span> <span class='ocrx_word' id='word_1_423' title='bbox 1814 867 1858 898; x_wconf 89' lang='lat' dir='ltr'>so-</span> 
     </span>
     <span class='ocr_line' id='line_1_69' title="bbox 1011 902 1858 948; baseline 0.011 -16"><span class='ocrx_word' id='word_1_424' title='bbox 1011 913 1080 932; x_wconf 85' lang='lat' dir='ltr'>rore</span> <span class='ocrx_word' id='word_1_425' title='bbox 1102 902 1181 932; x_wconf 82' lang='lat' dir='ltr'>illius</span> <span class='ocrx_word' id='word_1_426' title='bbox 1204 911 1287 934; x_wconf 87' lang='lat' dir='ltr'><em>natus</em></span> <span class='ocrx_word' id='word_1_427' title='bbox 1311 911 1339 933; x_wconf 86' lang='lat' dir='ltr'>et</span> <span class='ocrx_word' id='word_1_428' title='bbox 1363 903 1442 933; x_wconf 78' lang='lat' dir='ltr'>filius</span> <span class='ocrx_word' id='word_1_429' title='bbox 1466 905 1616 943; x_wconf 80' lang='lat' dir='ltr'><em>Lachetis,</em></span> <span class='ocrx_word' id='word_1_430' title='bbox 1644 909 1858 948; x_wconf 84' lang='lat' dir='ltr'>Leuconienfis‚</span> 
     </span>
     <span class='ocr_line' id='line_1_70' title="bbox 1012 945 1857 988; baseline 0.012 -13"><span class='ocrx_word' id='word_1_431' title='bbox 1012 945 1070 976; x_wconf 87' lang='lat' dir='ltr'>fuit</span> <span class='ocrx_word' id='word_1_432' title='bbox 1095 946 1322 983; x_wconf 82' lang='lat' dir='ltr'>Demochares,</span> <span class='ocrx_word' id='word_1_433' title='bbox 1343 947 1404 988; x_wconf 89' lang='lat' dir='ltr'>ipse</span> <span class='ocrx_word' id='word_1_434' title='bbox 1430 955 1534 978; x_wconf 81' lang='lat' dir='ltr'>orator</span> <span class='ocrx_word' id='word_1_435' title='bbox 1554 948 1685 987; x_wconf 83' lang='lat' dir='ltr'>celeber,</span> <span class='ocrx_word' id='word_1_436' title='bbox 1709 952 1857 985; x_wconf 80' lang='lat' dir='ltr'>democra-</span> 
     </span>
     <span class='ocr_line' id='line_1_71' title="bbox 1011 987 1858 1033; baseline 0.011 -14"><span class='ocrx_word' id='word_1_437' title='bbox 1011 992 1068 1019; x_wconf 81' lang='lat' dir='ltr'><em>tiac</em></span> <span class='ocrx_word' id='word_1_438' title='bbox 1085 989 1247 1025; x_wconf 82' lang='lat' dir='ltr'>studiosus,</span> <span class='ocrx_word' id='word_1_439' title='bbox 1268 999 1298 1020; x_wconf 84' lang='lat' dir='ltr'>et</span> <span class='ocrx_word' id='word_1_440' title='bbox 1312 992 1399 1021; x_wconf 84' lang='lat' dir='ltr'>viuus</span> <span class='ocrx_word' id='word_1_441' title='bbox 1415 987 1610 1033; x_wconf 71' lang='lat' dir='ltr'>mortuusque</span> <span class='ocrx_word' id='word_1_442' title='bbox 1631 997 1720 1025; x_wconf 78' lang='lat' dir='ltr'>variis</span> <span class='ocrx_word' id='word_1_443' title='bbox 1736 997 1858 1028; x_wconf 88' lang='lat' dir='ltr'>honori·</span> 
     </span>
     <span class='ocr_line' id='line_1_72' title="bbox 1011 1034 1858 1081; baseline 0.006 -18"><span class='ocrx_word' id='word_1_444' title='bbox 1011 1034 1063 1063; x_wconf 83' lang='lat' dir='ltr'>bus</span> <span class='ocrx_word' id='word_1_445' title='bbox 1081 1043 1211 1065; x_wconf 78' lang='lat' dir='ltr'>ornatus.</span> <span class='ocrx_word' id='word_1_446' title='bbox 1235 1045 1263 1064; x_wconf 90' lang='lat' dir='ltr'><em>v.</em></span> <span class='ocrx_word' id='word_1_447' title='bbox 1278 1034 1399 1066; x_wconf 81' lang='lat' dir='ltr'>Aelian.</span> <span class='ocrx_word' id='word_1_448' title='bbox 1416 1037 1452 1065; x_wconf 93' lang='lat' dir='ltr'>V.</span> <span class='ocrx_word' id='word_1_449' title='bbox 1468 1037 1507 1065; x_wconf 76' lang='lat' dir='ltr'><em>H.</em></span> <span class='ocrx_word' id='word_1_450' title='bbox 1524 1035 1590 1066; x_wconf 86' lang='lat' dir='ltr'>libr.</span> <span class='ocrx_word' id='word_1_451' title='bbox 1607 1039 1658 1068; x_wconf 91' lang='lat'><em>111.</em></span> <span class='ocrx_word' id='word_1_452' title='bbox 1674 1049 1736 1081; x_wconf 88' lang='lat' dir='ltr'><em>cap.</em></span> <span class='ocrx_word' id='word_1_453' title='bbox 1749 1048 1778 1078; x_wconf 83' lang='lat'><em>7.</em></span> <span class='ocrx_word' id='word_1_454' title='bbox 1800 1041 1858 1071; x_wconf 85' lang='lat' dir='ltr'>ibi.</span> 
     </span>
     <span class='ocr_line' id='line_1_73' title="bbox 1010 1077 1856 1123; baseline 0.009 -16"><span class='ocrx_word' id='word_1_455' title='bbox 1010 1088 1067 1118; x_wconf 90' lang='lat' dir='ltr'>que</span> <span class='ocrx_word' id='word_1_456' title='bbox 1096 1077 1236 1108; x_wconf 82' lang='lat' dir='ltr'>Schcfferi</span> <span class='ocrx_word' id='word_1_457' title='bbox 1267 1086 1294 1108; x_wconf 86' lang='lat' dir='ltr'>et</span> <span class='ocrx_word' id='word_1_458' title='bbox 1319 1080 1464 1108; x_wconf 88' lang='lat' dir='ltr'>Perizonii</span> <span class='ocrx_word' id='word_1_459' title='bbox 1487 1088 1590 1116; x_wconf 82' lang='lat' dir='ltr'>notas,</span> <span class='ocrx_word' id='word_1_460' title='bbox 1620 1089 1649 1111; x_wconf 88' lang='lat' dir='ltr'>et</span> <span class='ocrx_word' id='word_1_461' title='bbox 1677 1082 1800 1123; x_wconf 80' lang='lat' dir='ltr'>Taylor.</span> <span class='ocrx_word' id='word_1_462' title='bbox 1825 1087 1856 1115; x_wconf 88' lang='lat' dir='ltr'>in</span> 
     </span>
     <span class='ocr_line' id='line_1_74' title="bbox 1007 1120 1858 1163; baseline 0.008 -12"><span class='ocrx_word' id='word_1_463' title='bbox 1007 1120 1192 1152; x_wconf 62' lang='lat' dir='ltr'>collectanei·</span> <span class='ocrx_word' id='word_1_464' title='bbox 1221 1121 1241 1152; x_wconf 89' lang='lat' dir='ltr'>s.</span> <span class='ocrx_word' id='word_1_465' title='bbox 1270 1121 1487 1163; x_wconf 85' lang='lat' dir='ltr'>prolegomenis</span> <span class='ocrx_word' id='word_1_466' title='bbox 1516 1123 1551 1152; x_wconf 90' lang='lat' dir='ltr'><em>ad</em></span> <span class='ocrx_word' id='word_1_467' title='bbox 1574 1126 1818 1163; x_wconf 80' lang='lat' dir='ltr'>Demosthenem,</span> <span class='ocrx_word' id='word_1_468' title='bbox 1841 1139 1858 1159; x_wconf 84' lang='lat' dir='ltr'>a</span> 
     </span>
     <span class='ocr_line' id='line_1_75' title="bbox 1009 1165 1856 1211; baseline 0.008 -17"><span class='ocrx_word' id='word_1_469' title='bbox 1009 1166 1130 1195; x_wconf 83' lang='lat' dir='ltr'>Reiskio</span> <span class='ocrx_word' id='word_1_470' title='bbox 1147 1165 1251 1202; x_wconf 79' lang='lat' dir='ltr'>editis,</span> <span class='ocrx_word' id='word_1_471' title='bbox 1276 1165 1336 1195; x_wconf 91' lang='lat' dir='ltr'>vol.</span> <span class='ocrx_word' id='word_1_472' title='bbox 1354 1167 1434 1196; x_wconf 87' lang='lat' dir='ltr'>VIII.</span> <span class='ocrx_word' id='word_1_473' title='bbox 1452 1175 1605 1198; x_wconf 82' lang='lat' dir='ltr'>oratorum</span> <span class='ocrx_word' id='word_1_474' title='bbox 1627 1179 1719 1206; x_wconf 83' lang='lat' dir='ltr'>graec.</span> <span class='ocrx_word' id='word_1_475' title='bbox 1743 1181 1773 1211; x_wconf 89' lang='lat' dir='ltr'>p.</span> <span class='ocrx_word' id='word_1_476' title='bbox 1789 1180 1856 1209; x_wconf 81' lang='lat'><em>743.</em></span> 
     </span>
     <span class='ocr_line' id='line_1_76' title="bbox 1010 1209 1856 1255; baseline 0.007 -17"><span class='ocrx_word' id='word_1_477' title='bbox 1010 1209 1165 1238; x_wconf 85' lang='lat' dir='ltr'>Ruhnken.</span> <span class='ocrx_word' id='word_1_478' title='bbox 1188 1210 1261 1238; x_wconf 82' lang='lat' dir='ltr'><em>Hist.</em></span> <span class='ocrx_word' id='word_1_479' title='bbox 1278 1220 1316 1238; x_wconf 79' lang='lat' dir='ltr'>cr.</span> <span class='ocrx_word' id='word_1_480' title='bbox 1340 1211 1392 1239; x_wconf 88' lang='lat' dir='ltr'>Or.</span> <span class='ocrx_word' id='word_1_481' title='bbox 1414 1220 1442 1251; x_wconf 88' lang='lat' dir='ltr'><em>p.</em></span> <span class='ocrx_word' id='word_1_482' title='bbox 1459 1212 1532 1240; x_wconf 78' lang='lat' dir='ltr'>XCI.</span> <span class='ocrx_word' id='word_1_483' title='bbox 1556 1212 1638 1241; x_wconf 80' lang='lat' dir='ltr'>etad</span> <span class='ocrx_word' id='word_1_484' title='bbox 1664 1212 1752 1243; x_wconf 86' lang='lat' dir='ltr'>Rutil.</span> <span class='ocrx_word' id='word_1_485' title='bbox 1775 1225 1804 1255; x_wconf 93' lang='lat' dir='ltr'>p.</span> <span class='ocrx_word' id='word_1_486' title='bbox 1827 1224 1856 1254; x_wconf 87' lang='lat'><em>7.</em></span> 
     </span>
     <span class='ocr_line' id='line_1_77' title="bbox 1010 1252 1856 1299; baseline 0.007 -17"><span class='ocrx_word' id='word_1_487' title='bbox 1010 1252 1221 1289; x_wconf 75' lang='lat' dir='ltr'>Herodianus,</span> <span class='ocrx_word' id='word_1_488' title='bbox 1239 1255 1456 1290; x_wconf 79' lang='lat' dir='ltr'>grammaticus,</span> <span class='ocrx_word' id='word_1_489' title='bbox 1482 1255 1548 1293; x_wconf 64' lang='grc' dir='ltr'>Περὶ</span> <span class='ocrx_word' id='word_1_490' title='bbox 1569 1253 1733 1292; x_wconf 67' lang='grc' dir='ltr'><strong><em>σχήματος,</em></strong></span> <span class='ocrx_word' id='word_1_491' title='bbox 1757 1259 1856 1299; x_wconf 91' lang='lat' dir='ltr'>(quod</span> 
     </span>
     <span class='ocr_line' id='line_1_78' title="bbox 1009 1295 1856 1337; baseline 0.008 -12"><span class='ocrx_word' id='word_1_492' title='bbox 1009 1295 1180 1337; x_wconf 88' lang='lat' dir='ltr'>opusculum</span> <span class='ocrx_word' id='word_1_493' title='bbox 1197 1295 1250 1325; x_wconf 90' lang='lat' dir='ltr'>cel.</span> <span class='ocrx_word' id='word_1_494' title='bbox 1268 1296 1423 1337; x_wconf 63' lang='lat' dir='ltr'>Villoilon.</span> <span class='ocrx_word' id='word_1_495' title='bbox 1438 1298 1467 1326; x_wconf 93' lang='lat' dir='ltr'>in</span> <span class='ocrx_word' id='word_1_496' title='bbox 1485 1298 1639 1329; x_wconf 80' lang='lat' dir='ltr'>Anecdotis</span> <span class='ocrx_word' id='word_1_497' title='bbox 1653 1303 1761 1337; x_wconf 85' lang='lat' dir='ltr'>graecis</span> <span class='ocrx_word' id='word_1_498' title='bbox 1783 1310 1856 1332; x_wconf 85' lang='lat' dir='ltr'>tom.</span> 
     </span>
     <span class='ocr_line' id='line_1_79' title="bbox 1010 1339 1855 1383; baseline 0.007 -14"><span class='ocrx_word' id='word_1_499' title='bbox 1010 1341 1046 1370; x_wconf 87' lang='lat'><em>11.</em></span> <span class='ocrx_word' id='word_1_500' title='bbox 1063 1351 1127 1381; x_wconf 82' lang='lat' dir='ltr'><em>pag.</em></span> <span class='ocrx_word' id='word_1_501' title='bbox 1145 1343 1180 1373; x_wconf 75' lang='lat'>86</span> <span class='ocrx_word' id='word_1_502' title='bbox 1198 1339 1258 1381; x_wconf 91' lang='lat' dir='ltr'>sqq.</span> <span class='ocrx_word' id='word_1_503' title='bbox 1283 1350 1298 1369; x_wconf 90' lang='lat' dir='ltr'>e</span> <span class='ocrx_word' id='word_1_504' title='bbox 1314 1340 1415 1370; x_wconf 88' lang='lat' dir='ltr'>codice</span> <span class='ocrx_word' id='word_1_505' title='bbox 1431 1343 1545 1371; x_wconf 79' lang='lat' dir='ltr'>Veneto</span> <span class='ocrx_word' id='word_1_506' title='bbox 1567 1344 1679 1383; x_wconf 84' lang='lat' dir='ltr'>primus</span> <span class='ocrx_word' id='word_1_507' title='bbox 1695 1354 1710 1373; x_wconf 88' lang='lat' dir='ltr'>e</span> <span class='ocrx_word' id='word_1_508' title='bbox 1728 1345 1855 1376; x_wconf 75' lang='lat' dir='ltr'>tenebris</span> 
     </span>
     <span class='ocr_line' id='line_1_80' title="bbox 1009 1382 1855 1425; baseline 0.008 -13"><span class='ocrx_word' id='word_1_509' title='bbox 1009 1385 1040 1413; x_wconf 93' lang='lat' dir='ltr'>in</span> <span class='ocrx_word' id='word_1_510' title='bbox 1063 1383 1156 1413; x_wconf 88' lang='lat' dir='ltr'>lucem</span> <span class='ocrx_word' id='word_1_511' title='bbox 1184 1382 1345 1425; x_wconf 80' lang='lat' dir='ltr'>protulit,)</span> <span class='ocrx_word' id='word_1_512' title='bbox 1373 1383 1568 1422; x_wconf 81' lang='lat' dir='ltr'>fragmentum</span> <span class='ocrx_word' id='word_1_513' title='bbox 1596 1387 1746 1416; x_wconf 74' lang='lat' dir='ltr'>cuiusdam</span> <span class='ocrx_word' id='word_1_514' title='bbox 1774 1388 1855 1420; x_wconf 87' lang='lat' dir='ltr'>Cleo-</span> 
     </span>
     <span class='ocr_line' id='line_1_81' title="bbox 1010 1425 1855 1468; baseline 0.005 -11"><span class='ocrx_word' id='word_1_515' title='bbox 1010 1425 1131 1457; x_wconf 72' lang='lat' dir='ltr'><em>Chartm&#39;</em></span> <span class='ocrx_word' id='word_1_516' title='bbox 1146 1437 1211 1468; x_wconf 83' lang='lat' dir='ltr'><em>pag.</em></span> <span class='ocrx_word' id='word_1_517' title='bbox 1227 1437 1271 1463; x_wconf 84' lang='grc'>95.</span> <span class='ocrx_word' id='word_1_518' title='bbox 1285 1425 1429 1458; x_wconf 83' lang='lat' dir='ltr'>seruauit:</span> <span class='ocrx_word' id='word_1_519' title='bbox 1458 1430 1632 1463; x_wconf 57' lang='grc' dir='ltr'>Δημοσθένης</span> <span class='ocrx_word' id='word_1_520' title='bbox 1654 1429 1738 1463; x_wconf 55' lang='lat' dir='ltr'>§rien</span> <span class='ocrx_word' id='word_1_521' title='bbox 1753 1434 1855 1461; x_wconf 67' lang='grc' dir='ltr'>Φίλικ.</span> 
     </span>
     <span class='ocr_line' id='line_1_82' title="bbox 1009 1469 1854 1516; baseline 0.005 -18"><span class='ocrx_word' id='word_1_522' title='bbox 1009 1481 1065 1498; x_wconf 75' lang='grc' dir='ltr'><strong><em>πον·</em></strong></span> <span class='ocrx_word' id='word_1_523' title='bbox 1097 1471 1274 1506; x_wconf 49' lang='lat' dir='ltr'>Amano-913⁸</span> <span class='ocrx_word' id='word_1_524' title='bbox 1296 1473 1371 1503; x_wconf 72' lang='grc' dir='ltr'><strong><em>πένης</em></strong></span> <span class='ocrx_word' id='word_1_525' title='bbox 1395 1474 1446 1507; x_wconf 64' lang='grc' dir='ltr'>μέν</span> <span class='ocrx_word' id='word_1_526' title='bbox 1463 1469 1477 1500; x_wconf 80' lang='lat' dir='ltr'>o‘</span> <span class='ocrx_word' id='word_1_527' title='bbox 1496 1473 1572 1509; x_wconf 72' lang='grc' dir='ltr'><em>βίος,</em></span> <span class='ocrx_word' id='word_1_528' title='bbox 1595 1472 1710 1509; x_wconf 70' lang='grc' dir='ltr'>μεγάλη</span> <span class='ocrx_word' id='word_1_529' title='bbox 1731 1472 1770 1508; x_wconf 34' lang='grc' dir='ltr'>δτῆ</span> <span class='ocrx_word' id='word_1_530' title='bbox 1785 1478 1854 1516; x_wconf 62' lang='grc' dir='ltr'>παῤ.</span> 
     </span>
     <span class='ocr_line' id='line_1_83' title="bbox 1010 1512 1856 1554; baseline 0.007 -12"><span class='ocrx_word' id='word_1_531' title='bbox 1010 1516 1098 1553; x_wconf 53' lang='lat' dir='ltr'>finales·</span> <span class='ocrx_word' id='word_1_532' title='bbox 1128 1515 1296 1550; x_wconf 68' lang='grc' dir='ltr'><strong><em>Δημοσθὲνει</em></strong></span> <span class='ocrx_word' id='word_1_533' title='bbox 1316 1517 1427 1543; x_wconf 68' lang='grc' dir='ltr'><strong>πολλῶν</strong></span> <span class='ocrx_word' id='word_1_534' title='bbox 1441 1512 1594 1553; x_wconf 66' lang='grc' dir='ltr'>διδομένων,</span> <span class='ocrx_word' id='word_1_535' title='bbox 1617 1515 1692 1554; x_wconf 47' lang='lat' dir='ltr'>asir,</span> <span class='ocrx_word' id='word_1_536' title='bbox 1716 1517 1765 1547; x_wconf 71' lang='grc' dir='ltr'><em>ἶς’-ιε</em></span> <span class='ocrx_word' id='word_1_537' title='bbox 1784 1522 1856 1552; x_wconf 50' lang='lat' dir='ltr'>xz?-</span> 
     </span>
     <span class='ocr_line' id='line_1_84' title="bbox 1011 1553 1885 1599; baseline 0.008 -13"><span class='ocrx_word' id='word_1_538' title='bbox 1011 1559 1079 1593; x_wconf 58' lang='grc' dir='ltr'>θεέ,</span> <span class='ocrx_word' id='word_1_539' title='bbox 1107 1555 1155 1586; x_wconf 63' lang='lat' dir='ltr'>Je&#39;n</span> <span class='ocrx_word' id='word_1_540' title='bbox 1177 1556 1285 1587; x_wconf 76' lang='grc' dir='ltr'><strong>κοίλλος</strong></span> <span class='ocrx_word' id='word_1_541' title='bbox 1308 1555 1380 1594; x_wconf 60' lang='grc' dir='ltr'><strong><em>ἄξιον</em></strong></span> <span class='ocrx_word' id='word_1_542' title='bbox 1402 1553 1488 1596; x_wconf 57' lang='grc' dir='ltr'><em>ἐφάνη</em></span> <span class='ocrx_word' id='word_1_543' title='bbox 1510 1557 1658 1599; x_wconf 68' lang='grc' dir='ltr'>προδοσίας·</span> <span class='ocrx_word' id='word_1_544' title='bbox 1688 1565 1855 1598; x_wconf 47' lang='lat' dir='ltr'>Annon-&amp;ivs</span> <span class='ocrx_word' id='word_1_545' title='bbox 1874 1561 1885 1565; x_wconf 56' lang='grc'><strong><em>’</em></strong></span> 
     </span>
     <span class='ocr_line' id='line_1_85' title="bbox 1010 1598 1854 1644; baseline 0.007 -14"><span class='ocrx_word' id='word_1_546' title='bbox 1010 1598 1183 1642; x_wconf 68' lang='grc' dir='ltr'>Ἀλέξανδροῑ</span> <span class='ocrx_word' id='word_1_547' title='bbox 1206 1602 1336 1640; x_wconf 67' lang='grc' dir='ltr'><strong><em>ἐζητεῖτο·</em></strong></span> <span class='ocrx_word' id='word_1_548' title='bbox 1366 1599 1410 1630; x_wconf 67' lang='grc' dir='ltr'>διαὶ</span> <span class='ocrx_word' id='word_1_549' title='bbox 1431 1604 1476 1636; x_wconf 66' lang='grc' dir='ltr'>τίς</span> <span class='ocrx_word' id='word_1_550' title='bbox 1499 1602 1562 1644; x_wconf 62' lang='grc' dir='ltr'>παρ’</span> <span class='ocrx_word' id='word_1_551' title='bbox 1585 1603 1675 1634; x_wconf 71' lang='grc' dir='ltr'><strong><em>αὐτοῖς</em></strong></span> <span class='ocrx_word' id='word_1_552' title='bbox 1694 1607 1854 1644; x_wconf 46' lang='lat' dir='ltr'>&amp;origia-9²·</span> 
     </span>
     <span class='ocr_line' id='line_1_86' title="bbox 1010 1640 1854 1690; baseline 0.007 -17"><span class='ocrx_word' id='word_1_553' title='bbox 1010 1642 1104 1674; x_wconf 62' lang='lat' dir='ltr'>illm</span> <span class='ocrx_word' id='word_1_554' title='bbox 1119 1643 1270 1682; x_wconf 57' lang='lat' dir='ltr'>inmanes,</span> <span class='ocrx_word' id='word_1_555' title='bbox 1292 1640 1312 1674; x_wconf 66' lang='grc' dir='ltr'>«ἶ</span> <span class='ocrx_word' id='word_1_556' title='bbox 1332 1643 1515 1684; x_wconf 67' lang='grc' dir='ltr'><strong><em>Δη,αο’73ρνες.</em></strong></span> <span class='ocrx_word' id='word_1_557' title='bbox 1559 1649 1648 1690; x_wconf 83' lang='lat' dir='ltr'>Atqui</span> <span class='ocrx_word' id='word_1_558' title='bbox 1665 1652 1800 1689; x_wconf 57' lang='grc' dir='ltr'>παρρησία</span> <span class='ocrx_word' id='word_1_559' title='bbox 1823 1653 1854 1682; x_wconf 88' lang='lat' dir='ltr'>in</span> 
     </span>
     <span class='ocr_line' id='line_1_87' title="bbox 1010 1692 1854 1736; baseline 0.008 -18"><span class='ocrx_word' id='word_1_560' title='bbox 1010 1700 1046 1719; x_wconf 72' lang='lat' dir='ltr'>eo</span> <span class='ocrx_word' id='word_1_561' title='bbox 1063 1699 1166 1727; x_wconf 80' lang='lat' dir='ltr'><em>magna</em></span> <span class='ocrx_word' id='word_1_562' title='bbox 1182 1697 1254 1725; x_wconf 83' lang='lat' dir='ltr'>erat,</span> <span class='ocrx_word' id='word_1_563' title='bbox 1270 1696 1299 1720; x_wconf 89' lang='lat' dir='ltr'>et</span> <span class='ocrx_word' id='word_1_564' title='bbox 1313 1700 1378 1720; x_wconf 89' lang='lat' dir='ltr'>cum</span> <span class='ocrx_word' id='word_1_565' title='bbox 1395 1698 1473 1720; x_wconf 83' lang='lat' dir='ltr'><em>tanta</em></span> <span class='ocrx_word' id='word_1_566' title='bbox 1490 1692 1520 1720; x_wconf 80' lang='lat' dir='ltr'>vi</span> <span class='ocrx_word' id='word_1_567' title='bbox 1532 1714 1540 1727; x_wconf 88' lang='lat'>‚</span> <span class='ocrx_word' id='word_1_568' title='bbox 1563 1701 1595 1722; x_wconf 86' lang='lat' dir='ltr'><em>vt</em></span> <span class='ocrx_word' id='word_1_569' title='bbox 1609 1692 1760 1735; x_wconf 82' lang='lat' dir='ltr'>Philippus</span> <span class='ocrx_word' id='word_1_570' title='bbox 1776 1694 1854 1736; x_wconf 83' lang='lat' dir='ltr'>apud</span> 
     </span>
     <span class='ocr_line' id='line_1_88' title="bbox 1011 1731 1855 1778; baseline 0.005 -14"><span class='ocrx_word' id='word_1_571' title='bbox 1011 1733 1142 1764; x_wconf 70' lang='lat' dir='ltr'>Dionem</span> <span class='ocrx_word' id='word_1_572' title='bbox 1161 1734 1173 1763; x_wconf 76' lang='grc' dir='ltr'>ί</span> <span class='ocrx_word' id='word_1_573' title='bbox 1181 1731 1409 1776; x_wconf 69' lang='lat' dir='ltr'>lwyfhstomum,</span> <span class='ocrx_word' id='word_1_574' title='bbox 1424 1743 1497 1764; x_wconf 85' lang='lat' dir='ltr'>orat.</span> <span class='ocrx_word' id='word_1_575' title='bbox 1512 1737 1548 1764; x_wconf 91' lang='lat'><em>11.</em></span> <span class='ocrx_word' id='word_1_576' title='bbox 1565 1735 1600 1764; x_wconf 89' lang='lat' dir='ltr'>dc</span> <span class='ocrx_word' id='word_1_577' title='bbox 1615 1747 1704 1774; x_wconf 85' lang='lat' dir='ltr'>regno</span> <span class='ocrx_word' id='word_1_578' title='bbox 1727 1748 1792 1778; x_wconf 83' lang='lat' dir='ltr'><em>pag.</em></span> <span class='ocrx_word' id='word_1_579' title='bbox 1807 1747 1855 1778; x_wconf 65' lang='lat'><em>23..</em></span> 
     </span>
     <span class='ocr_line' id='line_1_89' title="bbox 1009 1776 1856 1818; baseline 0.008 -13"><span class='ocrx_word' id='word_1_580' title='bbox 1009 1776 1029 1806; x_wconf 89' lang='lat' dir='ltr'><em>s.</em></span> <span class='ocrx_word' id='word_1_581' title='bbox 1045 1779 1074 1806; x_wconf 90' lang='lat' dir='ltr'>in</span> <span class='ocrx_word' id='word_1_582' title='bbox 1096 1776 1310 1806; x_wconf 51' lang='lat' dir='ltr'>edri—fiskam</span> <span class='ocrx_word' id='word_1_583' title='bbox 1329 1784 1399 1807; x_wconf 88' lang='lat' dir='ltr'>tom.</span> <span class='ocrx_word' id='word_1_584' title='bbox 1420 1780 1441 1807; x_wconf 93' lang='lat'><em>1.</em></span> <span class='ocrx_word' id='word_1_585' title='bbox 1464 1789 1527 1818; x_wconf 87' lang='lat' dir='ltr'><em>pag.</em></span> <span class='ocrx_word' id='word_1_586' title='bbox 1545 1788 1593 1816; x_wconf 72' lang='lat'><em>79.</em></span> <span class='ocrx_word' id='word_1_587' title='bbox 1618 1781 1713 1809; x_wconf 83' lang='lat' dir='ltr'>iocans</span> <span class='ocrx_word' id='word_1_588' title='bbox 1735 1781 1856 1818; x_wconf 80' lang='lat' dir='ltr'>diceret,</span> 
     </span>
     <span class='ocr_line' id='line_1_90' title="bbox 1010 1819 1856 1863; baseline 0.007 -14"><span class='ocrx_word' id='word_1_589' title='bbox 1010 1819 1037 1849; x_wconf 90' lang='lat' dir='ltr'>se</span> <span class='ocrx_word' id='word_1_590' title='bbox 1064 1831 1118 1861; x_wconf 91' lang='lat' dir='ltr'>pro</span> <span class='ocrx_word' id='word_1_591' title='bbox 1147 1821 1350 1851; x_wconf 79' lang='lat' dir='ltr'>Demosthenis</span> <span class='ocrx_word' id='word_1_592' title='bbox 1379 1820 1545 1862; x_wconf 85' lang='lat' dir='ltr'>eloquentia</span> <span class='ocrx_word' id='word_1_593' title='bbox 1576 1826 1746 1863; x_wconf 84' lang='lat' dir='ltr'>permittere</span> <span class='ocrx_word' id='word_1_594' title='bbox 1778 1824 1856 1855; x_wconf 87' lang='lat' dir='ltr'>velle</span> 
     </span>
     <span class='ocr_line' id='line_1_91' title="bbox 1009 1863 1854 1906; baseline 0.006 -12"><span class='ocrx_word' id='word_1_595' title='bbox 1009 1864 1228 1894; x_wconf 76' lang='lat' dir='ltr'>Athenienlibus</span> <span class='ocrx_word' id='word_1_596' title='bbox 1254 1863 1453 1906; x_wconf 77' lang='lat' dir='ltr'>Amphipolin.</span> <span class='ocrx_word' id='word_1_597' title='bbox 1500 1867 1534 1896; x_wconf 84' lang='lat' dir='ltr'><em>Et</em></span> <span class='ocrx_word' id='word_1_598' title='bbox 1554 1875 1649 1896; x_wconf 82' lang='lat' dir='ltr'>tamen</span> <span class='ocrx_word' id='word_1_599' title='bbox 1675 1878 1773 1898; x_wconf 86' lang='lat' dir='ltr'>coram</span> <span class='ocrx_word' id='word_1_600' title='bbox 1790 1870 1854 1899; x_wconf 83' lang='lat' dir='ltr'>Phi·</span> 
     </span>
     <span class='ocr_line' id='line_1_92' title="bbox 1009 1903 1855 1952; baseline 0.008 -16"><span class='ocrx_word' id='word_1_601' title='bbox 1009 1906 1092 1948; x_wconf 82' lang='lat' dir='ltr'>lippo</span> <span class='ocrx_word' id='word_1_602' title='bbox 1109 1910 1136 1936; x_wconf 80' lang='lat' dir='ltr'>in</span> <span class='ocrx_word' id='word_1_603' title='bbox 1153 1903 1333 1937; x_wconf 72' lang='lat' dir='ltr'>Macedonia</span> <span class='ocrx_word' id='word_1_604' title='bbox 1343 1908 1504 1944; x_wconf 79' lang='lat' dir='ltr'>obmutuit,</span> <span class='ocrx_word' id='word_1_605' title='bbox 1527 1910 1643 1939; x_wconf 74' lang='lat' dir='ltr'>testibus</span> <span class='ocrx_word' id='word_1_606' title='bbox 1661 1910 1805 1952; x_wconf 78' lang='lat' dir='ltr'>Aesthine</span> <span class='ocrx_word' id='word_1_607' title='bbox 1819 1912 1855 1943; x_wconf 88' lang='lat' dir='ltr'>de</span> 
     </span>
     <span class='ocr_line' id='line_1_93' title="bbox 1010 1950 1855 1993; baseline 0.006 -12"><span class='ocrx_word' id='word_1_608' title='bbox 1010 1950 1078 1981; x_wconf 84' lang='lat' dir='ltr'><em>falsa</em></span> <span class='ocrx_word' id='word_1_609' title='bbox 1096 1950 1241 1989; x_wconf 78' lang='lat' dir='ltr'>legatione</span> <span class='ocrx_word' id='word_1_610' title='bbox 1257 1961 1322 1992; x_wconf 84' lang='lat' dir='ltr'><em>pag.</em></span> <span class='ocrx_word' id='word_1_611' title='bbox 1338 1961 1396 1986; x_wconf 81' lang='lat'><em>25¹.</em></span> <span class='ocrx_word' id='word_1_612' title='bbox 1421 1959 1449 1982; x_wconf 87' lang='lat' dir='ltr'>et</span> <span class='ocrx_word' id='word_1_613' title='bbox 1468 1951 1652 1993; x_wconf 57' lang='lat' dir='ltr'>Plaustrum</span> <span class='ocrx_word' id='word_1_614' title='bbox 1667 1953 1703 1984; x_wconf 89' lang='lat' dir='ltr'>de</span> <span class='ocrx_word' id='word_1_615' title='bbox 1719 1957 1786 1985; x_wconf 80' lang='lat' dir='ltr'>&#39;vitis</span> <span class='ocrx_word' id='word_1_616' title='bbox 1802 1957 1855 1986; x_wconf 89' lang='lat' dir='ltr'>So-</span> 
     </span>
     <span class='ocr_line' id='line_1_94' title="bbox 1009 1994 1853 2036; baseline 0.006 -12"><span class='ocrx_word' id='word_1_617' title='bbox 1009 1996 1094 2036; x_wconf 81' lang='lat' dir='ltr'>phist.</span> <span class='ocrx_word' id='word_1_618' title='bbox 1111 1994 1162 2024; x_wconf 80' lang='lat' dir='ltr'>hb.</span> <span class='ocrx_word' id='word_1_619' title='bbox 1177 1997 1212 2025; x_wconf 90' lang='lat'><em>11.</em></span> <span class='ocrx_word' id='word_1_620' title='bbox 1235 2005 1256 2024; x_wconf 89' lang='lat'><em>1.</em></span> <span class='ocrx_word' id='word_1_621' title='bbox 1278 2005 1322 2024; x_wconf 90' lang='lat' dir='ltr'>nr.</span> <span class='ocrx_word' id='word_1_622' title='bbox 1341 2005 1384 2030; x_wconf 86' lang='lat'>¹4-</span> <span class='ocrx_word' id='word_1_623' title='bbox 1407 2006 1471 2036; x_wconf 79' lang='lat' dir='ltr'><em>pag.</em></span> <span class='ocrx_word' id='word_1_624' title='bbox 1489 1999 1550 2031; x_wconf 81' lang='lat'><em>565.</em></span> <span class='ocrx_word' id='word_1_625' title='bbox 1567 2006 1595 2026; x_wconf 84' lang='lat' dir='ltr'>et</span> <span class='ocrx_word' id='word_1_626' title='bbox 1609 1996 1659 2027; x_wconf 86' lang='lat' dir='ltr'>lib.</span> <span class='ocrx_word' id='word_1_627' title='bbox 1677 2001 1699 2028; x_wconf 87' lang='lat'><em>1.</em></span> <span class='ocrx_word' id='word_1_628' title='bbox 1719 2005 1756 2031; x_wconf 71' lang='grc' dir='ltr'>ιε.</span> <span class='ocrx_word' id='word_1_629' title='bbox 1772 2010 1817 2029; x_wconf 79' lang='lat' dir='ltr'>nr.</span> <span class='ocrx_word' id='word_1_630' title='bbox 1831 2009 1853 2029; x_wconf 88' lang='lat'><em>1.</em></span> 
     </span>
     <span class='ocr_line' id='line_1_95' title="bbox 1008 2037 1855 2078; baseline 0.008 -12"><span class='ocrx_word' id='word_1_631' title='bbox 1008 2049 1074 2078; x_wconf 71' lang='lat' dir='ltr'><em>pag.</em></span> <span class='ocrx_word' id='word_1_632' title='bbox 1091 2044 1154 2073; x_wconf 80' lang='lat'><em>508.</em></span> <span class='ocrx_word' id='word_1_633' title='bbox 1180 2038 1231 2067; x_wconf 85' lang='lat' dir='ltr'>vbi</span> <span class='ocrx_word' id='word_1_634' title='bbox 1248 2038 1315 2067; x_wconf 79' lang='lat' dir='ltr'>vide</span> <span class='ocrx_word' id='word_1_635' title='bbox 1333 2037 1502 2074; x_wconf 87' lang='lat' dir='ltr'>Olearium,</span> <span class='ocrx_word' id='word_1_636' title='bbox 1526 2050 1576 2069; x_wconf 92' lang='lat' dir='ltr'>nec</span> <span class='ocrx_word' id='word_1_637' title='bbox 1592 2051 1650 2070; x_wconf 90' lang='lat' dir='ltr'>non</span> <span class='ocrx_word' id='word_1_638' title='bbox 1668 2040 1797 2073; x_wconf 80' lang='lat' dir='ltr'>Aeliana</span> <span class='ocrx_word' id='word_1_639' title='bbox 1815 2045 1855 2073; x_wconf 78' lang='lat' dir='ltr'><em>H.</em></span> 
     </span>
     <span class='ocr_line' id='line_1_96' title="bbox 1009 2080 1854 2122; baseline 0.008 -12"><span class='ocrx_word' id='word_1_640' title='bbox 1009 2084 1044 2111; x_wconf 92' lang='lat' dir='ltr'><em>V.</em></span> <span class='ocrx_word' id='word_1_641' title='bbox 1068 2080 1118 2110; x_wconf 87' lang='lat' dir='ltr'>lib.</span> <span class='ocrx_word' id='word_1_642' title='bbox 1136 2083 1212 2111; x_wconf 87' lang='lat' dir='ltr'>VIII.</span> <span class='ocrx_word' id='word_1_643' title='bbox 1237 2091 1298 2122; x_wconf 82' lang='lat' dir='ltr'><em>cap.</em></span> <span class='ocrx_word' id='word_1_644' title='bbox 1323 2091 1363 2111; x_wconf 81' lang='lat'>12.</span> <span class='ocrx_word' id='word_1_645' title='bbox 1391 2082 1443 2112; x_wconf 73' lang='lat' dir='ltr'>vbi</span> <span class='ocrx_word' id='word_1_646' title='bbox 1465 2082 1601 2114; x_wconf 80' lang='lat' dir='ltr'>Scheffer.</span> <span class='ocrx_word' id='word_1_647' title='bbox 1627 2091 1656 2114; x_wconf 89' lang='lat' dir='ltr'>et</span> <span class='ocrx_word' id='word_1_648' title='bbox 1682 2086 1854 2116; x_wconf 79' lang='lat' dir='ltr'>Perizonius</span> 
     </span>
     <span class='ocr_line' id='line_1_97' title="bbox 1009 2123 1855 2170; baseline 0.007 -17"><span class='ocrx_word' id='word_1_649' title='bbox 1009 2123 1092 2165; x_wconf 85' lang='lat' dir='ltr'>plura</span> <span class='ocrx_word' id='word_1_650' title='bbox 1107 2123 1317 2162; x_wconf 84' lang='lat' dir='ltr'>congesserunt.</span> <span class='ocrx_word' id='word_1_651' title='bbox 1347 2127 1454 2166; x_wconf 85' lang='lat' dir='ltr'>Neque</span> <span class='ocrx_word' id='word_1_652' title='bbox 1470 2126 1506 2155; x_wconf 84' lang='lat' dir='ltr'><em>ab</em></span> <span class='ocrx_word' id='word_1_653' title='bbox 1521 2129 1602 2156; x_wconf 88' lang='lat' dir='ltr'>omni</span> <span class='ocrx_word' id='word_1_654' title='bbox 1617 2127 1699 2169; x_wconf 84' lang='lat' dir='ltr'>culpa</span> <span class='ocrx_word' id='word_1_655' title='bbox 1715 2127 1855 2170; x_wconf 58' lang='grc' dir='ltr'>προδοσίας</span> 
     </span>
     <span class='ocr_line' id='line_1_98' title="bbox 1008 2166 1855 2210; baseline 0.009 -14"><span class='ocrx_word' id='word_1_656' title='bbox 1008 2170 1147 2197; x_wconf 86' lang='lat' dir='ltr'>immunis</span> <span class='ocrx_word' id='word_1_657' title='bbox 1156 2167 1227 2197; x_wconf 85' lang='lat' dir='ltr'>fuit:</span> <span class='ocrx_word' id='word_1_658' title='bbox 1247 2166 1345 2197; x_wconf 85' lang='lat' dir='ltr'>saltem</span> <span class='ocrx_word' id='word_1_659' title='bbox 1355 2179 1422 2199; x_wconf 75' lang='lat' dir='ltr'>eum</span> <span class='ocrx_word' id='word_1_660' title='bbox 1432 2178 1603 2210; x_wconf 82' lang='lat' dir='ltr'>corruptum</span> <span class='ocrx_word' id='word_1_661' title='bbox 1618 2170 1672 2201; x_wconf 79' lang='lat' dir='ltr'>ess&#39;e</span> <span class='ocrx_word' id='word_1_662' title='bbox 1681 2182 1696 2201; x_wconf 86' lang='lat' dir='ltr'>a</span> <span class='ocrx_word' id='word_1_663' title='bbox 1705 2172 1855 2204; x_wconf 81' lang='lat' dir='ltr'>Persarum</span> 
     </span>
     <span class='ocr_line' id='line_1_99' title="bbox 1009 2211 1857 2254; baseline 0.008 -13"><span class='ocrx_word' id='word_1_664' title='bbox 1009 2221 1077 2249; x_wconf 87' lang='lat' dir='ltr'>rege</span> <span class='ocrx_word' id='word_1_665' title='bbox 1093 2220 1180 2251; x_wconf 87' lang='lat' dir='ltr'>atque</span> <span class='ocrx_word' id='word_1_666' title='bbox 1195 2211 1230 2240; x_wconf 90' lang='lat' dir='ltr'><em>ab</em></span> <span class='ocrx_word' id='word_1_667' title='bbox 1248 2211 1378 2252; x_wconf 82' lang='lat' dir='ltr'>Harpalo</span> <span class='ocrx_word' id='word_1_668' title='bbox 1396 2212 1532 2254; x_wconf 76' lang='lat' dir='ltr'>accepisse</span> <span class='ocrx_word' id='word_1_669' title='bbox 1552 2215 1583 2243; x_wconf 81' lang='lat' dir='ltr'><em>L.</em></span> <span class='ocrx_word' id='word_1_670' title='bbox 1599 2214 1722 2253; x_wconf 74' lang='lat' dir='ltr'>talenta,</span> <span class='ocrx_word' id='word_1_671' title='bbox 1745 2216 1790 2247; x_wconf 84' lang='lat' dir='ltr'>illi</span> <span class='ocrx_word' id='word_1_672' title='bbox 1808 2217 1857 2247; x_wconf 88' lang='lat' dir='ltr'>da·</span> 
     </span>
     <span class='ocr_line' id='line_1_100' title="bbox 1007 2255 1855 2297; baseline 0.009 -14"><span class='ocrx_word' id='word_1_673' title='bbox 1007 2255 1093 2284; x_wconf 87' lang='lat' dir='ltr'>batur</span> <span class='ocrx_word' id='word_1_674' title='bbox 1107 2256 1240 2284; x_wconf 90' lang='lat' dir='ltr'>crimini:</span> <span class='ocrx_word' id='word_1_675' title='bbox 1264 2255 1343 2290; x_wconf 84' lang='lat' dir='ltr'>vide,</span> <span class='ocrx_word' id='word_1_676' title='bbox 1358 2266 1474 2297; x_wconf 87' lang='lat' dir='ltr'>praeter</span> <span class='ocrx_word' id='word_1_677' title='bbox 1484 2256 1668 2288; x_wconf 82' lang='lat' dir='ltr'>Plutarchum</span> <span class='ocrx_word' id='word_1_678' title='bbox 1684 2261 1714 2290; x_wconf 91' lang='lat' dir='ltr'>in</span> <span class='ocrx_word' id='word_1_679' title='bbox 1730 2262 1788 2290; x_wconf 75' lang='lat' dir='ltr'><em>vita</em></span> <span class='ocrx_word' id='word_1_680' title='bbox 1799 2263 1855 2291; x_wconf 89' lang='lat' dir='ltr'>De-</span> 
     </span>
     <span class='ocr_line' id='line_1_101' title="bbox 1008 2297 1855 2340; baseline 0.008 -13"><span class='ocrx_word' id='word_1_681' title='bbox 1008 2299 1113 2328; x_wconf 89' lang='lat' dir='ltr'>mosth.</span> <span class='ocrx_word' id='word_1_682' title='bbox 1137 2308 1201 2339; x_wconf 85' lang='lat' dir='ltr'><em>pag.</em></span> <span class='ocrx_word' id='word_1_683' title='bbox 1218 2307 1274 2336; x_wconf 81' lang='lat'>723</span> <span class='ocrx_word' id='word_1_684' title='bbox 1297 2297 1336 2340; x_wconf 88' lang='lat' dir='ltr'>sq.</span> <span class='ocrx_word' id='word_1_685' title='bbox 1358 2307 1429 2329; x_wconf 81' lang='lat' dir='ltr'>tom.</span> <span class='ocrx_word' id='word_1_686' title='bbox 1451 2302 1501 2329; x_wconf 91' lang='lat' dir='ltr'>IV.</span> <span class='ocrx_word' id='word_1_687' title='bbox 1527 2300 1594 2332; x_wconf 83' lang='lat' dir='ltr'>edit.</span> <span class='ocrx_word' id='word_1_688' title='bbox 1619 2303 1717 2333; x_wconf 84' lang='lat' dir='ltr'>Reisk.</span> <span class='ocrx_word' id='word_1_689' title='bbox 1746 2306 1855 2334; x_wconf 78' lang='lat' dir='ltr'>Timo-</span> 
     </span>
     <span class='ocr_line' id='line_1_102' title="bbox 1009 2341 1855 2388; baseline 0.006 -17"><span class='ocrx_word' id='word_1_690' title='bbox 1009 2341 1083 2371; x_wconf 89' lang='lat' dir='ltr'>clem</span> <span class='ocrx_word' id='word_1_691' title='bbox 1099 2343 1253 2371; x_wconf 76' lang='lat' dir='ltr'>Comitum</span> <span class='ocrx_word' id='word_1_692' title='bbox 1269 2342 1346 2383; x_wconf 88' lang='lat' dir='ltr'>apud</span> <span class='ocrx_word' id='word_1_693' title='bbox 1361 2342 1554 2374; x_wconf 68' lang='lat' dir='ltr'>Achenum</span> <span class='ocrx_word' id='word_1_694' title='bbox 1570 2347 1648 2375; x_wconf 90' lang='lat' dir='ltr'>VIII.</span> <span class='ocrx_word' id='word_1_695' title='bbox 1665 2357 1728 2388; x_wconf 81' lang='lat' dir='ltr'><em>pag.</em></span> <span class='ocrx_word' id='word_1_696' title='bbox 1746 2357 1804 2382; x_wconf 82' lang='lat'>34¹·</span> <span class='ocrx_word' id='word_1_697' title='bbox 1825 2353 1855 2376; x_wconf 84' lang='lat' dir='ltr'>et</span> 
     </span>
     <span class='ocr_line' id='line_1_103' title="bbox 1010 2384 1854 2431; baseline 0.005 -15"><span class='ocrx_word' id='word_1_698' title='bbox 1010 2384 1189 2426; x_wconf 70' lang='lat' dir='ltr'><em>Phntosirat.</em></span> <span class='ocrx_word' id='word_1_699' title='bbox 1206 2384 1241 2415; x_wconf 90' lang='lat' dir='ltr'>de</span> <span class='ocrx_word' id='word_1_700' title='bbox 1261 2387 1329 2415; x_wconf 77' lang='lat' dir='ltr'>vitis</span> <span class='ocrx_word' id='word_1_701' title='bbox 1348 2385 1464 2428; x_wconf 80' lang='lat' dir='ltr'>sophist.</span> <span class='ocrx_word' id='word_1_702' title='bbox 1479 2386 1530 2417; x_wconf 82' lang='lat' dir='ltr'>lib.</span> <span class='ocrx_word' id='word_1_703' title='bbox 1547 2389 1568 2418; x_wconf 89' lang='lat'><em>1.</em></span> <span class='ocrx_word' id='word_1_704' title='bbox 1583 2400 1626 2418; x_wconf 92' lang='lat' dir='ltr'>nr.</span> <span class='ocrx_word' id='word_1_705' title='bbox 1644 2395 1681 2423; x_wconf 79' lang='grc' dir='ltr'>ιε.</span> <span class='ocrx_word' id='word_1_706' title='bbox 1703 2389 1727 2431; x_wconf 81' lang='lat'><em>§.</em></span> <span class='ocrx_word' id='word_1_707' title='bbox 1744 2400 1765 2420; x_wconf 84' lang='grc' dir='ltr'>ι.</span> <span class='ocrx_word' id='word_1_708' title='bbox 1788 2399 1854 2431; x_wconf 78' lang='lat' dir='ltr'><em>pag.</em></span> 
     </span>
     <span class='ocr_line' id='line_1_104' title="bbox 1012 2427 1854 2510; baseline 0.007 -53"><span class='ocrx_word' id='word_1_709' title='bbox 1012 2437 1079 2508; x_wconf 54' lang='lat'><em>507¹-</em></span> <span class='ocrx_word' id='word_1_710' title='bbox 1102 2429 1212 2510; x_wconf 60' lang='lat' dir='ltr'>ilbilque</span> <span class='ocrx_word' id='word_1_711' title='bbox 1225 2427 1397 2471; x_wconf 83' lang='lat' dir='ltr'>Olearium,</span> <span class='ocrx_word' id='word_1_712' title='bbox 1419 2438 1448 2462; x_wconf 78' lang='lat' dir='ltr'>et</span> <span class='ocrx_word' id='word_1_713' title='bbox 1468 2429 1520 2462; x_wconf 83' lang='lat' dir='ltr'>lib.</span> <span class='ocrx_word' id='word_1_714' title='bbox 1536 2433 1559 2464; x_wconf 91' lang='lat'><em>1.</em></span> <span class='ocrx_word' id='word_1_715' title='bbox 1577 2443 1622 2464; x_wconf 88' lang='lat' dir='ltr'>nr.</span> <span class='ocrx_word' id='word_1_716' title='bbox 1637 2442 1681 2470; x_wconf 78' lang='lat'><em>25.</em></span> <span class='ocrx_word' id='word_1_717' title='bbox 1703 2431 1728 2474; x_wconf 83' lang='lat'><em>§.</em></span> <span class='ocrx_word' id='word_1_718' title='bbox 1745 2442 1771 2471; x_wconf 88' lang='lat'><em>7.</em></span> <span class='ocrx_word' id='word_1_719' title='bbox 1788 2443 1854 2475; x_wconf 80' lang='lat' dir='ltr'><em>pag.</em></span> 
     </span>
    </p>

    <p class='ocr_par' dir='ltr' id='par_1_20' title="bbox 1028 2474 1856 2512">
     <span class='ocr_line' id='line_1_105' title="bbox 1028 2474 1856 2512; baseline 0 -2"><span class='ocrx_word' id='word_1_720' title='bbox 1028 2474 1055 2510; x_wconf 89' lang='lat' dir='ltr'>L</span> <span class='ocrx_word' id='word_1_721' title='bbox 1089 2475 1100 2509; x_wconf 80' lang='lat' dir='ltr'>l</span> <span class='ocrx_word' id='word_1_722' title='bbox 1797 2482 1856 2512; x_wconf 81' lang='lat'>538·</span> 
     </span>
    </p>
   </div>
  </div>
 </body>
</html>
