2183 2747
601 130 810 169 HERMES:

17 230 68 262 stu
85 222 199 266 Crono,
223 227 349 259 inuenta
366 225 416 258 sua
433 223 499 258 vsui
517 230 673 258 communi
690 228 874 271 exposuiss'e;

17 273 171 307 diuersum
189 273 247 304 effe
269 274 306 303 ab
327 274 384 303 hoc
407 273 510 304 Tannt
526 270 545 302 s.
569 272 646 303 Totlz
663 274 874 315 posteriorem,

15 318 69 361 ciui
87 329 112 349 a.
129 320 200 349 circ.
211 329 284 356 400.
299 314 392 348 serius
411 315 541 353 vixisset,
565 325 594 347 et
610 319 642 347 in
658 320 795 360 Aegypto
811 330 874 349 non

13 365 132 399 minus,
161 370 253 404 quam
278 364 405 393 Graecia
428 363 576 391 maiorem
599 364 734 392 nominis
749 361 873 400 famam,

11 417 105 456 quam
127 409 214 449 prior
228 431 238 444 ,
268 406 471 447 consequutus
486 428 496 442 ,
525 407 632 436 auctor
653 408 873 444 inuentorum,

10 458 91 494 quae
122 459 224 482 tamen
253 460 371 482 tautum
400 449 583 480 emcndass‘ct
613 459 705 491 atque
734 451 872 489 auxisset,

9 497 112 539 postea
135 494 237 527 fuisset
258 496 390 526 habitus.
446 494 567 536 Sitnsbn
586 496 618 524 in
635 497 790 526 Chronico
805 507 872 538 pag.

11 540 73 572 i62.
90 539 131 582 sq.
155 542 207 571 vbi
222 539 359 583 plurium
383 539 420 570 de
442 537 498 569 illo
521 538 621 570 adfert
636 541 818 577 testimonia,
844 549 873 571 et

10 584 67 616 eel.
83 585 205 617 Sarius
220 588 252 615 in
267 585 463 616 Onomastico
484 594 549 625 pag.
568 588 595 614 6.
619 583 680 614 vol.
697 588 718 615 1.
745 588 870 616 vnicum

9 630 129 660 tantum
146 631 325 660 Hermetem
347 629 604 667 Trismegistum‚
627 627 647 658 s.
663 630 792 666 Thoth,
816 631 870 659 Ae-

6 674 218 716 gyptiacarum
243 674 416 705 litterarum
441 681 470 703 et
489 671 674 714 sapientiae,
705 682 737 704 vt
753 673 872 712 fertur,

6 718 166 762 parentem
184 717 360 758 agnoscunt,
385 720 512 758 eiusque
527 726 655 748 aetatem
678 728 701 747 a.
715 729 755 748 m.
773 728 872 758 2544„

7 763 39 794 et
52 765 123 794 circ.
139 771 210 794 ante
224 766 279 794 Ch.
295 775 324 793 n.
344 772 426 800 1459.
449 762 614 801 adsignant.
638 762 743 803 Bailly
765 764 796 794 in
814 763 873 794 Ge·

0 805 138 850 filtichte
159 808 217 839 der
236 807 434 840 Stet-nkumie
454 806 509 837 des
530 805 731 837 Altertlmms
755 806 802 837 bis
816 806 881 848 auf

6 851 57 884 die
79 852 279 892 Erriclitung
303 852 359 883 der
374 850 486 881 Seli-ule
501 859 544 880 zu
567 850 780 881 Alexandrina
797 853 871 882 LII.

5 895 82 928 (roll.
95 903 120 930 8.
145 897 261 936 Lipsiae
276 905 358 934 ¹777·
376 898 404 929 (a
415 892 586 935 Christiano
597 894 725 936 Ernesto
736 894 871 937 llfi'itisrlz

5 942 24 971 ἐ
42 940 146 979 lingua
170 941 311 969 Francica
333 942 365 969 in
387 937 562 968 theotiscam
585 937 731 968 conuersa
757 941 797 969 est
816 938 868 969 illa

3 985 152 1018 historia)
182 983 283 1024 paffiui
311 984 349 1013 de
360 985 522 1012 ·Hermete
553 981 679 1012 disserit.
728 985 754 1013 Is
774 986 869 1023 igitur

5 1027 69 1059 vol.
88 1030 110 1058 Ῑ.
126 1037 192 1069 pag.
209 1033 252 1062 εἰ.
270 1037 436 1062 memorat,
467 1035 482 1054 a
499 1027 685 1056 Manethone
699 1027 779 1068 apud
797 1030 868 1063 Syn-

6 1071 119 1103 cellum
135 1081 200 1112 pag.
216 1083 267 1108 40.
295 1081 422 1102 aetatem
449 1072 603 1100 Hei-metis
626 1080 695 1100 ante
711 1070 867 1102 eluuionis

5 1124 144 1158 tempora
162 1117 258 1156 poni;
287 1116 372 1146 addit
394 1123 493 1144 tamen
517 1115 713 1144 Mane-thorus
737 1117 869 1146 testiino-

6 1163 94 1191 nium
106 1169 122 1188 a
137 1158 241 1189 multis
255 1161 287 1189 in
303 1160 432 1190 dubium
450 1161 570 1189 vocari:
594 1168 661 1199 pag.
679 1165 724 1195 89.
742 1158 868 1201 suspica-

5 1212 74 1242 tur,
103 1205 293 1234 Mercurium
310 1204 546 1241 Trismegistum
565 1205 772 1240 Graecorum,
798 1206 868 1234 But-

5 1256 66 1281 ram
86 1248 254 1285 Indorum,
286 1257 315 1279 et
333 1250 443 1279 Thaut
463 1247 483 1277 s.
508 1248 620 1278 Thoth
643 1250 865 1289 Aegyptiorum

4 1300 98 1324 vnum
119 1292 323 1334 eumdemque
347 1292 436 1324 fuiffe
459 1293 618 1322 hominem
634 1315 644 1329 ,
670 1303 686 1322 e
709 1292 863 1323 Chaldaea

1 1344 118 1368 ortum:
148 1346 214 1378 pag.
232 1347 293 1375 154.
316 1337 378 1379 sqq.
403 1345 532 1368 aetatem
558 1339 653 1366 trium
678 1339 860 1368 Hermetum

1 1383 170 1412 constituit:
201 1384 335 1423 primum
359 1390 429 1412 ante
454 1380 633 1411 cluuionem
654 1381 760 1411 vixisse
778 1393 861 1412 eum-

0 1434 235 1468 quepraecepta
256 1425 377 1457 suarum
401 1429 513 1457 artium
535 1437 593 1467 ope
616 1425 861 1468 hieroglyphica-

0 1479 68 1501 rum
84 1471 252 1510 figurarum
267 1470 446 1513 insculpsiise
462 1469 615 1513 lapidibus
631 1479 682 1500 aut
698 1470 859 1506 columnis3

0 1513 146 1552 alterum,
171 1517 224 1556 qui
241 1517 350 1546 Thaut
365 1526 491 1558 quoque
509 1523 651 1552 vocatus,
677 1524 766 1546 verus
782 1519 859 1546 Her-

0 1560 60 1590 :hes
79 1561 278 1601 Aegyptiacus
298 1561 350 1597 fit,
380 1560 413 1590 ih
435 1562 515 1591 viuis
533 1559 622 1590 fuisse
636 1562 716 1590 circa
738 1570 764 1590 a.
780 1565 859 1598 3362.

0 1610 66 1634 ante
83 1605 138 1634 Ch.
161 1612 285 1641 natum,
320 1616 453 1646 eumque
477 1603 616 1635 exstitisse
637 1603 791 1645 alphabeti
809 1616 858 1647 pa-

0 1656 129 1678 rentem:
160 1651 286 1679 tertium
307 1649 461 1691 denique,
493 1650 581 1690 quisi
597 1648 711 1685 fuerit,
742 1653 813 1679 circ.
829 1660 854 1681 a.

0 1696 80 1730 1846.
99 1701 168 1723 ante
185 1694 255 1723 Chr.
271 1701 376 1724 natum
393 1693 622 1724 obseruationes
646 1692 748 1724 fecisse
765 1696 855 1724 astro-

0 1739 147 1771 nomicas3
177 1736 246 1768 coll.
261 1748 399 1780 pag.175.
445 1740 532 1769 Tum
556 1748 621 1780 pag.
642 1748 701 1775 193.
728 1748 856 1769 conten-

0 1779 58 1817 dit,
82 1784 259 1812 Hermetem
276 1781 425 1819 alterum,
449 1793 485 1813 ex
503 1783 576 1813 vrbe
601 1781 772 1820 Chaldaea,
797 1783 855 1815 Ca-

0 1827 90 1857 lowzz
105 1834 218 1863 ortum,
233 1829 287 1867 qui
301 1828 517 1857 astronomiam
528 1829 690 1868 Aegyptios
702 1827 854 1864 docuerit,

0 1868 78 1906 [coll.
93 1868 154 1900 vol.
164 1873 201 1900 ΙΙ.
222 1881 251 1911 p.
274 1882 337 1908 140.
354 1876 424 1907 etc.)
448 1874 528 1901 circa
544 1881 570 1901 a.
589 1876 669 1908 3362.
685 1880 754 1902 ante
770 1875 802 1902 C.
813 1874 853 1903 N.

0 1923 24 1943 2n
44 1912 238 1955 Aethiopiam
256 1914 427 1956 profectum
446 1916 495 1946 hic
511 1927 635 1957 quoque
656 1915 855 1947 fundamenta

0 1960 144 1995 amnium,
167 1969 245 1999 quae
262 1959 305 1989 ibi
322 1961 422 2001 postea
440 1960 620 1997 floruissent,
645 1960 854 1991 doctrinarum

0 2001 117 2036 iecisse3
155 2002 255 2032 secum
279 2003 419 2034 adtuliss'e
448 2003 695 2046 hieroglyphicas
723 2006 852 2044 figuras,

0 2043 126 2082 Tymbola
143 2056 375 2089 praeceptorum
393 2048 547 2079 sacrorum
564 2058 655 2090 atque
675 2051 852 2080 astronomi-

0 2101 116 2128 mrum,
140 2094 173 2121 in
196 2091 379 2134 templisque
406 2094 593 2135 Aethiopum
615 2093 744 2135 posuisse
768 2095 851 2125 Asiae

0 2137 147 2171 hysteria3
180 2138 212 2166 in
234 2137 344 2166 iisdem
367 2136 440 2168 locis
462 2137 569 2169 sanetis
592 2137 710 2169 tabulas
725 2162 734 2175 ,
770 2150 850 2180 quae

0 2181 154 2222 §raecipua
169 2179 329 2220 religionis
345 2181 545 2213 fundamenta
558 2183 788 2220 continuissent,
814 2182 854 2213 la-

0 2224 93 2265 §ideas
117 2224 232 2255 fixisse:
262 2224 323 2255 illis
343 2225 454 2257 tabulis
477 2229 509 2257 in
524 2228 707 2269 Aethiopia,
745 2231 854 2269 quain

0 2268 69 2297 :erra
86 2271 214 2299 Hermes
230 2272 378 2300 vocitatus
393 2271 426 2301 sit
440 2271 554 2308 Stelcs,
580 2281 692 2301 nomen
700 2273 854 2315 fleturum

0 2311 164 2347 tdhaesiss'e3
201 2316 234 2343 in
253 2316 390 2355 Aegypto
410 2323 510 2345 autem
534 2315 666 2352 leoitlz,
701 2316 784 2358 quod
808 2317 852 2348 ibi

0 2354 92 2387 Thotlz
109 2357 142 2387 fit
155 2357 339 2399 adpellatus:
365 2360 507 2390 eumdem
529 2361 692 2402 Aethiopas
709 2361 852 2392 imbuisse

0 2397 111 2430 'tientia
128 2400 300 2432 litterarum
316 2402 335 2432 s.
354 2401 524 2444 alphabeti3
556 2413 585 2435 et
600 2407 681 2435 inter
698 2403 767 2435 illos
792 2407 845 2436 flo-

0 2443 79 2473 'uiss‘e
101 2448 233 2486 primum
254 2449 481 2477 astronomum:
510 2448 651 2490 deinceps
675 2448 843 2480 sacerdotes

978 131 1054 170 Lib.
1073 134 1104 171 I.
1128 147 1153 171 c.
1173 135 1264 173 VII.
1754 145 1798 187 ’47

929 229 1128 269 instituerint,
1153 233 1422 265 astronomicarum
1444 237 1557 278 pariter
1572 235 1666 269 Stclis
1682 237 1700 269 s.
1717 237 1790 281 lapi-

929 274 992 305 deis
1008 275 1118 306 tabulis
1134 277 1239 308 incisas
1252 277 1422 320 reliquisse:
1436 291 1648 322 quaecunque
1664 294 1739 313 vcro
1755 283 1790 313 il-

928 318 964 349 lis
982 319 1105 351 fuissent
1121 321 1281 365 inscripta,
1307 334 1340 353 ea
1357 324 1450 364 vulgo
1462 326 1494 356 'et
1517 334 1643 368 propter
1658 330 1788 368 antiqui-

927 366 995 395 tatis
1010 363 1161 397 inscitiam
1177 370 1317 398 Hermeti
1334 367 1390 399 esse
1413 370 1542 400 tributa:
1576 371 1614 401 ab
1633 374 1788 413 Aegyptiis

927 416 1028 439 autem
1044 413 1146 441 onmia
1161 411 1214 441 illa
1231 422 1390 455 praecepta
1406 422 1435 444 et
1449 414 1608 446 obseruata
1633 425 1789 456 tamquam

928 454 1052 484 Thothi
1072 453 1118 485 sui
1141 458 1267 487 inuenta
1289 459 1437 488 iaetitata:
1470 459 1542 489 inde
1558 459 1688 502 perspici
1706 460 1788 502 posse

927 497 1075 533 caussam,
1097 511 1152 530 cur
1167 502 1296 538 Thoth,
1322 505 1469 540 Hermes,
1500 503 1520 533 s.
1542 507 1716 535 Mercurius
1737 515 1788 535 au-

927 543 993 572 c’tor
1007 545 1214 586 inuentorque
1230 553 1275 576 tot
1288 545 1439 578 librorum
1454 556 1560 589 totque
1576 559 1679 579 rerum
1697 551 1788 579 mira-

926 585 1036 617 bilium
1061 589 1094 619 fit
1120 589 1299 622 celebratus.
1370 594 1405 622 In
1428 591 1524 623 altero
1546 592 1706 624 volumine
1721 604 1788 636 pag.

929 641 966 669 13.
984 631 1046 673 sqq.
1064 642 1168 664 contra
1187 635 1299 666 Plus-lte
1314 638 1346 665 in
1363 639 1497 667 Histoire
1514 637 1554 669 du
1574 637 1658 675 Ciel,
1681 641 1787 669 tom.I.

927 678 1087 707 veritatem
1104 681 1307 716 narrationis,
1346 690 1530 722 quamquam
1551 681 1663 713 fabulis
1685 691 1787 714 conta-

927 722 1078 757 minatae,
1106 722 1210 754 lemtt
1224 724 1382 761 exstitisse,
1415 725 1555 767 pluribu<
1572 729 1787 757 commonstra-

926 773 1012 794 turus
1026 767 1077 796 est.
1114 769 1182 806 Pag.
1199 772 1249 806 64.
1266 769 1307 810 sq.
1323 771 1519 801 Mancthonis
1538 773 1575 801 de
1591 773 1701 802 Thoth
1719 782 1786 802 nar·

926 811 1077 841 rationem
1100 811 1157 842 esse
1180 823 1282 843 veram
1309 813 1484 849 adseuerat;
1508 815 1596 851 (coll.
1620 815 1787 852 Iablonsky

927 855 1061 884 Pantheo
1075 858 1200 898 Aegypt.
1217 857 1270 888 lib.
1290 862 1326 889 V.
1348 869 1411 900 cap.
1430 869 1452 895 ς.
1469 859 1533 901 §.4
1553 867 1610 899 14.)
1634 871 1663 891 et
1677 862 1713 891 de
1725 863 1784 892 ste-

925 896 961 928 lis
978 898 1124 940 disputat:
1147 911 1213 942 pag.
1227 907 1272 936 68.
1294 904 1533 942 animaduertit,
1560 909 1590 936 in
1609 907 1670 936 Asia
1685 906 1785 936 adhuc

923 946 1054 983 reperiri
1078 945 1253 976 vberiorem
1274 947 1311 978 de
1337 949 1524 988 Astrognofia
1554 953 1784 981 commentatio-

923 997 1012 1024 nem,
1035 998 1114 1029 quae
1132 992 1289 1022 Mercurio
1307 992 1508 1033 Trismegisto
1526 996 1718 1029 vindicatur,
1742 1003 1785 1024 at-

922 1041 982 1071 que
997 1043 1051 1073 per
1062 1034 1171 1065 Melon
1184 1045 1276 1076 opera
1294 1046 1377 1076 1749.
1402 1038 1596 1073 (Manuscrits
1616 1040 1653 1070 de
1670 1043 1727 1070 Mr.
1745 1040 1783 1070 de

924 1074 1020 1111 l'Isle‚
1037 1088 1066 1106 n.
1081 1089 1118 1115 13.
1131 1089 1158 1115 9.
1170 1081 1215 1115 B.)
1227 1082 1258 1109 in
1275 1083 1415 1112 notitiam
1432 1085 1563 1113 nostram
1578 1087 1674 1120 venit,
1689 1086 1785 1114 idcin-

923 1130 983 1159 que
1005 1126 1156 1153 examinat
1178 1123 1348 1156 Iablonskii
1373 1125 1571 1165 sententiam,
1613 1129 1783 1169 docetque,

923 1165 1115 1196 Mercurium
1133 1170 1320 1199 Graecorum
1342 1181 1410 1200 cum
1428 1172 1559 1202 caduceo
1575 1172 1654 1203 male
1675 1173 1782 1203 confu-

920 1205 985 1236 sum
1014 1208 1071 1239 esse
1096 1222 1164 1242 cuin
1196 1215 1343 1244 Hermete
1367 1217 1561 1258 Aegyptiace.
1614 1220 1680 1256 Pag.
1711 1228 1780 1248 200.

919 1261 1023 1283 narrat
1038 1261 1054 1290 ‚'
1093 1256 1174 1296 apud
1200 1259 1312 1288 Arabes
1333 1263 1458 1290 nomina
1480 1263 1574 1291 trium
1598 1264 1782 1292 Hermetum

919 1300 1063 1338 reperiri,
1079 1309 1213 1340 quorum
1231 1305 1346 1342 primus
1362 1313 1488 1334 vocetur
1498 1305 1598 1337 Edrls
1613 1305 1632 1336 s.
1645 1306 1781 1342 ΗεηοεΙι,

918 1343 1004 1371 cuius
1027 1342 1256 1375 obseruationes
1278 1346 1396 1388 aliquot
1422 1350 1640 1380 astronomicae
1662 1353 1693 1380 in
1717 1353 1779 1381 MS.

916 1386 1051 1426 quodam
1066 1390 1100 1418 in
1113 1387 1256 1421 biblioth.
1272 1394 1355 1430 regia
1370 1404 1399 1422 n.
1411 1404 1487 1430 1033.
1504 1396 1574 1424 tcste
1585 1394 1731 1426 Herbelot
1747 1397 1780 1424 in

916 1429 1123 1476 Bibl.Orient.
1141 1444 1206 1475 pag.
1217 1446 1287 1473 449.
1299 1445 1366 1473 450.
1381 1436 1516 1468 seruatae
1532 1438 1693 1473 dicuntur;
1713 1438 1779 1476 [sed

916 1475 988 1505 vide
1004 1485 1106 1507 notam
1128 1480 1260 1509 Fabricii
1284 1481 1320 1510 ad
1338 1483 1472 1512 nostrum
1496 1481 1554 1523 §.n
1578 1484 1778 1525 eiusdemque

918 1520 985 1549 cod.
1001 1520 1179 1564 Pseudepig.
1190 1527 1226 1554 V.
1237 1526 1512 1566 T.pag.21;.217.]
1537 1526 1614 1558 alter
1627 1529 1778 1563 Hermes,-

915 1568 1022 1595 tertius
1041 1576 1116 1597 vero
1129 1569 1261 1599 Hermes
1271 1570 1506 1614 Trzjinegistus:
1522 1571 1687 1602 secundum
1697 1572 1778 1603 Her-

913 1614 1024 1639 metem
1054 1610 1142 1643 fuisse
1172 1613 1374 1644 astronomiae
1403 1618 1598 1645 inuentorem
1615 1639 1624 1652 ‚
1658 1617 1777 1646 ibidem

912 1653 1037 1684 vberius
1053 1655 1260 1687 demonstrare
1277 1666 1414 1689 conatur.
1462 1661 1640 1697 Enimuero,
1662 1661 1683 1690 si
1701 1662 1774 1691 haec

910 1706 939 1727 et
955 1697 1085 1740 reliqua,
1102 1711 1179 1741 quae
1195 1702 1350 1740 ingeniose
1367 1704 1492 1744 quidem
1505 1703 1703 1746 persequutus
1722 1706 1774 1741 est,

909 1744 1058 1784 copiosius
1081 1755 1265 1786 exponerem
1283 1769 1291 1783 ,
1328 1748 1364 1777 ab
1389 1749 1526 1778 instituto
1550 1752 1661 1790 viaque
1683 1752 1773 1779 nimis

909 1787 1052 1817 aberrare
1070 1790 1203 1820 viderer.
1251 1794 1353 1828 Qiare
1376 1793 1448 1822 haec
1470 1792 1614 1824 iudicasse
1634 1792 1772 1830 sufficiat,

911 1840 940 1862 et
957 1831 995 1862 ad
1010 1831 1069 1862 alia
1086 1834 1349 1875 progrediendum
1366 1838 1416 1867 est.
1463 1839 1529 1868 Nec
1549 1848 1624 1869 vero
1640 1837 1772 1869 multum

910 1878 1056 1907 morabor
1080 1877 1207 1908 lectores
1232 1883 1417 1921 repetitione
1439 1888 1529 1922 atque
1549 1886 1687 1913 examine
1706 1885 1772 1924 opi-

910 1923 1024 1955 nionis,
1047 1932 1138 1962 quam
1158 1924 1194 1953 de
1213 1925 1364 1955 Hermetis
1382 1934 1488 1964 aetate,
1506 1926 1665 1966 dignitate,
1682 1929 1772 1957 histo·

910 1967 1018 2006 rissque
1044 1967 1146 2008 paffim
1167 1966 1253 1998 fouet
1276 1969 1448 2000 Feltrmont
1476 1974 1507 2001 in
1526 1974 1697 2003 Reflexions
1720 1972 1770 2002 sur

908 2008 928 2039 l*
938 2013 1076 2050 origine,
1108 2010 1262 2042 Phi'stoire
1292 2021 1320 2043 et
1341 2012 1369 2043 la
1390 2013 1551 2046 succession
1573 2017 1623 2047 des
1646 2019 1768 2048 anciens

907 2053 1052 2097 peuples,
1078 2058 1158 2085 Paris
1180 2066 1261 2096 1747,
1278 2068 1307 2095 4.
1333 2062 1439 2090 toml.
1465 2059 1554 2091 lib.2.
1569 2069 1687 2103 pagss.
1704 2060 1767 2103 sqq.

906 2101 959 2139 qui
977 2099 1102 2140 quidem
1119 2108 1185 2142 pag.
1195 2111 1245 2140 74.
1265 2104 1425 2140 existimat,
1442 2107 1632 2136 Mercurium
1642 2109 1768 2148 Aegypt.

908 2143 996 2174 fuisse
1025 2143 1143 2174 Eliezer
1159 2168 1167 2181 ‚
1204 2146 1367 2181 Abrahami
1399 2147 1587 2189 praefectum
1619 2150 1766 2182 familiae.

908 2190 1023 2218 Auctor
1044 2187 1140 2227 gallus
1159 2188 1250 2220 libri:
1274 2192 1363 2223 Neue
1386 2193 1490 2225 [Vett-
1506 2194 1572 2226 und
1587 2194 1767 2236 Μειῑβὶίιειι-

904 2230 1086 2273 g4y'clizclzte‚
1111 2241 1170 2264 aas
1184 2234 1253 2265 dem
1266 2235 1502 2280 Ir'mnzo'sz'sclzen
1522 2240 1580 2269 mit
1588 2239 1765 2281 Zriffff'tzen,

906 2278 972 2307 mid
1000 2276 1236 2318 Anmerkungen
1259 2279 1402 2322 veiseheiz
1429 2291 1487 2312 son
1521 2282 1659 2314 Miclzces
1686 2284 1740 2325 H'J
1751 2282 1766 2309 Σ-

906 2329 1011 2351 ηὶαηιι.
1058 2320 1133 2352 Alte
1149 2321 1340 2364 Geschiclzte,
1365 2325 1458 2364 nster
1474 2325 1583 2360 Hand.
1608 2327 1670 2358 duo
1688 2331 1764 2359 Her-

905 2372 998 2394 metas
1017 2363 1160 2406 producit
1180 2373 1208 2396 et
1224 2368 1379 2406 ingeniose
1392 2365 1496 2411 *potius
1512 2382 1603 2412 quam
1622 2383 1694 2403 vere
1715 2383 1764 2403 ex-

900 2417 1004 2439 ornat:
1020 2408 1150 2439 alterum
1167 2421 1232 2452 pag.
1243 2417 1307 2450 6¹4-
1319 2411 1359 2453 sq.
1377 2421 1456 2444 (cum
1474 2426 1535 2456 quo
1548 2414 1616 2446 loco
1631 2417 1667 2447 cf.
1682 2417 1762 2446 {dem

900 2455 1009 2483 T.111.
1038 2463 1066 2495 p.
1083 2459 1148 2485 226.
1166 2454 1216 2491 ff.)
1249 2458 1464 2488 atrociffimum
1487 2459 1620 2490 crudeli.c
1642 2462 1761 2491 :ammi

0 2488 167 2531 &ethiopiae
182 2490 330 2524 summam
345 2490 466 2524 suarum
483 2492 744 2532 obseruationum,
769 2505 842 2538 quas
897 2500 1048 2535 amicum,
1070 2497 1212 2539 alterum,
1237 2510 1328 2544 quem
1343 2504 1509 2543 magnificis
1524 2514 1649 2537 exornat
1665 2505 1762 2535 laudi·

1693 2551 1761 2587 bus,
