2183 2747
1767 103 1851 131 xnx

204 198 315 238 Haec
338 203 465 250 atque,
494 191 520 235 fi
546 191 650 235 redte
668 193 843 243 memini,
874 191 982 246 plura
1007 191 1077 232 alia
1103 191 1324 246 scripseram
1346 203 1433 234 ante
1450 204 1616 249 quatuor
1635 207 1781 245 annos,
1812 205 1850 235 et

85 256 260 313 plagulae
287 268 411 310 vsque
432 254 481 295 ad
506 265 621 308 caput
645 254 693 294 de
716 256 898 294 Homero
925 252 1069 293 eodem
1100 263 1278 306 tempore
1304 256 1475 294 exierant
1499 254 1620 308 prelo.
1697 257 1848 296 Partem

83 329 213 359 tamen
229 315 334 357 haud
352 316 533 367 exiguam
553 312 816 369 praefationis,
847 323 932 353 tum
955 310 1119 366 Lipfiam
1144 312 1286 366 miffae,
1316 316 1415 354 inter
1440 328 1482 355 ca
1506 317 1718 368 temporis,
1751 315 1846 355 dum

84 390 240 432 operae,
272 390 354 416 non
372 387 455 416 mea
476 375 637 429 quidem
655 373 790 427 culpa,
825 371 962 414 cessare
986 371 1246 425 cogebantur,
1285 374 1434 424 neseio,
1475 388 1555 429 quo
1580 372 1660 414 fato
1686 374 1846 428 periisse,

84 451 210 491 nuper
245 437 408 476 demum
432 433 614 475 intellexi.
685 437 842 486 Quare,
884 446 984 488 quae
1007 444 1157 486 praeter
1181 446 1224 474 ea
1250 433 1540 483 adnotaiierim,
1579 449 1659 475 non
1682 433 1846 487 amplius

84 507 203 538 teneo
228 497 439 537 memoria:
471 494 512 535 id
536 494 697 550 quidem
717 493 927 544 recordor,
957 506 1021 534 me
1042 492 1176 547 paullo
1199 491 1317 534 fufius
1342 494 1576 548 exposuisse,
1614 494 1845 546 Strothium,

83 571 150 599 me
167 567 274 598 antea
292 555 404 609 plane
427 554 571 605 inscio,
616 553 820 595 consilium
843 567 1003 609 quoque
1030 552 1189 607 cepiffe,
1226 552 1489 595 bibliothecae
1513 554 1756 595 Fabricianae
1779 553 1846 594 ali·

83 617 242 672 quando
260 616 446 667 edendae,
465 614 636 670 ideoque
651 615 737 668 post
752 626 1001 667 programma
1018 627 1037 654 a
1052 627 1117 654 me
1133 612 1372 668 publicatum
1391 616 1438 655 ad
1456 627 1520 654 me
1537 615 1665 668 plures
1683 614 1846 654 exarasse

83 676 245 718 litteras:
274 675 383 731 quod
401 689 496 715 vero
518 689 608 715 cum
627 688 716 727 ego,
748 685 832 714 tum
850 676 1024 728 inprimis
1042 673 1238 725 legitimus
1259 677 1386 727 operis
1402 674 1614 725 redemtor,
1645 677 1708 715 cui
1729 677 1844 714 miras

83 748 197 792 atque
218 738 368 790 iniquas
384 734 672 789 praescripserat
689 734 953 784 conditiones,
975 731 1164 774 defiderio
1181 732 1264 775 eius
1289 732 1503 775 satisfacere
1520 749 1601 775 non
1627 736 1844 788 potuimus,

84 811 176 838 eum
195 794 389 836 vindiciae
406 797 528 848 turpis
556 793 719 834 libidine
742 796 875 848 iraque
894 796 934 833 in
958 806 1023 834 me
1045 795 1300 836 innocentem
1316 793 1520 848 abreptum
1538 798 1577 835 in
1602 793 1843 835 bibliotheca

84 854 286 897 vniuersali
302 854 465 895 Berolin¹
489 863 527 893 et
546 856 585 893 in
602 852 820 894 Annalibus
838 853 1026 895 litterariis
1044 852 1276 906 lenenfibus‚
1308 855 1419 910 quod
1439 856 1602 910 quidem
1627 855 1714 908 post
1739 852 1842 893 illius

85 917 248 956 demum
273 924 443 954 mortem
462 912 612 963 resciui,
644 925 708 953 me
724 926 915 968 meosque
934 912 1054 954 libros
1081 913 1345 956 inhumaniter
1367 924 1406 955 et
1420 924 1642 967 arroganter
1657 912 1841 964 trattaffe,

84 986 134 1026 et,
169 972 276 1014 nullo
293 973 419 1013 modo
437 986 458 1013 a
474 986 539 1012 me
554 974 762 1023 irritatum,
796 986 957 1014 omnem
978 984 1096 1014 atram
1115 972 1235 1015 bilem
1260 976 1300 1016 in
1323 988 1387 1015 me
1413 975 1597 1015 effudisse.
1658 976 1712 1014 At
1744 972 1842 1013 haec

83 1033 268 1074 transeant
283 1047 374 1072 cum
393 1035 528 1072 ceteris
546 1031 760 1072 erroribus:
791 1046 919 1087 neque
936 1047 1024 1086 ego,
1044 1035 1111 1089 qui
1128 1032 1224 1074 nulli
1240 1035 1375 1087 agresti
1393 1045 1508 1090 atque
1527 1035 1735 1088 impotenti
1752 1047 1843 1074 cen-

83 1093 159 1135 sori
183 1091 415 1146 respondere
431 1090 591 1139 soleam,
623 1105 865 1147 omnemque
888 1106 1018 1133 acrem
1043 1093 1369 1145 controuersiam,
1406 1093 1486 1136 stue
1508 1094 1682 1135 iracundi
1706 1094 1839 1143 animi,

82 1150 159 1195 flue
176 1151 297 1193 malae
315 1152 369 1191 rei
392 1151 526 1191 testem
543 1164 588 1190 ac
605 1151 872 1205 proditorem,
903 1151 1057 1193 honore
1083 1166 1128 1193 ac
1157 1153 1343 1205 dignitate
1365 1153 1577 1195 litterarum
1606 1153 1841 1195 mansuetio-

80 1226 169 1254 rum
204 1212 445 1266 nomineque
476 1210 682 1252 Christiani
714 1211 915 1262 indignam
955 1211 1136 1252 censeam
1172 1215 1434 1269 maximoque
1472 1227 1592 1267 opere
1629 1211 1838 1265 defugiam,

79 1282 283 1314 mortuum
301 1269 397 1311 volo
414 1269 603 1312 insultare.
670 1272 793 1311 Terra
811 1269 923 1312 fitilli
940 1270 1056 1312 leuis!
1089 1271 1152 1312 llla
1178 1285 1274 1313 vero
1290 1271 1379 1314 libri
1403 1273 1608 1327 particula,
1639 1284 1837 1327 tamquam

79 1333 186 1387 prior
197 1330 407 1372 voluminis
416 1344 502 1384 pars
521 1344 571 1371 eo
584 1340 763 1384 tempore
780 1330 954 1383 euulgari
970 1329 1157 1371 debebat:
1184 1331 1279 1373 hinc
1295 1335 1510 1373 recentiora
1524 1332 1659 1386 scripta
1673 1331 1838 1388 aliaque,
1874 1351 1877 1353 ·

81 1404 178 1447 quae
203 1402 333 1431 tamen
353 1392 393 1430 in
419 1389 622 1431 volumine
644 1390 1007 1445 supplementorum
1033 1390 1243 1446 aliquando
1267 1392 1571 1446 comparebunt,
1609 1390 1837 1433 defiderabit

77 1450 216 1494 leRor.
273 1451 329 1491 At
347 1452 478 1504 operis
500 1451 712 1501 redemtor,
750 1451 858 1506 quod
876 1451 1017 1491 iustum
1034 1451 1223 1492 volumen
1240 1451 1477 1508 reliquisque
1496 1451 1634 1493 futuris
1654 1466 1721 1505 par
1741 1465 1834 1492 ven-

78 1511 225 1552 diturus
243 1521 340 1560 erat,
374 1513 541 1551 mutauit
565 1509 781 1551 consilium.
841 1513 1052 1551 Enimuero
1076 1525 1179 1551 noua
1203 1524 1284 1552 orta
1307 1512 1392 1553 sunt
1417 1513 1706 1566 impedimenta.
1766 1513 1836 1551 Vir

78 1573 183 1611 enim
203 1570 361 1625 quidam
380 1570 568 1620 eruditus,
601 1573 711 1610 cuius
728 1572 929 1623 ingenium
947 1581 984 1610 et
1001 1570 1212 1611 litterarum
1230 1575 1387 1624 copiam
1406 1575 1534 1624 magni
1552 1573 1734 1619 aestimo,
1772 1584 1834 1610 ca-

75 1633 151 1683 pita
173 1630 220 1670 de
236 1633 416 1669 Homero
432 1629 647 1683 susceperat
664 1629 925 1683 pertrad'landa
946 1642 1060 1685 atque
1077 1630 1367 1683 locupletanda:
1398 1632 1461 1671 sed
1480 1632 1611 1672 multis
1629 1631 1711 1671 aliis
1727 1629 1835 1670 labo—

77 1688 182 1729 ribus
202 1688 413 1738 districstus,
443 1690 552 1743 quod
582 1691 768 1745 equidem
794 1689 855 1730 vel
877 1689 992 1741 ipsius
1018 1689 1230 1731 Fabriciani
1256 1693 1385 1744 operis
1410 1691 1529 1731 cauffa
1557 1691 1668 1731 valde
1698 1689 1832 1739 doleo,

78 1763 160 1789 rem
176 1750 365 1802 perficere
383 1763 465 1789 non
480 1752 619 1802 potuit.
680 1752 931 1803 Quapropter
952 1763 1042 1802 ego,
1073 1750 1279 1804 postquam
1301 1753 1423 1804 capita
1443 1751 1490 1790 de
1512 1750 1685 1791 Hesiodo
1709 1762 1747 1790 et
1773 1763 1832 1789 re-

77 1807 206 1862 liquis,
233 1821 330 1862 quae
348 1809 389 1848 in
405 1808 484 1849 hoc
498 1808 732 1851 exhibentur
751 1808 965 1860 volumine,
996 1812 1075 1850 iam
1094 1808 1355 1860 absolueram,
1386 1811 1433 1850 ad
1460 1813 1683 1851 Homerum
1707 1809 1832 1850 redire

78 1866 161 1907 sum
177 1866 347 1907 coaetus.
406 1867 555 1917 Altera,
582 1882 703 1922 eaque
722 1870 879 1921 grauior
897 1882 1032 1910 morae
1051 1869 1171 1910 caussa
1188 1867 1282 1920 fuit,
1314 1870 1422 1925 quod
1446 1884 1549 1911 noua
1570 1872 1736 1911 Homeri
1759 1883 1831 1910 vna

77 1940 169 1966 cum
185 1925 336 1967 scholiis
354 1929 560 1968 Marcianis
588 1928 732 1979 editio,
771 1942 888 1982 quam
914 1927 1090 1981 singulari
1115 1929 1242 1970 studio
1269 1929 1341 1974 cel,
1367 1927 1606 1986 Villoifhnii
1627 1929 1831 1978 debemus,

77 1997 160 2028 erat
178 1985 441 2040 exspedtanda,
473 1989 682 2042 quoniam,
713 1989 768 2027 vti
793 2001 954 2043 quoque
979 1990 1104 2029 exitus
1127 1989 1328 2042 respondit
1356 1991 1551 2042 promiffis
1575 2001 1612 2030 et
1636 1991 1830 2042 opinioni,

76 2045 157 2099 spes
175 2055 253 2086 erat
268 2043 380 2096 fiius,
406 2043 584 2087 futurum
601 2046 687 2096 effe,
720 2058 760 2088 vt
777 2060 824 2087 ex
842 2047 914 2087 iilis
932 2047 1091 2089 scholiis
1101 2051 1308 2089 Marcianis
1329 2049 1535 2102 do-Fn'sque
1553 2050 1715 2090 editoris
1737 2062 1828 2103 pro-

75 2104 292 2158 legomenis
307 2105 446 2156 multa,
477 2119 574 2161 quae
600 2108 822 2147 conducant
849 2108 897 2147 ad
922 2107 1128 2148 meliorem
1157 2108 1340 2149 historiae
1365 2112 1601 2149 Homericae
1627 2108 1827 2149 litterariae

76 2167 346 2217 cognitionem
363 2176 399 2205 et
416 2165 464 2206 ad
480 2176 629 2220 partem
647 2169 775 2220 operis
793 2165 1004 2207 Fabriciani
1022 2168 1070 2206 de
1088 2170 1266 2208 Homero
1284 2169 1567 2209 emendandam
1595 2168 1828 2208 ornandam-

74 2238 164 2279 que,
195 2224 338 2278 poffint
355 2225 544 2278 depromi.
605 2227 729 2281 Atqui
746 2225 908 2280 quilibet
925 2241 1069 2282 aequus
1085 2224 1208 2268 lec'tor
1227 2227 1426 2280 intelliget,
1455 2239 1640 2281 quantum
1661 2227 1825 2277 lucnirn,

74 2295 112 2324 et
128 2297 227 2338 quae
243 2283 432 2335 praeclara
449 2282 685 2326 incrementa
703 2299 804 2339 opus
822 2285 1090 2326 Fabricianum
1107 2289 1299 2340 acceperit
1317 2301 1365 2327 ex
1382 2288 1583 2340 praestanti
1608 2287 1667 2327 illa
1687 2287 1825 2327 Villoi-

71 2344 168 2384 souii
187 2343 379 2383 editione:
411 2357 592 2398 quantam
612 2358 708 2386 vero
730 2344 916 2385 mauram
937 2344 1083 2396 fecerit,
1109 2345 1225 2387 nobis
1247 2345 1524 2387 festinantibus.
1587 2350 1720 2399 Quare
1743 2347 1825 2398 sse-

71 2416 198 2444 ramus
215 2412 252 2444 et
269 2403 522 2456 confidimus,
551 2402 652 2456 fore,
680 2415 721 2446 vt
742 2405 912 2458 prudens
932 2403 1055 2445 icero-r-
1074 2406 1240 2448 tarditati
1256 2407 1407 2447 nostrae
1432 2405 1626 2458 ignoscat,
1657 2417 1715 2447 tot
1742 2420 1823 2447 am-

947 2463 972 2504 b
1003 2478 1025 2518 3
1672 2466 1825 2522 plisque
