2183 2747
320 145 382 188 33⁴
485 141 558 180 Lib,
577 139 626 176 ts.
653 150 676 176 e.
694 150 718 176 ι.
894 135 1086 173 nomm
1130 113 1478 172 mcoiins‘rirss
1884 131 2073 168 νοιιμα
2120 129 2161 141 ··

322 242 412 289 gitur
427 248 524 275 tomo
542 239 638 274 tertio
660 239 728 273 eius
749 247 911 286 operum,
942 234 1022 268 Amr
1036 234 1110 270 nim
1129 233 1338 280 llLrioragius
1360 234 1394 266 in
1418 227 1693 281 praefationibus,
1730 228 1912 267 loacliimus
1926 230 2074 266 Camen-

324 294 396 329 rius
411 302 486 328 aute
503 292 776 327 Commentarios
796 287 835 324 ad
857 290 1004 337 primum
1024 284 1144 322 iliados
1164 284 1306 327 librum,
1335 285 1495 320 Nicolaus
1511 285 1706 319 Mammam
1724 286 1762 331 jn
1782 280 1986 334 praefatione
2010 282 2082 318 Eu-'

325 346 442 383 stathio
460 341 652 395 praemiffa,
681 343 831 378 Andreas
851 340 990 376 Wilkiw·
1005 341 1036 374 in
1053 340 1234 374 Cur-atione
1255 339 1356 373 Coeci
1373 339 1535 379 Homeri,
1558 335 1688 373 Pleiade
1704 333 1843 372 secunda
1859 339 2075 373 orationum:
2100 346 2107 350 ·

327 399 519 444 Ludolpliur
539 397 704 432 Nencorm
721 397 753 429 in
768 393 898 430 historia
916 394 1058 428 Homeri
1074 393 1183 426 critica
1196 420 1206 436 ,
1233 390 1336 441 paulo
1359 401 1434 427 ante
1457 404 1475 426 a
1497 403 1553 426 me
1577 388 1719 426 laudata.
1773 391 1933 424 Iohamm
1951 387 2075 424 leudo!-

319 452 407 499 plmr
429 449 627 497 chtstenfur
644 451 677 484 in
690 444 760 484 diis.
779 444 962 496 inaugurali
980 443 1021 480 de
1036 441 1106 479 faro
1124 444 1332 493 Scriptorum
1349 445 1493 479 Homeri
1511 456 1568 492 per
1584 445 1700 478 omnia
1716 439 1860 486 saecula,
1889 440 1974 479 edita
1995 454 2075 478 cum

326 506 393 541 eius
415 502 617 539 orationibus
640 499 866 550 Apologeticis
891 511 952 548 pro
975 499 1099 532 Graeca
1121 506 1153 532 et
1181 498 1324 545 genuina
1352 496 1485 546 linguae
1506 497 1651 532 Graecae
1682 497 1959 546 pronunciatione
1982 492 2077 531 Bam.

328 559 421 598 1680,
447 565 478 599 8.
532 555 706 590 Gisbertus
727 553 873 598 Caper-us
894 553 1067 601 praecipue
1091 551 1125 584 in
1148 546 1336 586 doctiffimo
1358 551 1616 585 Commentario
1637 547 1679 584 ad
1702 547 1860 598 Lapidem
1887 550 2077 598 antiquum,

328 611 384 661 qui
404 613 437 645 in
453 605 633 645 Marinensi
654 602 933 642 Columnenstum
959 604 1148 652 Principum
1172 600 1298 638 ditione
1318 605 1351 638 in
1375 601 1452 638 villa
1474 600 1605 638 Claudii
1629 604 1712 651 lmp.
1735 612 1880 652 repertus
1900 611 1932 638 et
1951 611 2076 643 erutus,

329 659 625 700 consecrationem
650 660 806 707 Principis
834 658 1010 692 Poetarum
1035 654 1260 706 pulcherrime
1281 657 1426 704 imagine
1451 652 1635 705 expressam
1659 653 1744 690 sistit.
1784 653 1887 690 Amst.
1916 655 2007 699 1683.
2040 665 2077 699 4.

329 714 458 753 Fnbric.
512 713 578 760 [De
593 714 713 762 Cuperi
731 721 762 746 et
777 711 903 745 Schotti
921 708 1028 747 libris,
1055 710 1134 744 item
1149 706 1190 744 de
1206 707 1432 750 Blackxvello,
1460 707 1633 750 Woodio,
1663 710 1787 758 Popio‚
1822 709 1971 743 Dacieria
1993 706 2077 742 aliis·

330 781 394 819 que
411 769 532 817 ingenii
549 766 723 801 Homerici
739 761 992 798 admiratoribus
1007 763 1073 796 iam
1091 757 1185 810 supra
1200 763 1340 810 egimus.
1379 759 1441 797 Sed
1458 759 1536 812 quid
1553 763 1698 804 iuuaret,
1726 759 1749 796 si
1768 773 1905 804 omnes,
1954 762 1986 795 ui
2003 761 2078 796 Ho-

331 824 415 857 meri
433 822 604 869 ingenium
622 828 718 867 atquc
733 814 847 866 poesin
864 813 1071 851 celebrarunt
1086 824 1142 850 aut
1159 814 1199 849 ab
1216 814 1360 850 aliorum
1380 816 1549 864 iniquitate
1571 816 1690 864 impari
1711 826 1919 864 quamquam
1977 812 2078 849 licita-

332 884 381 922 (ε,
407 871 630 908 vindicarunt,
654 867 804 906 latissime
817 880 1062 904 enumerarem.
1117 869 1225 917 Atque
1239 865 1374 917 quando
1388 865 1429 903 de
1450 865 1548 903 lliade
1562 877 1619 902 aut
1636 865 1678 902 de
1700 862 1988 918 reprehensoribus
2003 866 2078 902 Ho-

332 928 414 963 meri
431 926 521 962 loeus
545 927 603 961 erit
627 919 833 973 disputandi,
859 921 989 971 aliquot
1013 922 1136 968 ingenii
1153 922 1328 956 Homerici
1351 933 1530 969 praecones
1551 918 1786 969 producentur.
1838 920 1891 956 De
1914 918 1972 954 lite
1994 920 2080 957 inter

332 981 516 1016 Dacieriam
536 988 565 1014 et
580 976 612 1012 la
627 978 737 1012 Motte
752 977 819 1025 egit
834 974 959 1023 Goujet
973 975 1007 1008 in
1021 972 1173 1008 Biblioth.
1189 974 1303 1009 franc.
1318 984 1401 1023 part.
1416 974 1472 1010 lv.
1488 976 1567 1009 item
1584 969 1679 1023 supra
1693 974 1722 1022 §.
1741 984 1766 1008 1.
1789 970 1940 1009 laudatus
1956 972 2082 1021 Ayrn,

331 1044 428 1082 atque
446 1031 567 1067 Boiz'in
582 1032 614 1064 in
632 1028 717 1065 Hist.
734 1026 775 1064 de
795 1027 814 1063 l·
828 1025 926 1063 Acad.
944 1025 999 1062 des
1013 1022 1110 1061 lnscr.
1127 1037 1158 1062 et
1170 1027 1205 1061 B.
1220 1028 1256 1062 L.
1271 1038 1351 1062 tom.
1370 1030 1392 1061 1.
1409 1039 1441 1077 p.
1458 1038 1518 1071 227
1534 1023 1600 1076 sqq.
1624 1024 1666 1062 de
1682 1027 1935 1076 comparatione
1947 1026 2079 1062 Home-

332 1088 357 1120 ii
373 1097 468 1134 atque
486 1082 635 1133 Virgilii,
662 1082 784 1132 liteque
801 1079 876 1116 inde
891 1091 980 1126 orta;
1008 1092 1110 1129 quam
1127 1082 1354 1115 recitationem
1372 1082 1563 1128 germanice
1578 1076 1704 1114 versam
1721 1078 1809 1128 leges
1830 1081 1864 1115 in
1878 1078 2083 1127 Gottschedit'

333 1139 462 1174 Neuem
479 1132 693 1178 Biichersaal‚
719 1133 787 1171 vol.
805 1135 843 1170 11.
861 1140 943 1183 part.
962 1134 1006 1168 V.
1023 1145 1054 1182 p.
1073 1144 1127 1178 53²
1143 1129 1211 1183 sqq.
1235 1153 1288 1160 —
1314 1134 1440 1169 Contra
1457 1132 1629 1169 Platonem
1645 1129 1792 1168 defendit
1807 1129 1985 1182 laudatque
2002 1143 2081 1182 poe·

334 1202 401 1228 tam
430 1190 518 1227 Guil.
540 1188 699 1237 I’aquclin
723 1190 757 1223 in
782 1186 996 1237 Apologeme
1017 1198 1103 1234 pour
1126 1184 1156 1220 le
1178 1183 1282 1234 grand
1304 1186 1458 1222 Homere
1480 1196 1595 1221 contre
1614 1184 1644 1220 la
1667 1183 1904 1233 reprehension
1916 1183 1961 1221 du
1979 1185 2082 1221 Divin

335 1245 452 1280 Platon
479 1258 495 1279 ι
513 1245 619 1288 Lyon.
638 1253 722 1288 1577.
737 1251 769 1284 4.
822 1237 939 1275 Editor
955 1239 1049 1273 Lami
1063 1238 1266 1274 Deliciarum
1284 1250 1343 1274 etc.
1360 1249 1442 1274 tom.
1459 1239 1478 1272 l.
1497 1252 1545 1273 nr.
1563 1251 1590 1273 2.
1608 1252 1638 1288 p.
1655 1250 1697 1285 97
1713 1234 1778 1288 sqq.
1803 1236 1941 1288 collegit
1956 1238 2082 1278 nubem

335 1297 602 1334 testimoniorum
618 1292 754 1330 laudum
779 1306 837 1331 ue,
865 1292 980 1342 quibus
993 1301 1024 1326 et
1043 1302 1164 1327 veteres
1179 1302 1209 1326 et
1224 1295 1420 1327 recentiores
1435 1292 1627 1327 Homerum
1646 1301 1816 1326 ornarunt.
1859 1289 1944 1327 adde
1963 1291 2085 1327 Baillcr

337 1352 514 1399 Jugemens
536 1347 591 1384 des
616 1349 738 1383 Savans
757 1306 816 1381 <im
840 1345 886 1381 les
909 1346 1104 1394 principaux
1128 1345 1300 1394 Ouvragcs
1322 1343 1379 1380 des
1401 1347 1550 1380 Auteurs.
1579 1342 1740 1380 Amsterd.
1766 1355 1848 1390 1725.
1867 1357 1900 1389 4.
1925 1354 2011 1381 tom.
2026 1343 2083 1380 111.

340 1418 370 1454 p.
387 1415 426 1447 75
445 1400 510 1452 sqq.
533 1414 581 1436 nr.
598 1413 689 1447 1093.
707 1401 737 1449 §.
754 1412 774 1434 ι.
832 1396 1022 1445 Bjr'irttsleilzl
1041 1399 1074 1432 in
1096 1394 1226 1433 Briefen
1251 1408 1310 1433 etc.
1334 1397 1402 1433 vol.
1422 1398 1461 1431 ll.
1487 1410 1518 1446 p.
1532 1409 1604 1442 247·
1619 1395 1777 1433 versionis
1791 1399 2021 1446 germanicae.
2047 1398 2084 1433 in

339 1455 474 1504 epistola
490 1453 511 1490 d
539 1455 608 1489 XX.
627 1457 692 1489 lau.
709 1463 794 1497 1773.
813 1450 931 1487 Milani
950 1447 1084 1499 scripta,
1110 1461 1295 1493 memorat,
1323 1448 1534 1487 Paciaudium
1552 1446 1667 1486 verlari
1694 1452 1726 1485 in
1749 1447 1958 1487 conficiendo
1981 1461 2086 1500 opem

338 1508 494 1555 destudio
511 1508 682 1541 homericae
694 1504 834 1552 poeseos,
861 1502 1180 1544 detiionstraturuni.
1208 1506 1360 1553 pietatem
1380 1515 1478 1554 atque
1494 1500 1758 1549 obseruantiam‚
1790 1515 1854 1552 qua
1871 1515 1990 1539 omnes
2004 1514 2087 1552 gen-

338 1572 383 1598 tes
399 1574 436 1595 ac
455 1562 601 1595 nationes
618 1571 714 1608 atquc
731 1568 848 1593 aetates
866 1559 1058 1592 Homerum
1075 1556 1115 1591 ab
1131 1555 1227 1606 ipsius
1244 1570 1327 1592 aeuo
1345 1569 1446 1606 vsque
1460 1554 1501 1592 ad
1524 1555 1671 1592 nostram
1687 1558 1889 1592 memoriam
1902 1552 2087 1607 prosequu-
2111 1565 2117 1593 T
2167 1552 2171 1583 s·

337 1624 388 1650 tae
406 1611 485 1650 sint:
510 1615 565 1663 qui
580 1612 660 1648 liber
679 1625 760 1649 num
778 1610 888 1646 lucem
906 1607 1106 1660 adspexerit,
1132 1609 1286 1660 equidem
1306 1612 1439 1658 ignoro,
1462 1609 1578 1656 Harl]

337 1711 441 1748 Arguit
456 1716 553 1739 autem
576 1706 666 1749 plagii
681 1705 858 1738 Politianum
882 1715 919 1735 eo
941 1706 1079 1741 nomine,
1103 1704 1185 1747 quod
1239 1704 1332 1748 puisse
1353 1708 1412 1736 iam
1433 1715 1450 1735 a
1471 1706 1541 1735 Iano
1562 1702 1675 1734 Larem-i
1697 1704 1828 1734 moninus
1849 1704 1889 1734 est
1912 1700 2088 1741 Polie-nn
2117 1733 2122 1738 ‚

340 1763 438 1784 rerum
454 1752 578 1783 summas
594 1762 628 1781 ex
646 1749 808 1782 ,DL-narmi
822 1748 900 1780 libro
917 1748 952 1779 ‹le
970 1750 1115 1782 Homero.
1132 1751 1185 1790 qni
1238 1751 1285 1780 eui
1302 1748 1351 1780 ille
1368 1750 1440 1779 hane
1455 1747 1512 1779 suis
1530 1750 1559 1778 in
1574 1749 1741 1778 Homerum
1758 1746 2005 1790 praela-&ionibus
2084 1749 2086 1754 '
2161 1755 2164 1784 g

338 1805 400 1827 tum
420 1799 521 1827 Latine
543 1795 674 1826 nondum
697 1793 822 1824 exstabat
845 1792 880 1823 ad
897 1792 1021 1823 verbum
1037 1792 1183 1822 transscri—
1239 1796 1350 1824 tentiae
1367 1794 1566 1834 praeminenti
1587 1793 1664 1822 inter
1685 1790 1835 1822 auditores
1860 1791 1963 1823 adfuit.
2008 1792 2036 1822 V
2103 1795 2106 1798 ’

339 1841 428 1875 tuns,
450 1849 478 1870 et
491 1839 570 1881 qnasi
589 1840 676 1869 tiores
692 1848 882 1880 praecerpens
901 1847 960 1866 non
981 1836 1134 1866 erubuerit
1154 1836 1183 1866 id
1239 1839 1409 1867 Duarcnum
1428 1848 1455 1878 p.
1473 1842 1552 1874 147‘3.
1571 1837 1649 1877 Opp.
1667 1837 1749 1866 cuius
1762 1834 1860 1866 locum
1876 1838 1935 1866 iam
1948 1834 2035 1866 lauda
2066 1855 2073 1859 -
2102 1846 2110 1856 ·

340 1894 413 1924 opus
439 1895 492 1924 pro
517 1883 567 1913 suo
590 1883 693 1913 υάιτες
713 1885 742 1913 in
763 1892 824 1922 quo
847 1879 955 1910 unllam
978 1888 1183 1922 praeterquam
1239 1892 1269 1911 rc:
1287 1880 1468 1911 Colomefins
1484 1882 1514 1911 in
1531 1877 1638 1923 Opust.
1654 1889 1684 1922 p.
1699 1882 1750 1911 66.
1779 1880 1960 1912 ‘rhem-flu·
1974 1878 2012 1911 de
2034 1914 2042 1919 ⁸
2071 1915 2075 1918 Δ

341 1926 563 1956 tramiti-,bentii
584 1938 615 1956 ac
637 1925 770 1956 vertendi
802 1935 923 1966 operam
946 1931 1076 1954 nauarat.
1146 1925 1186 1953 Ex
1240 1927 1289 1964 gio
1310 1923 1335 1966 §.
1351 1928 1417 1960 526.

343 1970 501 2002 Herodoto
517 1972 606 2001 etiam
622 1969 761 2012 pleraque
775 1971 805 1999 in
822 1967 922 1998 eadem
939 1970 1074 1998 oratione
1098 1966 1186 1998 surri-
