2183 2747
0 135 61 163 vot.
71 130 93 162 I.
108 139 179 168 290
191 131 216 167 P
231 136 263 164 ΟΥ

649 129 778 169 VARII
829 129 959 168 Hom.
1119 127 1192 166 Lib.
1213 130 1239 166 Z
1270 144 1292 166 c.
1305 131 1418 167 XIII.

1710 145 1770 181 νος

0 240 32 268 et
50 229 171 266 Tomo
200 227 348 278 integro*
364 230 483 270 terno,
526 238 599 264 tum
624 227 692 265 alio
720 231 755 264 in
782 222 884 279 opere
908 224 999 277 quod
1025 223 1218 262 Obeliscum
1242 227 1470 277 Pamphilium
1496 226 1671 278 inscripsit,
1712 227 1766 266 sed

0 285 112 320 Dauus
137 279 376 332 saepenumero
401 279 530 317 videtur
551 294 620 317 non
641 279 808 331 Oedipus:
849 279 933 316 adeo
955 278 1081 315 multae
1105 281 1173 315 eius
1197 279 1418 329 expolitiones
1446 277 1599 316 subnixae
1623 279 1695 317 sunt
1718 282 1764 318 lu.

0 336 92 373 bricis
115 345 148 371 et
170 334 413 371 incredibilibus
435 335 652 376 coniecturis,
691 343 724 369 vt
746 336 838 369 innui
860 335 961 368 etiam
982 329 1078 381 supra
1105 345 1133 366 c.
1153 334 1208 368 XI.
1232 346 1324 368 num.
1347 345 1374 377 3.
1413 334 1574 369 Binorurn
1602 332 1764 370 librorum

0 387 88 424 libris
108 385 388 436 duodesexaginta
410 389 564 422 Pierianis
587 384 809 423 subiectorum
832 387 1006 421 auc‘lorem
1022 382 1139 426 vferunt
1168 383 1313 422 Coelium
1337 385 1560 433 Augustimmt
1581 386 1765 428 Curionem,

0 440 116 490 quibus
139 444 172 476 in
193 438 407 490 Lugdunensi
430 442 492 476 Ao.
514 442 607 476 1626.
630 450 661 475 et
676 436 941 475 Francofurtensi
958 441 1021 473 Ao.
1043 441 1133 481 1678.
1157 436 1300 473 editione
1323 437 1447 474 adnexa
1464 436 1535 474 suin
1552 438 1765 475 Colleclanea

0 492 266 544 Hieroglyphica
286 493 347 540 [If]
376 490 428 529 sex
455 491 544 528 libris
565 492 710 541 vndique
734 491 857 541 digesta
879 489 935 526 sub
963 490 1065 526 titulis
1095 489 1213 526 ordine
1242 490 1462 540 Alphabetico
1488 489 1648 541 dispositis
1664 520 1673 534 ,
1711 506 1765 529 ne-

0 543 67 581 seio
92 559 160 596 quo
181 547 317 583 auclore
331 544 370 580 ⁵).
426 546 509 581 Sunt
531 556 562 581 et
586 548 618 580 in
644 545 796 580 manibus
823 543 1031 581 eruditorum
1057 545 1239 579 hominum
1255 544 1430 579 Laurentii
1445 545 1600 592 Pignorii
1613 543 1640 576 t)
1667 546 1765 580 etIo-

0 598 116 634 hannis
134 600 296 639 Μασανίἱ,
324 598 527 647 Chtfletit'que
549 595 683 647 scripta,
714 598 829 647 quibus
850 596 962 633 lucem
984 598 1109 632 arcanis
1133 593 1328 646 quibusdam
1354 608 1385 632 et
1414 594 1556 632 obscuris
1583 600 1765 647 Aegyptio-

0 663 77 687 rum
99 651 198 688 literis
220 663 252 688 et
276 652 391 701 figuris
415 648 535 686 afferre
562 654 672 686 conati
698 647 792 693 sunt,
819 665 836 686 e
860 650 977 700 quibus
1000 651 1173 698 Pignorius
1202 652 1237 684 in
1267 648 1472 699 expositione
1491 647 1629 686 Mensae
1649 649 1766 687 Isiacae

1 718 34 755 p.
51 716 102 748 44.
123 719 194 741 non
218 704 378 741 diffitetur
394 733 404 747 ‚
443 703 677 753 Horapollinis
704 703 806 739 nostri
834 705 1065 740 aucfforitatem
1090 715 1251 752 magnam
1281 701 1370 752 apud
1394 699 1424 738 se
1444 700 1549 738 fuisse.
1630 706 1768 739 Vtinam

0 770 80 794 vero
103 760 136 793 in
158 757 268 794 lucem
292 755 487 807 prodiiil'ent
505 758 612 792 Iacobi
643 756 784 792 Vindeti
805 756 909 804 Angli
929 752 1192 798 obseruationes,
1219 769 1299 805 quas
1324 754 1363 791 ad
1391 754 1556 791 Plutarchi
1581 753 1704 791 librum
1726 755 1769 792 de

2 808 84 846 Iside
104 821 136 846 et
159 809 288 847 osiride
310 814 358 845 vii·
379 809 497 846 dorius
522 806 776 858 conscripserat,
805 811 1032 858 Kircheroque
1057 805 1282 893 opposuerat,
1326 819 1359 844 vt
1386 805 1452 858 ipse
1479 808 1611 844 testatur
1632 810 1699 845 Lib.
1726 808 1768 845 de

2 866 66 898 vita
90 860 286 899 functorum
310 863 390 897 statu
414 877 443 912 p.
463 874 506 906 17.
563 863 716 909 Denique
741 863 876 897 Iacobm
901 861 1068 909 Masenius
1087 876 1103 893 v
1156 864 1189 896 in
1207 858 1340 910 speculo
1354 864 1543 910 imaginum
1559 865 1699 898 veritatis
1712 875 1769 898 oc-

2 915 111 951 cultae
134 915 218 950 libro
240 926 271 950 et
295 917 400 964 capite
429 912 518 950 sexto
543 914 812 963 Hieroglypliica
842 915 930 950 Hori
955 912 1121 963 Apollinis
1145 914 1235 949 breui
1263 917 1409 964 epitome
1436 914 1694 964 comple-(stitus,
1737 926 1768 951 et

4 971 81 1004 hine
109 966 184 1004 inde
212 966 358 1002 illustrat.

6 1034 80 1071 pag.
100 1033 122 1057 1.
138 1033 167 1056 2.
189 1017 238 1056 ed.
263 1021 389 1056 Geneu.
419 1019 536 1066 Harl]

271 1135 357 1168 VIII.

35 1147 106 1174 Hori
111 1149 216 1183 plum.

414 965 563 1014 [Iudicia
586 966 626 1002 de
647 966 873 1018 Horapolline
900 966 1038 1017 collegit
1063 965 1292 1018 Pope-Blount
1318 970 1353 1003 in
1376 964 1523 1004 Censura
1552 966 1611 1004 cel.
1640 969 1765 1005 auclor.

412 1134 514 1168 Fuere
539 1143 571 1168 et
596 1142 724 1182 praeter
746 1129 843 1181 supra
866 1134 1077 1174 nominatos,
1111 1132 1164 1167 alii
1187 1132 1324 1182 plurimi
1344 1132 1427 1169 olim
1449 1134 1539 1168 Hori
1560 1131 1770 1176 noini11e‚x)

292 1196 327 1221 vt
347 1186 465 1220 Horas
487 1186 642 1232 Cynicus,
671 1198 770 1234 quem
795 1184 991 1233 loquentem
1014 1183 1139 1220 inducit
1163 1188 1196 1220 in
1225 1185 1448 1221 Saturnalibus
1475 1186 1668 1221 Macrobius
1697 1187 1770 1232 [Sa-

7 1244 92 1274 turn.
112 1238 137 1271 I.
161 1250 231 1288 cap.
248 1240 298 1285 7.]
327 1238 408 1274 Hor
428 1237 495 1274 fiue
517 1238 653 1280 Herus,
680 1235 863 1286 Episcopus
887 1237 1091 1285 Origenista,
1124 1237 1212 1286 apud
1234 1240 1489 1283 Hieronymum
1511 1237 1551 1274 ad
1574 1237 1770 1288 Ctesiphon-

6 1297 73 1325 tem
94 1300 208 1326 contra
229 1291 433 1340 Pelagianos.

489 1291 599 1332 Orus,
628 1304 729 1340 quem
750 1289 862 1325 laudat
886 1291 1071 1338 Stephanus
1095 1291 1295 1336 Byzantinus
1320 1294 1352 1325 in
1374 1289 1526 1339 Ἀθῆναί.
1579 1291 1672 1327 Alius
1689 1294 1771 1327 item

5 1340 122 1377 Horas
143 1341 210 1379 fiue
238 1344 330 1380 Orur
352 1343 418 1380 fiue
444 1343 552 1379 Orion
578 1346 824 1379 Grammaticus
847 1342 1016 1385 Miletius,
1051 1353 1083 1378 et
1111 1342 1192 1378 alter
1210 1344 1413 1386 Thebanus,
1440 1354 1471 1379 et
1494 1346 1606 1379 tertius
1630 1344 1772 1380 Alexan-

4 1392 138 1439 dnum,
165 1394 206 1433 de
227 1397 344 1448 quibus
359 1396 554 1446 Sylburgius
571 1395 613 1432 ad
626 1395 909 1445 Etymologicum
923 1397 1095 1445 Magnum
1119 1393 1163 1430 9).
1219 1393 1355 1439 Nescio,
1383 1398 1446 1431 vtri
1462 1409 1500 1431 ex
1520 1397 1572 1431 his
1589 1395 1772 1441 tribuenda,

51 1543 87 1577 s)
109 1543 254 1585 Excerpta
277 1554 313 1574 ex
327 1544 546 1574 Chaeremonis
563 1542 755 1582 ἱερογλυφικοῖς
775 1538 862 1571 euol-

5 1584 81 1616 uiss'e
97 1585 126 1616 se
152 1586 249 1618 refert
270 1586 405 1618 Erasmus
426 1589 458 1617 in
479 1587 594 1626 Adagio
611 1586 726 1630 festina
743 1585 830 1616 lente.

53 1678 84 1709 t)
108 1672 216 1715 Mensa
240 1675 340 1712 Illaca
361 1676 519 1705 Laurentii
550 1675 688 1713 Pignorii
713 1683 865 1703 commen-

10 1719 89 1747 tario
105 1713 269 1754 illustrata}
294 1727 410 1748 mutato
426 1717 536 1754 titulo,
560 1718 676 1759 saepius
693 1719 733 1747 est
749 1715 865 1752 excusa,

11 1763 148 1792 venetiis
166 1766 243 1799 1605.
269 1761 406 1792 Francos.
425 1767 507 1796 1638.
520 1761 639 1791 Amstel.
655 1765 737 1798 1669.
752 1773 782 1799 4.
807 1762 865 1790 Au-

10 1805 108 1835 &ores
129 1804 231 1847 plures
246 1828 258 1842 ‚
291 1808 346 1847 qui
370 1807 446 1836 hanc
473 1814 502 1836 et
524 1805 597 1835 alias
619 1804 734 1836 tabulas
758 1815 867 1835 monu-

10 1857 172 1889 mentaque
195 1858 368 1891 aegyptiaca
390 1849 541 1892 explicare
556 1858 607 1880 aut
624 1848 767 1888 euulgare
785 1848 866 1878 susti-

11 1900 162 1929 mierum,
187 1896 358 1924 nominatos
381 1896 515 1935 reperies
536 1895 567 1923 in
595 1894 729 1925 Fabricii
752 1891 867 1924 Biblio-

10 1938 138 1978 graphia
167 1939 338 1978 antiquaria
366 1947 431 1979 pag.
454 1949 504 1975 42.
527 1936 568 1978 sq.
592 1946 622 1968 et
648 1948 714 1979 pag.
733 1941 798 1974 965.
823 1935 866 1977 sq.

13 1980 86 2010 edit.
110 1983 163 2012 111.
188 1992 320 2022 quorum
343 1992 488 2012 numerus
512 1982 560 2017 iis,
583 1983 638 2022 qui
657 1982 754 2011 nostra
769 1989 865 2010 aetate

13 2027 46 2053 in
69 2026 300 2064 inuestigatione
323 2027 576 2066 enarrationeque
606 2034 704 2056 terrae
735 2034 764 2054 et
791 2026 867 2054 anti-

15 2070 139 2109 quitatis
167 2071 358 2111 aegyptiacae
387 2067 495 2099 versati
528 2068 620 2105 sunt,
652 2067 741 2099 facile
763 2069 868 2107 augeri

15 2114 119 2154 potest.
164 2116 204 2144 Vt
227 2115 321 2152 igitur
340 2112 493 2144 iablonsk.
516 2115 548 2145 in
571 2114 705 2143 Pantheo
728 2123 791 2151 aeg.
815 2113 870 2142 Hi-

16 2157 119 2186 storias
143 2165 173 2187 et
198 2159 362 2188 Memorias
385 2156 485 2188 societ.
509 2168 571 2196 reg.
596 2155 685 2187 Paris.
733 2155 870 2197 Inscript.

16 2199 156 2239 Mailleti,
167 2201 336 2231 Niebuhrii
349 2200 541 2242 aliorumque
552 2202 689 2232 historias
699 2210 750 2231 aut
763 2203 873 2230 itinera

16 2247 172 2280 omittam,
197 2244 305 2274 addam
320 2245 531 2275 tantummodo
554 2245 759 2276 leburton.
775 2246 806 2274 in
831 2242 871 2272 le-

16 2291 138 2331 gatione
170 2289 258 2318 Molis
287 2289 392 2318 diuina
419 2287 481 2319 vol.
498 2291 534 2319 11.
562 2297 637 2330 part.
660 2291 683 2319 1.
743 2289 871 2318 Comitis

18 2332 108 2371 Carsti
123 2331 297 2371 Sammhmg
311 2344 371 2362 von
384 2331 615 2374 Aegypnschen‚
640 2331 871 2367 Hetrurisclien‚

17 2374 232 2406 Grieehischen
256 2377 318 2406 und
347 2375 527 2407 R'omischen
558 2376 809 2412 Alterthi'unern,
837 2385 873 2404 ex

17 2421 176 2460 interpret.
199 2419 341 2450 theotisca
355 2443 363 2456 ‚
387 2420 580 2459 Noribergae
607 2423 688 2459 1766.
706 2431 735 2456 4.
765 2419 833 2450 se&
850 2421 874 2448 I.

18 2472 104 2504 pagg.
121 2467 169 2493 66.
192 2462 253 2505 sqq.
277 2468 288 2499 (
301 2463 481 2499 lVachtcri)
505 2466 641 2500 Naturae
659 2472 688 2495 et
712 2462 876 2505 scripturae

66 2515 136 2548 Vol.
156 2514 186 2546 I.

1687 1463 1772 1500 quae

913 1541 1121 1581 concordiam,
1137 1541 1252 1583 Lipsiae
1262 1549 1292 1572 et
1304 1541 1436 1572 Hafniae
1453 1551 1530 1582 1752.
1546 1554 1576 1580 4.
1591 1541 1660 1574 sest.
1671 1553 1693 1574 1.
1708 1542 1773 1573 vid.

915 1595 978 1627 cap.
994 1584 1052 1626 seq.
1076 1584 1100 1626 ᾗ.
1116 1595 1139 1622 ς.
1163 1585 1258 1617 Harl.

961 1634 1002 1665 v)
1027 1632 1060 1659 ln
1079 1628 1205 1660 Masenii
1228 1627 1356 1670 Speculo
1382 1630 1550 1668 imaginum
1573 1637 1628 1660 etc.
1650 1639 1713 1671 cap.
1731 1637 1777 1667 58.

917 1683 983 1715 pag.
1000 1678 1167 1711 682--696.
1190 1673 1265 1703 edit.
1284 1677 1358 1706 1681.
1374 1673 1485 1703 exstant
1509 1683 1632 1714 quoque
1648 1673 1773 1715 Horap.

918 1716 1168 1759 Hieroglypliica.
1214 1717 1325 1748 Heum.

961 1766 1004 1797 x)
1028 1764 1072 1792 De
1103 1761 1193 1792 Horo
1218 1759 1505 1790 Valentinianorum
1532 1759 1603 1790 vide
1627 1761 1774 1802 Epiphan.

918 1804 1031 1836 haeres.
1051 1807 1160 1836 XXXI.
1185 1816 1209 1834 c.
1231 1814 1268 1839 ις.
1314 1806 1434 1846 Nempe
1457 1804 1591 1834 Christus
1615 1805 1682 1845 iplis
1709 1812 1775 1835 erat

914 1846 972 1888 ’ἔρος
993 1858 1021 1879 et
1036 1847 1166 1888 ἑροθίτης,
1192 1848 1269 1879 ibid.
1294 1857 1356 1886 ατ.
1404 1847 1526 1879 Fabric.
1544 1847 1654 1878 Horas
1676 1847 1776 1890 philo-

918 1893 1046 1935 sophus,
1069 1895 1181 1922 amicus
1198 1893 1366 1926 Symmachi
1379 1914 1387 1927 ‚
1413 1890 1465 1922 lib.
1478 1894 1515 1922 ΙΙ.
1532 1893 1615 1933 epist.
1627 1902 1671 1929 39.
1691 1892 1775 1924 Heu-

919 1947 1022 1967 mann.
1039 1937 1116 1966 adde
1132 1936 1277 1968 Ματιόὺ.
1298 1938 1414 1966 Saturn.
1432 1938 1505 1966 11.2.
1529 1946 1557 1976 p.
1569 1945 1630 1971 350.
1647 1936 1777 1967 ed.Zeu-

920 1992 968 2011 ne.
1014 1979 1146 2016 Ho'rus,
1175 1982 1322 2015 Lycaonis
1351 1978 1455 2016 filius,
1494 1978 1677 2021 Apollodori
1698 1978 1776 2011 Bibl-

921 2025 974 2056 lib.
990 2027 1042 2055 111.
1061 2034 1123 2065 cap.
1142 2031 1166 2058 8.
1183 2034 1261 2054 nr.1.
1298 2023 1396 2055 Harl.

963 2073 1004 2109 y)
1027 2068 1111 2098 Adde
1132 2067 1333 2103 Fabricium,
1364 2066 1444 2097 infra
1470 2064 1530 2097 vol.
1547 2067 1583 2097 X.
1606 2076 1672 2108 pag.
1682 2077 1730 2105 42.
1749 2071 1780 2099 et

924 2112 1021 2144 Henr.
1041 2110 1153 2149 l'alesii
1169 2111 1422 2142 Eniendatiomim
1440 2109 1509 2141 libr.
1520 2113 1556 2140 V.
1580 2113 1779 2142 aBurmanno'

926 2160 963 2188 11.
990 2150 1211 2194 Anistel.'t74·>.
1229 2167 1257 2193 4.
1282 2155 1398 2191 editos,
1421 2164 1486 2196 pag.
1506 2163 1561 2191 153.
1576 2165 1644 2184 cnm
1664 2163 1735 2185 nota
1750 2157 1779 2186 et

927 2204 1068 2231 Burman.
1093 2201 1124 2228 in
1141 2199 1296 2230 Addendis
1321 2210 1387 2241 pag.
1403 2209 1460 2234 235·
1482 2198 1534 2228 vbi
1559 2199 1679 2228 Codicis
1695 2198 1781 2228 liscu-

926 2243 994 2275 rial.
1013 2245 1200 2273 mentionem
1227 2243 1307 2273 facit.
1356 2244 1437 2273 Hori
1453 2241 1651 2272 Alexandrini
1670 2244 1781 2273 Ortho-
1837 2274 1840 2275 ⁷

925 2290 1049 2330 graphia
1071 2289 1218 2317 excitatur
1240 2297 1256 2316 a
1273 2287 1425 2328 Stephano
1440 2288 1605 2321 Byzantina
1627 2289 1657 2316 in
1679 2288 1782 2315 Ταινκ.

926 2345 985 2370 ρος,
1010 2334 1103 2372 inque
1123 2330 1267 2361 biblioth.
1285 2329 1462 2371 ll‘l‘onts'huc.
1483 2328 1609 2359 Coislin.
1633 2340 1699 2371 pag.
1716 2341 1777 2369 597.

928 2378 1005 2406 eirca
1029 2376 1080 2405 fin.
1104 2383 1133 2405 et
1154 2386 1179 2416 p.
1197 2380 1260 2408 286.
1306 2377 1339 2404 In
1364 2373 1577 2414 Alontsbnron.
1596 2373 1783 2403 Bibliotheca

930 2418 1116 2450 Coisliniana
1138 2429 1173 2448 cx
1186 2419 1255 2449 cod.
1274 2425 1334 2457 357.
1352 2419 1406 2458 qui
1419 2419 1555 2447 continet
1572 2415 1782 2447 collectionem

931 2462 1122 2496 diuersorum
1146 2465 1346 2505 interpretum
1372 2464 1402 2491 in
1419 2462 1586 2502 Aphthonii
1602 2472 1781 2503 progymna-

1098 2509 1130 2543 Ο
1679 2504 1782 2541 stuata,
