2183 2747
0 2511 4 2596 l

694 153 879 191 HESiom
917 151 1179 192 ED1T10NES.
1416 154 1545 190 mn.
1563 162 1630 194 aa.
1735 159 1806 203 σο,

159 252 290 304 Hefiodi
317 248 494 301 Tageioerk
514 262 592 286 zum
615 250 783 286 Gabraueh
805 252 863 286 der
883 250 1121 301 Sebufjugend,
1158 252 1215 285 mit
1235 252 1331 285 cenem
1359 269 1412 276 -
1440 249 1806 300 W5rterverzeicl1msr,

57 306 141 343 edin
161 318 223 341 von
241 307 270 342 I.
286 305 461 353 Gottfiw'ed
474 305 589 346 Hans,
614 305 718 340 Conr.
737 301 868 340 scholae
885 304 1103 354 Schneeberg.
1131 300 1277 354 Lipsiae,
1306 309 1396 350 1789.
1423 309 1454 346 Β.

161 365 199 399 ln
215 363 449 411 Gnomologia,
471 376 573 413 quam
594 361 695 399 edidit
714 363 822 399 Nicol.
840 363 938 397 Ionae
950 363 1100 409 Salanus,
1126 358 1240 411 Vpsal.
1265 363 1355 406 1656.
1384 367 1417 402 8.
1445 358 1518 398 sunt
1542 374 1676 412 quoque
1693 360 1804 408 Heste-

56 418 89 453 aa·
105 415 336 453 memorabilia
353 415 438 452 dieta
457 426 489 452 et
504 416 642 452 illustres
660 413 846 451 sententiae.
881 413 946 450 vid.
962 414 1076 450 Famis·
1098 414 1272 451 historiam
1294 413 1494 450 litteraturae
1512 427 1650 464 graecae
1671 417 1706 450 in
1729 416 1808 451 Sue-

57 472 117 506 cia.
146 467 258 521 Vpsal.
294 481 385 516 ¹779.
412 482 443 515 4.
470 483 503 519 p.
521 475 571 513 87.
595 480 627 505 et
647 466 732 504 infra
749 467 788 503 ad
809 481 879 518 cap.
898 469 952 503 XI.

159 530 277 580 Neque
291 538 423 571 tamen,
450 527 526 564 licet
543 526 671 577 singula
688 523 814 562 saecula
831 539 848 561 a
863 529 981 562 renatis
999 526 1113 562 litteris
1128 522 1292 575 insignem
1307 523 1493 562 editionum
1510 525 1645 563 tulerint
1658 530 1804 577 copiam,

55 583 121 618 huc
135 595 235 632 vsque
252 581 350 632 plena
373 591 404 617 et
426 584 568 617 omnino
593 580 769 631 probabilis
791 578 890 615 exstat
913 582 1068 615 omnium
1092 591 1235 628 operum
1260 576 1496 615 hefiodeorum
1518 578 1630 615 editio.
1692 582 1803 618 Etiam

56 637 105 677 iis,
125 648 208 685 quae
224 634 276 671 vel
292 633 386 670 mole
402 633 566 675 laborant,
594 631 634 668 ad
650 629 891 682 perseclionem
907 632 1013 668 multa
1029 628 1155 667 desunt.
1209 629 1421 667 Desideratur
1436 630 1511 668 edit.
1529 645 1606 667 cum
1622 629 1803 669 scholiassis

56 700 96 723 ex
115 686 283 723 codicibus
300 697 374 722 vett.
392 697 422 722 et
438 685 516 722 edit.
534 684 742 722 Trincauell.
761 684 970 721 emendatior
984 695 1015 721 et
1029 683 1237 734 locupletior.
1289 682 1457 720 Editiones
1472 686 1635 735 principes
1648 684 1804 723 nondum

55 740 175 790 vbique
187 737 261 775 sunt
279 736 348 774 satis
363 738 515 774 adcurate
529 750 757 789 comparatae:
785 737 874 773 haud
890 740 985 787 pauci
1003 735 1131 773 codices
1150 733 1365 787 manuscripti
1382 750 1459 773 cum
1481 735 1614 773 scholiis
1637 747 1668 774 et
1694 737 1806 788 glossis

56 806 117 829 nec
133 806 202 829 non
222 803 424 828 enarratores
441 802 563 827 veteres
578 794 685 840 graeci
705 789 746 826 ad
761 790 986 840 Apollonium
1002 788 1115 826 Rhod.
1129 788 1296 839 aliosque,
1322 799 1353 825 et
1371 791 1592 826 Grammatici
1611 791 1806 841 Lexicogra-

56 847 199 895 phique,
223 847 397 894 praecipue
414 843 456 879 ad
472 841 659 880 scholiastes
675 841 752 880 Hes.
770 842 986 893 corrigendos
1002 854 1033 879 et
1048 840 1329 892 interpretandos,
1355 845 1455 879 etiam
1471 842 1524 878 alii
1541 839 1714 894 scriptores
1731 854 1805 880 vett.

57 898 139 941 (vid.
158 897 366 933 luculentum
382 896 578 945 exemplum
598 900 630 931 in
646 897 836 931 Ruhnkenii
858 895 957 946 Epist.
976 909 1019 931 cr.
1039 897 1062 931 1.
1082 908 1159 945 pag.
1179 897 1266 941 100.)
1282 891 1357 930 sunt
1372 894 1481 931 adhuc
1497 893 1702 934 conferendi.
1752 898 1806 933 De

56 949 197 986 verlibus
212 952 363 998 genuinis
380 958 435 985 aut
451 946 567 998 spuriis
581 950 671 985 rec-*te
685 947 887 984 iudicaturus
911 958 999 984 tanta
1024 948 1133 984 valere
1154 946 1250 983 debet
1270 944 1444 996 sagacitate
1468 951 1590 998 ingenii
1611 959 1644 985 et
1665 962 1805 998 graecae

55 1000 190 1051 linguae
206 1004 338 1052 peritia,
366 1012 524 1052 quantam
541 999 668 1038 adferat
683 998 809 1038 neceffe
825 1000 869 1037 est
886 999 1119 1037 verecundiam
1134 1011 1165 1036 et
1178 999 1399 1050 prudentiam.
1450 1002 1607 1051 Namque
1628 1004 1695 1038 iam
1718 1012 1805 1045 tum,

56 1068 160 1105 quum
179 1053 318 1090 Hesiodi
335 1057 482 1090 carmina
502 1053 758 1104 colligerentur,
785 1051 927 1090 diuersas
943 1051 1038 1090 suiise
1060 1053 1219 1090 lediiones
1240 1064 1337 1103 atque
1358 1054 1650 1104 interpolationes,
1675 1054 1804 1104 (postea

56 1109 193 1151 auctas)
210 1118 242 1143 ct
258 1109 467 1144 tractationes
481 1106 649 1144 interdum
665 1106 811 1143 eiusdem
828 1106 916 1150 loci,
942 1121 961 1142 a
982 1103 1155 1156 rhapsodis
1181 1108 1305 1142 recitari
1327 1103 1455 1149 solitas,
1478 1103 1577 1143 facile
1599 1106 1644 1143 est
1667 1106 1709 1143 ad
1730 1121 1805 1158 per-

55 1157 271 1196 suadendum.
296 1159 377 1204 (vid.
397 1173 528 1210 quoque
546 1163 668 1206 thne
686 1159 726 1196 ad
742 1161 987 1209 Theogoniam
1004 1175 1022 1195 a
1038 1159 1173 1195 Wolfio
1189 1158 1310 1194 editam
1329 1173 1361 1208 p.
1377 1162 1456 1203 150.)
1510 1163 1554 1195 At
1577 1162 1610 1194 in
1636 1169 1723 1197 tanta
1747 1174 1804 1197 an.

56 1216 204 1263 tiquitate
221 1216 291 1262 quis
308 1212 347 1248 de
365 1211 498 1262 singulis
517 1214 658 1249 versibus
676 1224 785 1249 tutum
801 1210 888 1248 ferre
908 1215 1030 1263 poterit
1053 1210 1236 1248 iudicium?
1289 1210 1454 1261 Equidem
1483 1214 1583 1248 tutius
1604 1209 1667 1248 esse
1687 1210 1804 1259 sentio,

55 1263 186 1306 versus.
213 1269 267 1315 qui
293 1263 393 1314 spurii
410 1264 476 1301 siue
501 1268 587 1303 retfle
609 1266 770 1302 habentur
792 1264 859 1301 siue
881 1268 980 1302 etiam
1003 1264 1174 1309 videntur,
1204 1266 1293 1300 vncis
1312 1261 1460 1314 separare
1481 1279 1500 1300 a
1522 1264 1672 1315 reliquis,
1701 1278 1803 1314 quarn

55 1315 115 1356 suo
141 1316 233 1354 sensu
254 1329 351 1368 atque
380 1319 534 1359 arbitrio.
561 1316 655 1369 saepe
679 1319 808 1355 lubrico
832 1329 930 1369 atque
954 1321 1100 1355 incerto,
1127 1316 1328 1366 adroganter
1350 1319 1473 1353 eiicere.
1528 1320 1566 1353 In
1589 1318 1804 1367 mythologia

56 1370 268 1422 explicanda,
297 1370 386 1420 quod
404 1369 619 1407 necessarium
635 1371 679 1407 cst
696 1374 730 1407 in
743 1373 952 1421 Theogonia
966 1382 1053 1407 certe
1069 1369 1241 1415 officium,
1268 1369 1432 1406 lubentius
1447 1372 1586 1416 Heynii‚
1609 1384 1709 1420 quam
1729 1370 1804 1410 Cle·

55 1427 113 1460 rici
129 1424 340 1473 aliorumque
358 1427 520 1460 rationem
536 1422 698 1474 sequerer.
753 1427 842 1461 Nam
860 1427 893 1460 in
915 1422 1147 1460 enumerandis
1163 1433 1292 1459 tantum
1312 1425 1407 1459 variis
1426 1423 1642 1470 lectionibus,
1671 1433 1726 1459 aut
1750 1437 1803 1459 ve·

56 1480 148 1513 ritate
164 1474 368 1526 falsitateque
386 1477 534 1513 lectionis
552 1476 760 1514 diiudicanda
775 1480 870 1514 vnice
885 1475 1023 1520 versari,
1049 1475 1090 1512 ad
1106 1478 1228 1525 ingenii
1245 1474 1382 1525 quidem
1398 1486 1430 1512 et
1444 1475 1633 1524 diligentiae
1654 1474 1802 1518 laudem,

56 1543 125 1566 non
140 1528 180 1565 ad
197 1543 418 1565 communem
434 1530 659 1580 plurimorum
683 1530 851 1567 lectorum
872 1531 1046 1567 vtilitatem
1069 1533 1101 1564 in
1124 1532 1190 1565 hoc
1203 1539 1301 1578 poeta
1316 1541 1419 1577 aeque
1433 1526 1542 1565 saciet.
1594 1529 1647 1564 De
1669 1525 1802 1565 summa

55 1591 87 1618 et
104 1592 216 1618 tamen
232 1581 374 1617 dilucida
389 1580 623 1633 perspicuaque
648 1581 868 1619 dicendorum
889 1583 1045 1618 breuitate
1067 1595 1206 1617 monere
1228 1594 1298 1616 non
1319 1594 1403 1630 opus
1423 1584 1491 1616 erit.
1545 1581 1584 1615 In
1605 1577 1801 1630 fragmentis

79 1647 190 1684 uoque
204 1636 444 1684 Heroogoniae
461 1636 671 1685 aliorumque
692 1647 908 1686 poematum,
935 1650 1019 1686 quae
1046 1635 1129 1671 olim
1151 1631 1415 1670 adscribebantur
1437 1631 1608 1676 Hesiodo,
1640 1633 1801 1683 colligen-

55 1647 124 1726 dis,
150 1686 390 1736 locupletandis
406 1688 720 1739 interpretandisque
734 1686 837 1725 futuri
858 1687 992 1724 editoris
1012 1701 1092 1723 cura
1113 1686 1348 1736 diligentiaque
1369 1683 1556 1721 versabitur.
1620 1686 1673 1720 Sic
1688 1686 1802 1722 Ruhn-

57 1739 168 1773 kmius
183 1741 218 1773 in
232 1739 333 1788 Epist.
350 1743 460 1776 critica
476 1743 500 1777 Ι.
518 1744 551 1776 in
567 1744 675 1777 Hom.
695 1744 858 1788 Hymnos
874 1752 906 1778 et
919 1740 1107 1777 Hesiodum
1126 1754 1194 1776 non
1212 1737 1319 1774 solum
1339 1737 1404 1774 siue
1419 1753 1483 1788 ope
1501 1739 1662 1774 librorum
1679 1748 1711 1774 et
1731 1752 1801 1775 am-

58 1788 219 1839 pliffimae
233 1789 421 1834 doctrinae,
446 1792 512 1829 siue
529 1795 691 1830 beneficio
708 1797 832 1843 ingenii
847 1793 952 1830 multa
971 1797 1005 1829 in
1020 1793 1135 1830 nollro
1159 1802 1256 1842 poeta
1278 1792 1359 1827 bene
1375 1793 1552 1842 explicuit,
1578 1794 1672 1841 eique
1697 1787 1802 1828 felici.

57 1852 107 1877 ter
125 1841 277 1888 restituit,
304 1853 335 1877 et
349 1842 456 1880 versus
468 1842 630 1894 fugitiuos
647 1844 876 1883 subditiciosue
898 1847 1027 1897 aliaque
1049 1847 1262 1882 librariorum
1285 1843 1408 1893 flagitia
1431 1842 1588 1893 sagaciter
1610 1842 1801 1892 indagauit3

57 1891 112 1930 sed
128 1891 399 1943 fragmentorum
416 1909 551 1945 quoque
572 1911 752 1934 numerum
777 1913 795 1934 a
814 1914 835 1950 p
869 1912 935 1943 104.
952 1898 1120 1948 insigniter
1141 1900 1238 1934 auxit.
1297 1898 1468 1946 Qaenam
1494 1895 1555 1931 sint
1577 1896 1705 1944 Hesiodi
1727 1897 1800 1932 reli«

57 1949 149 1994 quiae
164 1959 204 1981 ex
219 1947 348 1995 diuersis
361 1947 522 1989 colleelae,
546 1951 579 1984 in
594 1951 742 1986 biblioth.
759 1951 863 2001 Lugd.
881 1953 993 1988 Batau.
1011 1966 1044 2002 p.
1061 1963 1136 1995 340.
1162 1964 1212 1987 ur.
1228 1963 1275 1996 25.
1295 1948 1466 1998 catalogi,
1492 1947 1646 1998 equidem
1660 1947 1799 1985 definire

58 2012 201 2049 neque0.
255 2000 496 2048 Fragmentum
506 2030 516 2046 ‚
541 2001 630 2051 quod
646 2005 678 2038 in
691 2001 766 2041 edit.
781 2005 935 2040 Loesneri
951 2019 983 2056 p.
998 2018 1070 2051 450.
1087 2017 1126 2040 ex
1139 2003 1315 2038 Plutarcho
1330 1999 1494 2044 adfertur,
1518 2015 1535 2036 a
1548 2001 1742 2038 Burmanno
1755 2003 1797 2038 11.

58 2050 99 2089 ad
115 2051 253 2088 Anthol.
272 2063 371 2088 veter.
391 2052 444 2087 lat.
463 2055 671 2103 Epigramm.
689 2054 740 2091 lib.
758 2058 800 2093 V.
830 2059 935 2106 epigr.
953 2069 1021 2101 ¹⁴2·
1050 2055 1177 2092 editum
1201 2068 1333 2105 quoque
1356 2055 1387 2091 in
1414 2051 1564 2090 Ausonio
1585 2068 1619 2104 p.
1637 2066 1705 2101 533.
1720 2053 1797 2091 edit.

57 2105 186 2146 Tollii,
212 2116 309 2154 atque
329 2102 542 2154 inscriptum,
566 2108 689 2144 Incerli
710 2109 748 2143 de
760 2109 935 2146 Aeratihus
951 2110 1151 2146 Animalium
1178 2120 1219 2144 ex
1239 2106 1396 2156 Hefiodo,
1421 2106 1531 2142 multo
1552 2106 1717 2158 copiosius
1740 2105 1798 2144 do·

58 2158 206 2208 &iusque
225 2157 413 2195 illustratur.
448 2157 543 2194 Adde
566 2161 744 2198 Ruhnken.
765 2162 862 2212 Epist.
876 2165 976 2198 critic.
992 2165 1015 2200 1.
1041 2174 1116 2211 pag.
1137 2173 1184 2196 ιη
1203 2157 1247 2208 sq.
1298 2161 1414 2195 Latent
1429 2173 1562 2209 quoque
1578 2162 1611 2195 in
1625 2159 1798 2197 nonnullis

58 2209 263 2247 bibliothecis
286 2209 442 2246 codicum
464 2210 658 2248 collationes
678 2224 732 2249 aut
752 2217 902 2250 virorum
924 2214 1105 2251 doc‘korum
1130 2210 1373 2249 obseruationes
1393 2213 1551 2256 MSStae,
1578 2226 1606 2248 e.
1624 2226 1654 2259 g.
1668 2223 1797 2262 praeter

59 2275 131 2306 ens,
158 2276 237 2313 quas
260 2265 328 2298 iam
353 2268 717 2308 commemorauimus,
745 2269 778 2302 in
804 2266 970 2315 Catalogo
995 2266 1213 2303 bibliothecae
1227 2262 1458 2312 Lugd.Batau.
1474 2277 1552 2315 pag.
1570 2277 1634 2309 33¹-
1661 2278 1712 2301 nr.
1729 2277 1796 2310 143.

58 2329 93 2365 p.
109 2327 183 2361 344.
209 2329 260 2351 nr.
278 2329 309 2363 9.
337 2331 370 2366 p.
388 2323 460 2359 348.
488 2330 539 2353 nr.
557 2324 612 2360 88.
639 2320 673 2354 in
691 2318 889 2355 bibliotheca
903 2317 1074 2361 Bernensi,
1101 2317 1177 2354 teste
1192 2320 1260 2353 eius
1278 2317 1461 2367 Catalogo,
1484 2328 1569 2354 tom.
1586 2319 1610 2354 1.
1625 2331 1701 2368 pag.
1718 2330 1796 2364 299.

59 2367 201 2411 Bernae,
227 2370 322 2413 1764.
378 2370 448 2405 Cel.
471 2369 512 2405 V
510 2370 636 2416 ilsoisim
657 2373 691 2407 in
707 2371 862 2422 Epistolis
877 2369 1139 2414 Vinariensibus,
1164 2370 1298 2412 Turici,
1325 2375 1415 2414 ¹783-
1444 2384 1478 2420 p.
1496 2372 1542 2406 60
1560 2367 1605 2420 sq.
1631 2369 1720 2406 dedit
1734 2373 1799 2407 Va-

58 2422 119 2457 rias
133 2420 310 2465 leffiones,
337 2422 493 2472 exemplo
517 2421 659 2465 Aldine,
685 2423 775 2474 quod
798 2428 833 2462 in
853 2425 1003 2461 biblioth.
1016 2422 1148 2474 publica
1171 2420 1295 2460 lenenfi
1316 2419 1482 2470 seruatur,
1506 2436 1611 2461 manu
1634 2422 1736 2467 olim,
1763 2434 1798 2461 vt

59 2472 218 2516 creditur,
249 2476 310 2511 Ge.
329 2476 501 2514 Schubarti
522 2472 709 2528 adscriptas.

74 2565 89 2574 .,
101 2533 170 2566 701.
184 2533 214 2565 Ι.
960 2528 996 2564 H
1008 2529 1031 2566 h
1056 2529 1080 2564 h
1092 2528 1118 2564 h
1675 2525 1798 2565 Class‘es
