2183 2747
1442 146 1516 183 Lib.
1527 146 1577 182 ῙΙ.
1593 159 1616 185 c.
1627 146 1717 184 XV.
1771 154 1815 190 87

54 149 160 209 voi-13
174 139 345 184 P·5⁶4P563
473 146 882 186 FRAGMENTORVM
916 147 1083 184 ALcar-:r
1115 146 1366 184 Eumonts

53 246 219 298 strophaS,
243 248 299 288 ita,
322 256 358 283 vt
374 247 407 282 in
422 247 535 296 paucis
550 246 709 281 membris
725 258 796 282 non
810 244 937 281 crebras
952 246 1152 281 mutationes
1168 242 1375 287 induxerint3
1403 241 1530 293 Epodis
1544 245 1644 279 etiam
1660 240 1734 279 vsos
1752 239 1815 278 effe

51 298 263 344 breuiffimi53
287 299 381 336 aliter
397 296 508 335 fecisse
526 297 751 334 Stesichorum
777 308 807 334 ct
827 296 1019 334 Pindarum.
1074 296 1166 334 idem
1191 296 1333 347 denique
1353 296 1430 332 ibid.
1447 295 1523 333 sect.
1544 297 1681 332 xxnu.
1698 310 1730 345 p.
1750 308 1813 332 221.

49 355 136 389 inter
149 353 288 399 Lyricos
304 353 510 402 Stesichorum
526 362 559 388 et
575 351 728 388 Alcaeum
744 349 964 388 admiratione
988 349 1109 399 dignos
1134 346 1383 401 (οἱέιοθεοὶτες)
1405 349 1535 385 iudicat.
1563 349 1681 395 Hau-L]
1739 350 1812 383 Ho-

51 404 104 442 die
119 404 204 441 nihil
219 407 316 442 huius
332 407 452 441 Poetae
467 404 569 441 exstat
582 416 711 455 praeter
727 417 892 455 perpauca
911 403 1076 454 quaedam
1089 401 1278 453 fragmenta
1288 433 1298 449 ,
1326 416 1410 454 quae
1424 403 1565 439 collecta
1581 399 1657 438 sunt
1673 415 1691 436 a
1708 402 1811 437 Illicli.

50 458 212 494 Neandro
227 455 273 505 ¹²¹)
287 461 323 494 in
335 457 538 507 Aristologia
556 456 724 494 Pindarica
740 472 773 507 p.
793 468 851 502 425
868 454 914 506 sq.
942 457 1050 492 chr.
1066 457 1226 504 Stephano
1238 454 1273 503 ¹¹)
1289 459 1323 492 in
1341 458 1465 500 Lyricis
1490 469 1522 506 p.
1542 469 1584 493 12.
1600 467 1670 501 419.
1691 464 1722 490 et
1744 466 1811 499 433.

49 527 89 548 ac
104 510 294 561 diligentius
310 526 327 547 a
341 511 466 546 Fuluio
488 510 609 560 Vaefine
625 515 684 551 mm)
702 512 735 546 in
751 510 951 545 carminibus
967 522 1093 545 nouem
1117 508 1292 545 illustrium
1313 506 1543 545 foeminarum
1573 507 1635 554 [if]
1663 517 1694 542 et
1718 508 1810 551 Lyri-

49 578 190 607 corum,
216 577 250 614 p.
270 576 332 600 100
345 561 392 613 sq.
410 576 473 607 300
489 561 535 612 sq.
590 563 805 613 [Fragmenta
822 561 953 605 Alcaei,
980 576 1063 611 quae
1079 559 1266 598 Athenaeus
1281 563 1321 598 ab
1334 564 1468 598 interitu
1484 559 1644 603 seruauit,
1671 559 1810 608 collegit

47 629 81 654 et
94 620 204 653 critice
218 627 317 667 atque
333 619 555 665 grammatice
569 616 743 652 illustrauit
759 615 799 650 cl.
818 615 869 652 M.
888 615 1058 661 Christian.
1075 615 1192 650 Dauid
1203 616 1299 657 Iani,
1328 616 1452 652 Recior
1469 612 1642 660 Gymnafii
1658 611 1753 648 lsleb.
1775 615 1809 648 in

48 671 150 708 tribus
175 668 421 721 prolufionibus
449 666 667 711 scholasticis,
695 667 735 704 de
758 667 899 712 Alcaeo,
922 679 1022 717 poeta
1044 668 1173 713 lyrico,
1205 670 1337 718 eiusque
1360 666 1578 718 fragmentis,
1601 666 1710 703 Halae
1734 666 1807 702 Sax.

46 730 131 768 1780
145 742 198 751 -·
211 729 304 766 1782.
323 735 354 766 4.
409 723 517 758 Locus
534 720 646 757 Alcaei
662 720 800 757 mutilus
817 719 863 756 est
879 719 966 771 apud
983 722 1132 756 strabon.
1148 720 1206 756 lib.
1222 721 1276 756 IX.
1292 734 1371 770 pag.
1387 733 1452 765 411.
1467 726 1565 771 (pag.
1583 722 1649 763 631.
1665 717 1806 763 Almel.)

47 775 150 813 Aliud
175 775 284 810 Alcaei
302 772 426 823 fragm.
447 772 533 824 apud
561 773 699 810 Suidam
721 787 752 809 ν.
770 769 986 823 Τετύφωμοᾳ
1011 771 1167 809 emendat
1193 773 1300 819 Toup.
1328 776 1362 809 in
1385 771 1507 824 Opusc.
1533 775 1634 809 critic.
1659 774 1694 806 in
1716 769 1805 806 Suid.

47 839 132 880 part.
150 829 191 864 11.
210 841 243 877 p.
258 834 328 871 283.
355 825 432 863 edit.
446 824 530 877 Lips,
566 828 616 862 (Ἰ.
634 827 806 875 Salmqfius
821 828 855 862 in
871 825 1019 876 Epistola
1035 828 1106 861 XV.
1125 840 1157 876 p.
1173 837 1222 870 32.
1252 825 1479 874 Epistolarum
1499 825 1587 862 illius
1605 838 1683 861 cura
1701 826 1806 860 Anto-

46 885 94 919 nii
117 881 316 925 Clean-mii,
346 878 453 928 Lugd.
469 881 537 917 Bar.
563 882 654 923 1646.
679 891 708 923 4.
732 892 808 929 pag.
826 891 872 922 32.
901 881 1012 921 „inter
1039 879 1119 920 alia,
1147 880 1272 928 inquit,
1299 876 1366 914 vidi
1388 877 1562 928 Apollonii
1587 875 1804 914 Alexandrini

46 941 77 975 T
79 931 208 982 εχνικοὶ
223 943 256 969 et
269 931 402 969 Arcadii
419 934 636 968 Grammatici
661 945 783 982 opera,
807 934 841 968 in
861 932 996 981 quibus,
1023 933 1200 981 praecipue
1222 933 1256 966 in
1276 930 1486 982 Apollonio,
1509 930 1616 967 multa
1634 932 1803 980 reperiun-

44 997 100 1025 tur
122 990 218 1023 citata
241 985 446 1030 testimonia,
472 984 602 1030 Alcaei,
628 985 829 1033 Sapphonis,
855 985 1033 1024 Corinnae,
1064 984 1280 1026 Rhinffionis,
1307 984 1485 1031 Sophronis
1501 994 1533 1019 et
1553 984 1717 1026 aliorum,
1744 985 1801 1031 qui

45 1041 163 1090 lingua
177 1038 304 1075 aeolica
319 1048 374 1073 aut
391 1036 505 1073 dorica
521 1050 614 1073 mera
628 1035 802 1088 scripsere,
829 1050 869 1073 ex
884 1037 1001 1087 quibus
1014 1035 1139 1072 duabus
1155 1035 1300 1073 dialec'tis
1314 1050 1384 1072 non
1399 1047 1430 1073 te
1443 1037 1523 1074 latet
1537 1035 1719 1074 conflatam
1736 1033 1804 1071 ess'e

42 1106 226 1133 romanam
248 1088 390 1143 priscam
411 1089 621 1141 loquelam.“
645 1090 760 1140 Har-L]
815 1089 985 1127 videndus
1012 1092 1112 1127 etiam
1135 1090 1240 1127 Ianus
1254 1089 1450 1138 Rutgetfius
1474 1103 1545 1140 cap.
1560 1101 1593 1134 4.
1616 1086 1802 1124 Venufina-

1719 1153 1799 1176 sunl

944 1250 1061 1292 miques
1077 1257 1105 1280 et
1131 1254 1229 1279 autres
1250 1249 1339 1279 Grecs
1363 1256 1391 1279 et
1416 1247 1502 1279 latins
1525 1256 1580 1290 par
1599 1247 1636 1277 G.
1652 1246 1685 1277 L.
1703 1246 1740 1277 D.
1755 1243 1798 1277 T-

944 1293 1032 1325 Paris.
1051 1300 1129 1330 1580.
1153 1292 1250 1324 forma
1264 1294 1391 1323 minore.

987 1356 1064 1389 mm)
1080 1353 1210 1385 Fuluius
1226 1351 1366 1394 Vestitus,
1383 1355 1544 1388 Romanus,
1558 1353 1606 1382 vir
1620 1349 1752 1380 eruditus
1767 1355 1797 1379 et

88 1247 136 1284 kk)
157 1246 254 1280 Mica.
271 1247 422 1280 Neander
438 1247 655 1288 Gnomologiae
676 1248 735 1279 fiue
749 1248 890 1279 Aristolo-

42 1294 109 1332 giae
130 1292 318 1329 Pindaricae,
341 1291 423 1322 Bafil.
450 1296 526 1329 1356.
551 1298 575 1326 8.
600 1294 711 1323 Graece
736 1300 765 1323 et
787 1294 890 1323 Latine

43 1347 109 1366 cum
126 1338 202 1366 notis
219 1335 315 1366 editae
330 1335 451 1366 subiecit
465 1335 601 1366 collectas
615 1347 631 1366 a
646 1336 675 1367 se
690 1335 818 1366 aliorum
833 1339 889 1372 Ly-

40 1382 171 1411 ricorum
187 1381 262 1410 vitas
278 1390 309 1409 ac
326 1379 492 1416 sententias,
515 1380 674 1412 Simonidis
688 1392 717 1422 p.
734 1389 796 1417 395.
815 1383 889 1411 Ana-

41 1426 168 1454 creontis
183 1435 211 1465 p.
229 1434 294 1459 4¹0-
329 1423 522 1458 Bacchylidae
537 1435 566 1465 p.
582 1427 649 1461 416.
688 1425 844 1455 Stefichori
860 1436 890 1466 p.

38 1478 104 1504 421.
132 1467 230 1498 Alcaei
248 1479 278 1511 p.
295 1477 366 1503 424.
395 1468 527 1509 Sapphus
547 1479 576 1510 p.
593 1477 664 1506 427.
692 1477 721 1498 et
745 1468 890 1498 Alciuanis

39 1523 68 1554 p.
83 1521 151 1548 430.
169 1511 277 1553 quibus
293 1511 420 1552 denique
435 1523 463 1552 p.
481 1521 541 1547 43¹-
565 1513 657 1542 vitain
675 1513 756 1547 Ibyci
770 1511 888 1542 subiun-

35 1557 99 1594 git,
121 1554 215 1585 nullas
238 1557 301 1585 eius
322 1554 477 1585 sententias
500 1549 632 1597 reperii-e
653 1555 681 1586 se
697 1555 824 1598 potuisse
847 1563 888 1586 te-

34 1600 134 1631 status.

81 1659 113 1695 ΙΙ)
136 1659 178 1690 H.
193 1657 374 1699 Stephanus
396 1660 506 1689 Graece
528 1666 557 1689 et
580 1660 683 1689 Latine
707 1656 803 1689 edidit
818 1662 888 1690 Car-

36 1704 152 1734 minum
174 1704 331 1734 Poetarum
354 1713 464 1732 nouem
486 1704 609 1738 Lyricae
633 1702 756 1733 Poeseos
777 1703 887 1733 Princi-

37 1758 109 1790 pum
131 1746 293 1786 fragmenta
309 1745 425 1782 Alcaei,
447 1748 599 1788 Sapphus,
622 1747 796 1784 Stesichori,
819 1747 886 1782 Iby-

36 1794 81 1828 ci,
104 1793 312 1827 Anacreontis,
340 1790 540 1827 Bacchylidis,
569 1790 749 1827 Simonidis,
773 1790 885 1821 Alcma-

35 1837 99 1871 nis,
122 1834 252 1870 Pindari,
276 1833 417 1864 nonnulla
432 1836 519 1865 ctiam
539 1833 678 1870 aliorum,
703 1834 885 1871 Archilochi,

34 1878 272 1921 Melanippidae‚
309 1877 443 1914 Telesti,
480 1879 608 1914 Pratini,
646 1879 884 1915 Timocreontis,

33 1923 168 1958 Hybriac
190 1922 351 1958 Cretensis,
386 1921 569 1958 Aristotelis,
600 1923 725 1952 Erinnae
750 1923 883 1959 Lesbiae,

34 1965 142 2008 Alphei
158 1965 350 2001 Mitylenaei,
374 1968 478 1996 incerti
495 1967 525 1995 in
541 1967 770 2002 anacreontem,
793 1965 883 1997 Iulia-

33 2012 67 2041 ni
86 2012 224 2052 Aegyptii
243 2017 270 2039 et
292 2010 464 2040 Theocriti.
509 2008 610 2040 Plures
631 2010 719 2039 huius
734 2008 885 2040 concam-

35 2056 100 2091 nis,
123 2056 239 2089 (Marco
261 2061 289 2083 ct
315 2054 440 2084 Iohanni
462 2055 596 2092 Fuggero
618 2053 754 2089 dicatae)
775 2055 885 2085 exstant

34 2097 179 2128 editiones
203 2097 289 2138 supra
313 2100 343 2127 in
366 2097 492 2128 Pindaro
516 2099 574 2127 iam
596 2104 729 2133 notatae,
759 2108 885 2139 quarum

34 2141 122 2172 binae
136 2139 195 2171 iam
210 2140 345 2172 scribenti
359 2142 433 2170 mihi
452 2140 518 2171 sunt
537 2141 572 2170 ad
586 2152 689 2170 manus
700 2164 708 2177 ,
727 2152 785 2171 vna
802 2141 883 2172 Plan-

33 2187 165 2220 fimana,
187 2187 336 2226 Antwerp.
354 2189 434 2222 1567.
456 2195 496 2214 12.
518 2184 608 2215 altera
628 2184 664 2213 as
687 2184 795 2228 calc'cm
817 2187 882 2216 Pin-

34 2227 98 2258 'dari
123 2228 340 2264 Graccolatini,
373 2228 470 2258 forma
492 2230 626 2264 minore,
657 2228 735 2269 apud
762 2229 884 2259 Paulum

35 2273 214 2314 Stephanum
236 2282 281 2301 an.
301 2276 385 2301 1620,
406 2272 500 2301 editio
524 2281 647 2313 quarta,
672 2271 772 2302 multis
796 2273 883 2302 verli-

1 2336 3 2338 -
33 2315 88 2346 bus
109 2315 146 2345 ad
169 2314 276 2345 calcem
296 2315 416 2345 adieffis
441 2314 636 2356 locupletata,
660 2318 742 2345 cuius
763 2318 883 2357 paginas

34 2357 156 2390 subinde
173 2361 232 2389 cito
247 2359 303 2388 hoc
319 2361 422 2400 capite.
460 2360 575 2388 Exstant
591 2369 618 2388 ct
633 2358 795 2397 fragmenta
812 2361 882 2390 haec

0 2413 2 2423 ’
33 2402 198 2434 Graecolat.
223 2412 258 2432 ex
282 2405 320 2433 H.
336 2403 474 2444 Stephani
496 2401 668 2431 collectione
690 2405 721 2432 in
747 2404 882 2444 Corpore

0 2447 3 2474 ἰ
31 2446 185 2477 Poetarum
208 2447 409 2482 Graecorum,
432 2447 543 2475 Geneu.
563 2449 639 2481 ³614-
662 2445 715 2476 fol.
759 2448 794 2477 Et
812 2447 879 2478 Gal-

0 2489 4 2528 ².
33 2486 102 2522 lice:
121 2489 164 2522 les
175 2489 322 2523 sentences
336 2489 462 2524 illustres
475 2489 524 2521 des
539 2491 642 2523 Foetes
658 2491 802 2534 Lyriques
819 2493 877 2525 Co-

944 1398 1099 1429 MStorum
1115 1397 1258 1427 Codicum
1274 1396 1474 1427 Bibliothecae
1488 1395 1674 1426 Farnefianae
1694 1392 1794 1434 ruspa-

942 1448 992 1472 τοι·
1005 1442 1205 1482 tractatorque
1221 1439 1443 1477 sollertissimus,
1458 1451 1504 1470 an.
1516 1444 1592 1475 1568.
1608 1445 1632 1471 8.
1650 1447 1685 1468 ex
1700 1436 1794 1467 offici·

941 1496 980 1515 na
996 1486 1164 1527 christoph.
1181 1484 1306 1515 Plautini
1330 1485 1422 1515 edidit
1439 1487 1548 1515 Graece
1560 1507 1568 1520 ,
1591 1481 1672 1513 Alex.
1689 1483 1794 1511 Farne-

942 1529 985 1560 fio
1009 1528 1159 1560 Cardinali
1178 1528 1336 1570 inscripta,
1373 1537 1401 1559 et
1421 1528 1590 1567 diligentius
1614 1537 1629 1556 a
1651 1525 1677 1555 sc
1705 1534 1793 1566 quam

943 1573 1091 1614 Stephano
1109 1572 1220 1603 saelum
1239 1572 1335 1602 fuerat
1355 1572 1477 1603 collecta
1502 1574 1636 1611 notisque
1651 1568 1793 1599 illustrata

943 1616 1110 1653 Carmina,
1132 1617 1205 1652 (flue
1228 1615 1390 1655 fragmenta
1413 1618 1510 1658 potius
1534 1616 1720 1647 carniinunn)
1743 1621 1794 1642 no-

941 1670 1010 1691 vem
1031 1660 1191 1703 illustrium
1206 1659 1425 1701 faeminarum
1444 1658 1609 1700 Sapphus,
1639 1657 1796 1690 Erinnae,

940 1704 1078 1746 Myr-us,
1109 1704 1284 1744 lWyrtfflis,
1314 1704 1483 1741 Corinnae,
1519 1701 1681 1743 Teiefillae,
1705 1699 1791 1730 Pra-

940 1748 1053 1786 xillae,
1087 1747 1237 1791 Noffidis,
1260 1747 1404 1788 Anytae,
1427 1752 1457 1778 et
1480 1746 1683 1786 Lyricormn:
1717 1741 1790 1773 Alc·

939 1792 1061 1828 inanis,
1084 1790 1266 1835 Steyichori‚
1289 1793 1416 1831 Alcaei,
1438 1789 1546 1831 Ibyci,
1569 1787 1792 1824 Anacreontis,

938 1835 1129 1872 Simonidis,
1170 1835 1391 1876 Baccliylidis;
1432 1834 1564 1874 Elegias
1600 1831 1727 1872 Tyr-tari
1760 1833 1790 1860 et

937 1879 1122 1911 Mimnermi
1136 1883 1165 1910 et
1180 1879 1323 1911 Bucolica
1341 1878 1450 1909 Bionis
1467 1887 1503 1908 ac
1520 1875 1646 1918 JJOsCJi'l'.
1699 1875 1788 1905 Deni-

937 1933 995 1964 que
1010 1922 1126 1963 Orphei
1141 1923 1295 1965 quaedam
1310 1928 1337 1953 et
1354 1922 1527 1955 Cleanthis,
1549 1930 1585 1951 αι·
1601 1916 1791 1959 Illofilzionis

938 1967 1070 2003 Comici,
1097 1967 1337 2007 Euripidisque‚
1378 1966 1407 1996 T
1404 1963 1581 2000 lieodeffac,
1616 1960 1789 1994 Menandri

938 2015 967 2042 et
981 2010 1122 2042 Plziletae
1139 2010 1200 2046 Coi,
1225 2009 1352 2040 subiecta
1366 2009 1401 2038 ad
1416 2008 1522 2038 calcem
1537 2006 1715 2050 Metaphrafi
1730 2006 1787 2035 Bu-

938 2053 1101 2085 colicorum
1134 2055 1235 2084 Bionis
1258 2064 1290 2084 ac
1320 2052 1433 2083 Moschi
1461 2052 1551 2082 latina
1576 2052 1747 2081 concinnata
1769 2059 1787 2078 a

937 2097 1110 2129 Laurentio
1137 2096 1319 2133 Gambm'a,
1348 2098 1498 2126 Brixiano.
1557 2094 1679 2125 Fallitur
1708 2094 1787 2122 enim

937 2141 1096 2173 Antonius
1117 2139 1264 2183 Tetfferus
1287 2143 1338 2182 qui
1360 2143 1390 2170 in
1413 2139 1613 2170 additionibus
1627 2137 1663 2167 ad
1683 2136 1786 2175 [logia

937 2187 1094 2216 Thuanea.
1115 2193 1186 2214 toni.
1202 2187 1237 2215 11.
1255 2195 1319 2226 pag.
1335 2192 1378 2222 71.
1403 2182 1570 2214 vniuersarn
1594 2184 1666 2213 hanc
1687 2180 1785 2211 Fuluii

937 2230 1033 2259 Vrfini
1052 2228 1256 2258 colleenoncm
1277 2230 1405 2258 carmine
1427 2239 1443 2257 a
1458 2227 1604 2257 Gambara
1623 2223 1784 2266 expressam

937 2273 1035 2303 tradit.
1061 2272 1182 2303 Fabric.
1228 2272 1348 2302 Vrsinus
1370 2282 1442 2301 ⁷:cro
1465 2273 1495 2301 in
1520 2269 1648 2312 Epistola
1669 2269 1784 2298 dedica-

937 2318 1030 2349 toria;
1053 2326 1104 2346 nec
1123 2327 1194 2352 vno,
1218 2317 1269 2351 ait,
1289 2324 1338 2345 aut
1354 2314 1457 2352 altero,
1474 2314 1521 2345 scd
1536 2313 1670 2356 pluribus
1688 2313 1785 2342 msstis

936 2359 1153 2401 exemplaribus
1170 2362 1198 2388 in
1214 2359 1386 2389 huiusmodi
1402 2358 1635 2398 fragmentorum
1651 2356 1783 2386 collatio-

934 2415 970 2433 ne
989 2405 1028 2433 vsi
1054 2402 1165 2432 sumus:
1191 2414 1242 2433 nec
1266 2413 1282 2432 e
1297 2402 1424 2442 vulgatis
1446 2412 1558 2432 tantum
1579 2400 1782 2444 scriptoribus,

931 2447 979 2477 sed
1011 2447 1048 2476 de
1074 2457 1134 2478 non
1166 2446 1252 2479 editis
1282 2449 1371 2479 etiam
1401 2445 1541 2490 pleraque
1570 2445 1779 2487 descripsimus.

927 2491 1024 2525 Harl.
