2183 2747
181 100 245 129 Vnt.
258 99 282 130 1.
295 107 380 149 3³-AE

550 101 741 160 HESIODI
766 101 916 143 AETAS
942 101 1010 140 ET
1036 103 1174 141 CERT.
1202 105 1309 142 CVM
1335 106 1557 146 HOMERO.
1613 111 1748 148 LibJJ.
1765 126 1789 151 c.
1799 122 1830 155 8.
1883 119 1948 165 569

179 207 276 234 tuunt
289 195 335 247 ¹¹).
391 200 498 235 Varro
516 199 652 250 quidem
667 199 754 249 apud
771 202 913 237 Gellium
929 200 984 236 lib.
1004 202 1058 237 111.
1075 215 1145 250 cap.
1164 215 1203 240 ιι.
1221 216 1291 239 non
1309 202 1448 240 dubium
1466 203 1527 242 esse
1544 209 1599 246 ait,
1629 212 1708 258 quin
1727 210 1841 260 aliquo
1861 223 1942 250 tem-

180 263 263 299 pore
280 250 400 287 eodem
419 256 572 301 vixerint,
600 255 700 302 idque
720 268 760 289 ex
778 257 1020 304 epigrammate
1035 255 1091 301 [de
1109 269 1178 305 quo
1198 256 1270 292 vide
1288 258 1453 294 Dodzeell.
1473 259 1513 295 de
1533 260 1633 306 cyclis
1644 264 1850 309 Graecorum
1870 265 1938 305 diss.

177 304 237 339 Ill.
260 302 337 341 l'eest.
356 305 461 352 XVL]
490 304 636 353 ostendi,
663 306 757 356 quod
775 310 809 343 in
823 306 953 358 tripode
967 305 1125 358 scriptum
1142 308 1199 356 est,
1228 312 1284 360 qui
1301 313 1336 346 in
1350 322 1468 348 monte
1483 314 1650 351 Helicone
1665 317 1703 352 ab
1712 315 1863 354 Hesiodo
1879 333 1939 369 po.

178 444 301 476 doctum
327 447 356 476 in
379 444 547 477 Obseruatt.
571 445 691 478 miscell.
719 446 832 486 anglice
854 448 939 478 editis
958 456 1030 479 tom.

178 491 216 520 11.
233 498 274 527 17.
292 496 330 523 ιε.
355 490 485 521 Londini
500 500 578 529 1732.
595 498 619 524 8.
635 503 663 533 p.
681 491 803 533 164sqq.
819 500 846 522 et
861 495 890 522 in
907 492 1031 523 latinum

178 532 343 564 sermonem
365 535 530 571 conuersis,
561 535 676 565 Amstel.
706 545 781 573 1733.
808 536 868 566 vol.
886 539 934 566 [ΙΙ.
958 545 1030 567 tom.

177 578 220 607 111
243 589 272 618 p.
286 587 334 613 353
351 577 410 620 sqq.
427 582 479 620 qui
498 582 634 610 Neutoni
651 579 686 609 de
704 588 797 609 aetate
814 581 934 610 Hesiodi
951 592 1030 611 com-

177 624 362 663 putationem
387 634 403 652 a
427 623 577 653 Bedsordo
595 626 624 653 in
647 623 803 653 Animadu.
835 624 871 654 ad
889 627 1029 656 Neuton:

176 667 236 694 iam
260 665 439 702 refutatam,
464 667 565 697 multis
590 669 705 702 reiicit,
730 676 758 697 et
782 668 806 698 I.
824 668 910 699 Frt'd.
931 668 1030 712 Pfaff,

175 712 416 740 commentation.
428 710 464 740 de
477 711 592 741 ortibus
607 716 636 740 et
650 711 795 741 occasibus
811 712 938 742 siderum
950 713 1029 754 apud

175 754 311 783 aucffores
327 754 454 783 clafficos
470 757 710 784 commemoratis
721 778 730 790 ‚
761 757 920 794 Gottingae
948 761 1027 794 1786.

174 807 203 838 p.
221 807 258 835 27
274 797 332 838 sqq.
349 798 422 828 addc
439 801 473 828 D.
490 800 617 841 Costard
636 802 665 828 in
683 798 898 840 l‘hilofiipliical
913 803 1027 831 Trans-

175 842 286 870 ueiions
303 842 361 871 vol.
381 849 426 878 48.
449 854 522 884 part.
542 845 577 873 11.
601 854 644 873 nr.
666 854 710 878 ἧς.
734 846 786 884 qui
807 844 927 884 quidem
951 845 1026 875 mul-

175 893 210 914 tis
229 886 391 921 connudir,
422 897 453 916 vt
468 887 584 928 probet,
608 887 781 917 methodum
800 887 878 917 illam
902 888 958 918 esse
982 892 1024 919 in-

175 938 300 958 certam:
325 940 419 971 neque
438 939 533 960 tamen
549 931 674 967 dubitat,
698 940 725 961 et
746 931 847 961 calculi
863 940 890 962 et
907 934 1025 963 histori-

173 983 273 1002 carum
288 976 438 1003 rationum
447 975 556 1005 robore
572 977 715 1011 firmatus,
729 975 940 1013 demonstrare,
964 980 1024 1007 He-

173 1016 287 1046 siodum
312 1024 377 1053 580.
396 1020 428 1048 A.
451 1020 484 1048 C.
503 1021 543 1050 N.
562 1022 644 1049 annis
666 1019 812 1054 floruiss'e3
843 1020 970 1062 History
992 1021 1033 1063 of

172 1062 350 1097 Astronomy
370 1067 453 1101 1767.
471 1063 606 1094 London.
620 1075 649 1105 p.
666 1068 711 1098 86.
726 1072 759 1094 vt
772 1063 900 1094 aliorum
909 1066 1022 1096 mathe-

170 1108 347 1135 maticorum
384 1109 513 1137 rationes
548 1117 636 1149 atque
679 1110 836 1150 opiniones
874 1112 1020 1140 omittam.

171 1151 233 1179 lam
251 1158 336 1180 antea
353 1150 479 1181 multum
503 1152 589 1182 studii
611 1163 779 1194 operaeque
801 1153 937 1194 posuerat
966 1154 1020 1185 ΤΙι.

171 1193 326 1234 Robirtlim
349 1194 368 1224 l.
392 1207 431 1224 m.
447 1207 475 1237 p.
491 1197 565 1227 LIX.
586 1198 615 1226 in
632 1197 833 1227 examinandis
855 1198 1020 1228 rationibus

170 1248 227 1279 pro
252 1247 347 1268 aetate
367 1239 511 1269 Hesiodea
535 1241 747 1270 astronomicis.
793 1244 832 1278 Is,
854 1243 1020 1273 rationibus

171 1291 236 1310 cum
253 1282 388 1319 Riccioli,
413 1292 475 1313 tum
499 1285 635 1326 inprimis
648 1287 806 1325 ‘Neutoni,
839 1288 890 1328 qui
916 1287 1019 1328 Hesio-

170 1324 240 1354 dum
267 1326 386 1367 quidem
409 1333 476 1365 870.
501 1331 584 1358 annis
606 1337 672 1358 ante
696 1330 845 1359 Christum
876 1329 1019 1367 collocat,

169 1368 216 1398 sed
232 1371 310 1400 inter
324 1370 404 1401 illius
421 1382 527 1401 aeuum
543 1380 572 1401 et
586 1374 723 1403 Troiana
746 1382 881 1415 tempora
900 1377 952 1404 vix
975 1374 1019 1405 vl-

167 1420 211 1442 tra
227 1416 346 1452 triginta
362 1426 453 1445 annos
467 1415 648 1446 iutercessiffe
665 1417 834 1454 contendit,
868 1419 1018 1454 (Chrono-

166 1455 225 1495 log.
243 1469 270 1499 p.
291 1468 337 1495 29.
354 1463 411 1495 32.)
434 1459 554 1490 vberius
571 1460 716 1498 discussis,
743 1461 913 1499 φαινόμειοι,
941 1474 1018 1505 quae

166 1511 254 1542 pocta
271 1501 372 1533 docuit
390 1506 450 1541 857.
466 1508 533 1540 564.
550 1511 599 1540 385
614 1505 650 1534 de
667 1505 818 1544 Vergiliis,
842 1514 872 1536 et
893 1518 922 1537 v.
945 1511 1016 1544 609.

166 1545 325 1587 explicans,
348 1547 465 1577 tandem
486 1548 654 1585 concludit,
678 1560 714 1579 ex
735 1549 792 1579 illis
816 1549 909 1587 nihil,
932 1551 1014 1593 quod

165 1591 254 1619 aetati
281 1592 344 1621 eius
374 1591 454 1633 apud
479 1594 614 1622 Marmor
633 1593 866 1624 Arundelianum
889 1596 1014 1626 traditae

165 1642 320 1675 repugnet,
344 1635 424 1676 posse
440 1635 557 1673 inferri,
581 1636 629 1667 sed
643 1640 744 1668 omnia
758 1640 799 1668 ita
815 1641 928 1680 optime
944 1651 1013 1670 con-

163 1680 278 1713 venire,
301 1686 334 1708 vt
348 1681 452 1710 mirari
467 1679 562 1718 liceat,
585 1681 664 1711 vnde
681 1682 751 1711 haec
766 1684 793 1712 ei
809 1685 925 1722 cognita
943 1683 1013 1714 fuis-

164 1720 235 1750 sent.
282 1724 428 1764 Denique,
452 1733 484 1754 vt
499 1725 641 1761 ostendat,
665 1728 832 1756 Homerum
848 1734 936 1768 atque
953 1731 1012 1758 He-

166 1763 279 1793 fiodum
301 1765 349 1795 vel
378 1767 483 1797 iisdem
511 1768 616 1799 vixisse
638 1770 840 1811 temporibus,
880 1771 928 1801 vel
952 1775 1012 1802 He-

166 1806 278 1836 siodum
307 1812 460 1849 perpaucis
492 1813 574 1841 annis
599 1814 792 1853 praecessisse,
829 1825 1013 1854 argumenta,

166 1861 241 1891 quae
254 1862 308 1892 pro
326 1854 460 1882 Homero
481 1857 648 1895 antiquiore
670 1857 860 1894 adferuntur,
884 1863 1013 1890 curatius

165 1895 304 1935 expendit
319 1904 346 1925 et
363 1898 467 1926 reiicit.
514 1900 692 1935 Argumenta
706 1902 894 1932 autem'sumi
908 1903 1012 1940 solent,

165 1943 189 1971 ι)
216 1949 250 1967 cx
268 1938 386 1968 diuerso
403 1939 458 1969 stili
476 1941 653 1978 chamere,
670 1943 705 1972 ad
722 1944 803 1984 quod
816 1945 1011 1977 refellendum

163 1984 258 2012 vtitur
278 1983 404 2013 Fabricii
421 1985 512 2014 nostri
538 1984 650 2015 iudicio
673 1987 850 2029 verbisque,
882 1989 967 2031 supra
982 2003 1011 2033 p.

163 2030 212 2062 96.
231 2026 368 2068 prolatis:
401 2034 430 2063 2)
448 2039 463 2057 a
482 2028 634 2058 vocabulis
657 2031 833 2071 quibusdam
850 2033 886 2062 ab
909 2036 1012 2065 Hesio-

163 2069 202 2100 do
220 2070 383 2112 vsurpafis,
419 2083 495 2113 quae
513 2072 628 2102 saeculo
650 2076 814 2106 Homerico
834 2076 880 2107 vel
905 2081 934 2108 in
959 2079 1011 2109 vsu

163 2114 293 2144 nonduin
310 2114 405 2152 fuiss'e,
431 2115 477 2146 vel
494 2116 641 2146 diuersam
658 2118 694 2148 ab
709 2120 772 2155 ista,
797 2132 885 2161 quam
901 2125 934 2153 in
951 2126 1010 2153 He-

162 2158 243 2188 fiodo
261 2159 414 2196 obtinent,
446 2169 513 2190 tunc
533 2164 674 2202 temporis
696 2163 935 2200 significationem
960 2168 1010 2197 ha-

163 2202 254 2232 buisse
270 2204 486 2233 existimantur:
503 2207 532 2234 in
547 2215 604 2245 qua
620 2205 728 2236 haeresi
744 2206 801 2237 fuit
818 2208 904 2240 Dan.
915 2210 1007 2241 Heia>

153 2245 218 2287 stus
232 2247 268 2276 ad
286 2245 356 2283 'Ep-s.
373 2258 439 2285 229.
477 2253 504 2283 3)
527 2259 542 2277 a
560 2248 675 2279 diuersa
696 2254 858 2291 quantitate
883 2254 1009 2285 nonnul-

162 2287 256 2319 larum
280 2290 474 2328 syllabarum,
514 2292 595 2333 quod
624 2296 781 2335 praecipue
811 2296 952 2328 Clarkius
972 2298 1008 2328 ad

161 2334 287 2364 Homeri
306 2333 338 2365 11.
354 2334 393 2369 β’.
409 2346 455 2372 43.
472 2346 592 2374 vrguet:
614 2346 647 2373 4)
659 2337 695 2367 ab
710 2348 746 2368 eo
762 2338 900 2381 denique,
925 2342 1006 2382 quod

161 2377 256 2407 eidem
270 2381 348 2416 genti
363 2379 535 2421 populoque
550 2380 682 2411 diuersos
698 2384 770 2412 ritus
785 2391 812 2413 et
828 2396 925 2415 mores
944 2388 1006 2416 Ho-

161 2430 258 2451 merus
273 2431 360 2464 atque
376 2424 520 2455 Hesiodus
543 2424 722 2456 adtribuant.
776 2429 811 2458 At
834 2428 877 2459 his
900 2431 938 2460 ita
961 2440 1005 2461 re·

208 2496 276 2530 Vol.
298 2497 327 2530 I.

1860 371 1939 410 situs

1085 449 1208 492 spondet
1223 450 1387 488 Robinson,
1411 461 1443 483 vt
1462 453 1583 492 doceat,
1613 457 1688 488 nihil
1710 469 1746 490 ex
1770 461 1805 490 iis
1831 462 1935 499 fluere,

1085 505 1145 535 quo
1161 496 1212 526 fiat
1226 504 1358 532 certum,
1391 499 1557 529 Homerum
1582 502 1711 533 Hesiodo
1734 503 1818 534 fuisse
1841 514 1934 537 aetate

1084 538 1277 580 superiorem.
1324 542 1359 570 At
1375 543 1453 571 enim
1468 552 1503 571 ne
1525 552 1607 574 extra
1627 545 1705 577 oleas
1727 550 1814 578 nimis
1838 559 1933 580 extra-

1084 585 1185 621 vagari
1200 583 1366 620 videamur,
1390 584 1514 616 lectores
1539 589 1575 618 ad
1597 589 1679 620 illam
1701 591 1933 626 dissertationem

1084 626 1263 665 ablegamus,
1289 637 1316 657 et
1334 630 1393 658 iam
1410 629 1495 671 supra
1510 642 1538 672 p.
1554 642 1589 669 95
1607 633 1666 675 sqq.
1682 636 1826 676 quaedam
1849 638 1931 669 adtu-

1083 669 1344 712 limus.-—Atque,
1356 684 1386 702 re
1402 685 1462 703 nou
1476 679 1599 707 omnino
1616 687 1693 709 certa
1709 680 1932 724 explorataque,

1083 714 1182 745 saltem
1203 715 1303 746 multis
1319 716 1419 753 dubia,
1443 721 1631 759 quorundam
1652 723 1809 754 dodtorum
1834 727 1930 758 homi-

1082 770 1152 788 num
1171 763 1298 790 rationes
1313 762 1506 801 opinionesue
1522 767 1552 794 in
1568 766 1700 797 medium
1726 769 1862 810 proferre
1885 774 1930 802 iu-

1082 811 1140 833 vat.
1207 803 1298 834 Edit).
1324 804 1461 847 Simson,
1493 808 1649 840 Eusebium
1671 811 1827 854 sequutus,
1871 818 1929 846 He-

1081 847 1154 877 siodi
1170 856 1294 878 aetatem
1315 848 1443 888 adsignat
1465 853 1498 880 A.
1516 855 1557 882 M.
1576 863 1655 892 3¹99-
1678 859 1710 886 A.
1734 859 1766 887 C.
1794 860 1834 889 N.
1859 865 1929 897 804.

1079 890 1139 920 Cel.
1167 891 1290 923 Saxius
1321 901 1445 923 aetatem
1477 896 1600 928 Hesiodi
1631 899 1740 930 adserit
1764 904 1797 932 A.
1827 905 1864 933 Ο.
1895 906 1926 935 C.

1078 937 1145 964 circ.
1172 946 1259 971 3090.
1285 944 1314 966 et
1347 939 1379 967 A.
1404 940 1437 968 C.
1465 941 1505 969 N.
1534 951 1605 979 909.
1669 946 1774 975 Parum
1807 946 1929 979 discedit

1077 979 1280 1020 Hamberger
1295 983 1324 1010 in
1340 982 1451 1012 kurzen
1475 985 1676 1017 Nachrichten
1699 999 1759 1019 von
1780 990 1836 1021 den
1858 1003 1928 1023 vor-

1076 1023 1227 1053 nehmsten
1262 1024 1486 1057 Schriftssellern
1517 1036 1588 1059 tom.
1619 1032 1641 1061 1.
1679 1043 1744 1073 pag.
1767 1043 1808 1070 3¹-
1829 1038 1866 1065 'n.
1893 1038 1926 1067 A.

1076 1069 1118 1097 M.
1143 1074 1229 1104 3084.
1252 1077 1317 1098 ante
1343 1071 1374 1099 C.
1401 1072 1440 1101 N.
1459 1081 1532 1108 900.
1578 1074 1672 1105 Lami
1697 1078 1727 1105 in
1745 1077 1828 1108 Delle
1844 1078 1926 1110 Deli-

1075 1114 1120 1141 zie
1135 1112 1181 1142 dei
1198 1114 1281 1142 Dotti
1306 1121 1334 1142 ct
1356 1113 1433 1153 degli
1461 1116 1587 1154 Eruditi,
1611 1126 1665 1149 art.
1681 1121 1703 1150 1.
1727 1119 1762 1150 de
1783 1123 1926 1162 Hesiodo,

1075 1167 1118 1186 nr.
1136 1167 1156 1185 1.
1170 1165 1294 1186 aetatem
1316 1156 1395 1187 illius
1413 1159 1527 1190 confert
1543 1163 1573 1191 in
1595 1173 1640 1191 an.
1657 1171 1724 1194 ante
1745 1166 1777 1195 C.
1800 1176 1873 1204 944.
1889 1170 1924 1199 A.

1076 1200 1200 1237 Mundi,
1226 1210 1311 1236 3059.
1333 1202 1384 1231 vbi
1401 1203 1499 1233 editor
1513 1204 1549 1234 de
1573 1214 1666 1236 aetate
1681 1216 1708 1237 et
1730 1208 1766 1238 de
1788 1212 1850 1240 vita
1865 1214 1925 1242 He-

1075 1244 1148 1274 fiodi
1169 1246 1199 1274 in
1215 1247 1292 1274 notis
1308 1247 1453 1287 copiosius
1470 1250 1538 1287 egit.
1556 1266 1599 1273 —-
1618 1250 1730 1293 Iakson
1744 1255 1774 1283 in
1789 1254 1926 1286 Chrono-

1075 1286 1133 1326 log.
1151 1287 1383 1326 Alterthumcrn,
1399 1302 1426 1331 p.
1441 1298 1495 1326 508
1512 1292 1571 1334 sqq.
1588 1304 1623 1323 ex
1641 1297 1793 1337 interpret.
1820 1299 1926 1330 Wind-
1960 1294 1963 1303 ⁵

1074 1333 1178 1369 hemii,
1204 1335 1294 1363 variis
1316 1342 1451 1364 veterum
1473 1339 1692 1369 narrationibus
1716 1340 1924 1384 sententiisque

1074 1376 1110 1406 de
1126 1384 1220 1406 aetate
1237 1377 1359 1408 Hesiodi
1374 1387 1461 1420 atque
1478 1382 1604 1411 Homeri
1621 1384 1766 1414 recensitis
1780 1394 1809 1416 et
1830 1390 1922 1418 ratio-

1073 1421 1159 1450 nibus
1176 1424 1205 1450 in
1224 1422 1375 1452 Marmore
1400 1424 1538 1454 Arundel.
1564 1428 1603 1455 ita
1629 1426 1794 1465 subduffis,
1825 1439 1857 1461 vt
1880 1431 1921 1461 se-

1072 1465 1201 1494 cundum
1216 1464 1289 1494 illud
1306 1467 1451 1496 Hesiodus
1467 1471 1577 1499 vixerit
1592 1478 1659 1500 ante
1676 1473 1707 1501 A.
1725 1474 1756 1502 C.
1772 1478 1840 1511 936,
1856 1478 1919 1505 Ho-

1071 1520 1169 1539 merus
1184 1517 1282 1539 autem
1298 1518 1363 1539 ante
1380 1512 1448 1540 Chr.
1465 1522 1574 1551 n.907‚
1598 1524 1632 1544 ex
1647 1518 1781 1546 omnium
1792 1520 1920 1550 testimo-

1070 1556 1126 1583 niis
1143 1552 1301 1589 concludit,
1327 1556 1492 1585 Homerum
1510 1557 1630 1598 quidem
1654 1568 1747 1589 aetate
1771 1564 1919 1603 antiquio-

1068 1607 1144 1634 rem,
1174 1605 1203 1627 at
1221 1605 1318 1627 tamen
1332 1599 1461 1629 Hesiodo
1477 1600 1628 1641 aequalem
1645 1601 1739 1640 fuisse,
1763 1614 1791 1635 ct
1806 1614 1918 1638 vtrum-

1069 1652 1127 1682 que
1143 1640 1272 1671 floruisse
1287 1652 1312 1671 a.
1327 1644 1394 1672 circ.
1411 1651 1477 1673 ante
1497 1646 1527 1674 C.
1544 1656 1572 1674 n.
1587 1656 1643 1682 9¹0
1659 1657 1781 1685 -920‚
1801 1658 1851 1680 aut
1865 1650 1918 1682 ali-

1068 1694 1142 1726 quot
1156 1688 1238 1715 annis
1253 1694 1329 1715 ante.
1376 1689 1510 1718 Marmor
1526 1688 1599 1719 illud
1616 1689 1755 1731 illamque
1776 1691 1837 1724 fere
1852 1696 1917 1726 lak-

1068 1729 1219 1759 sonianam
1244 1733 1497 1771 computationem
1526 1732 1685 1774 sequuntur
1702 1738 1808 1767 Comes
1832 1737 1919 1771 Carli

1067 1775 1097 1802 in
1117 1773 1239 1815 epistola
1253 1774 1288 1803 ad
1304 1776 1416 1805 March.
1439 1777 1604 1807 Grauisium
1628 1778 1711 1815 data,
1742 1780 1916 1824 italicaeque

1067 1818 1269 1856 Theogoniae
1291 1819 1418 1848 versioni
1440 1822 1586 1860 praesim,
1616 1830 1644 1852 et
1660 1823 1818 1855 Bernarcl.
1845 1827 1916 1858 Za-

1067 1871 1188 1901 mcigna
1217 1864 1247 1891 in
1270 1861 1362 1903 praef.
1384 1863 1421 1893 ad
1444 1865 1675 1903 Theogoniam,
1704 1879 1769 1897 cum
1791 1869 1914 1912 reliquit

1067 1905 1188 1935 Hesiodi
1211 1907 1388 1935 carminibus
1412 1907 1529 1937 editam.
1586 1912 1662 1939 Mire
1687 1913 1779 1949 igitur
1800 1913 1915 1946 diuersa

1065 1951 1149 1979 omni
1164 1958 1298 1990 tempore
1312 1959 1340 1980 et
1355 1959 1488 1980 veterum
1504 1960 1532 1981 ct
1547 1956 1744 1988 recentiorum
1761 1955 1798 1986 de
1819 1966 1913 1989 aetate

1068 1993 1190 2023 Hesiodi
1213 1993 1333 2024 fuerunt
1348 1994 1472 2024 iudicia:
1505 2004 1536 2025 vt
1564 1998 1623 2026 iam
1647 1997 1777 2030 Lucian.
1799 2003 1829 2031 in
1855 2004 1911 2033 De-

1067 2038 1171 2067 mosth.
1184 2040 1326 2067 Encomio
1343 2049 1403 2079 cap.
1420 2049 1447 2074 9.
1465 2047 1535 2068 tom.
1547 2042 1596 2070 111.
1608 2052 1636 2082 p.
1646 2052 1717 2081 497.
1735 2044 1780 2074 ed.
1792 2047 1911 2084 Reitzii,

1066 2080 1246 2119 Pausanias
1260 2083 1362 2111 Boeot.
1380 2083 1438 2111 siue
1455 2081 1505 2112 lib.
1523 2086 1573 2114 IX.
1590 2096 1650 2127 cap.
1666 2097 1711 2121 30.
1723 2099 1751 2129 p.
1769 2093 1835 2126 768.
1851 2093 1912 2121 ani-

1065 2125 1298 2154 maduerterunt.
1363 2126 1444 2155 Adde
1471 2126 1589 2159 Carena
1611 2130 1692 2160 d’eta
1719 2132 1746 2160 (Γ
1761 2136 1873 2163 Omero
1895 2146 1912 2165 e

1065 2168 1091 2197 d*
1103 2168 1219 2204 Eiiodo,
1242 2171 1271 2198 in
1291 2168 1502 2200 ,additamentis
1518 2171 1568 2201 ad:
1594 2175 1722 2204 Vicende
1738 2175 1812 2206 della
1830 2177 1910 2208 lette-

1063 2220 1174 2248 ratura,
1198 2213 1227 2241 di
1251 2212 1337 2241 Cario
1362 2215 1493 2250 Denina,
1527 2217 1602 2246 Luca
1627 2222 1704 2255 1753.
1729 2235 1770 2243 —
1795 2221 1912 2260 Effigies

1062 2255 1186 2294 Hrfiodi
1199 2258 1281 2285 estin
1298 2256 1402 2297 Vrsini
1417 2259 1595 2297 Imaginibus
1619 2260 1777 2292 illustrium
1798 2276 1842 2294 nr.
1866 2270 1911 2299 68.

1063 2307 1090 2328 ct
1105 2294 1135 2328 in
1153 2301 1288 2329 Gronou.
1313 2300 1472 2331 Thesauro
1491 2305 1608 2347 Antiqq.
1624 2316 1719 2344 graec.
1736 2310 1771 2338 II.
1793 2319 1840 2338 22.
1860 2310 1912 2341 vbi

1061 2354 1089 2372 v.
1106 2344 1242 2372 Gronou.
1267 2343 1360 2374 Harl.

1104 2386 1137 2420 d)
1162 2385 1249 2416 Conf.
1263 2386 1316 2417 Du
1335 2388 1413 2418 Ρονιι
1427 2389 1462 2419 ad
1478 2392 1682 2436 Theophrasti
1696 2395 1833 2427 charmin.
1849 2408 1911 2441 cap.

1061 2432 1111 2461 VI.
1127 2441 1155 2472 p.
1172 2431 1431 2467 329.‘Heunmnn.

1141 2498 1202 2532 Cc
1229 2510 1279 2535 cc
