2183 2747
105 204 390 241 vaur-amun
658 201 722 239 DE
758 200 968 240 SPHAERA
1006 197 1308 237 EMPEDOCLIS.
1466 197 1539 234 Lib.
1554 197 1602 233 II.
1624 209 1703 233 012.
1813 204 1871 240 3¹7

464 300 827 338 SPHAERA
891 299 1142 334 VETVS
1193 295 1520 338 GRAECA,

344 376 384 410 Q
435 374 558 398 seer.
610 371 865 396 rroazrwrr:
912 359 1265 396 CHRISTIANO
1320 367 1625 392 1NTERPRETE.

374 455 390 479 1
447 439 547 494 HIC
574 436 719 475 siderum
750 437 837 474 ordo
861 436 907 473 est
935 439 1091 474 aetheris:
1116 438 1214 474 Circa
1238 434 1360 487 polum

524 493 644 528 Ardios
672 491 750 528 duas
779 494 812 527 in
840 503 929 541 terga
956 501 1138 541 vergentes,
1163 488 1226 526 fitu

445 546 628 582 contrario
656 544 859 588 caudarum,
889 547 1034 580 inerrans
1062 542 1199 580 flexibus

448 600 551 635 Coire
577 598 735 649 prohibet
762 601 906 634 inuicem
934 597 1081 647 obliquis
1109 597 1235 632 Draco.

375 667 392 702 5
452 651 504 687 Ad
533 654 695 701 impetum
724 653 821 687 huius
848 649 1025 687 dexterum
1054 648 1240 699 Engonasis
1264 647 1385 700 pedem

449 705 579 748 Habet,
605 716 767 754 caputque
794 714 932 754 propter
959 704 1130 753 Ophiuchi
1157 712 1267 752 caput,

449 760 514 808 Qi
540 755 690 794 frontem
714 759 801 793 acuti
829 758 960 806 Scorpii
988 755 1167 806 ingreditur
1191 754 1293 804 pede:

448 812 538 846 Dein
566 809 626 847 ssat
653 808 760 846 vrsam
789 823 880 859 pone
909 812 1075 846 maiorem
1104 805 1243 858 sequeus

448 862 589 900 Custos:
613 862 653 899 ad
683 865 780 898 huius
808 865 915 911 Virgo
945 862 1002 898 stat
1029 861 1174 909 vestigia,

348 930 393 954 10
448 918 644 967 Cererisque
673 911 801 952 aristam
831 913 996 965 fulgidam
1024 913 1166 964 praefert
1193 927 1306 950 mauu.

448 971 541 1006 Haec
568 973 652 1006 inter
675 969 756 1005 astra
777 967 889 1004 forma
914 971 948 1004 in
975 968 1093 1004 orbem
1115 970 1251 1002 vertitur

448 1024 641 1058 Humerum
669 1025 808 1058 Corona
834 1020 1011 1057 dexterum
1041 1020 1171 1057 Arcturi
1198 1032 1315 1069 prope,

448 1077 607 1126 Superior
633 1089 742 1126 angue
763 1088 866 1124 quem
896 1087 998 1110 manu
1023 1074 1249 1121 Anguitenens
1273 1082 1381 1107 tenet:

445 1129 588 1166 Maioris
615 1126 716 1164 Vrsae
744 1126 823 1163 iusta
847 1125 1035 1176 postremos
1064 1124 1163 1176 pedes

348 1192 391 1226 13
448 1179 539 1217 Infra
565 1181 697 1217 volutus
724 1185 843 1230 igneus
868 1181 948 1215 iacet
970 1182 1050 1215 Leo.

445 1233 509 1270 Sed
537 1236 669 1270 Cancer
695 1237 779 1268 iutra
807 1231 919 1268 media
947 1230 1081 1268 solstitia
1108 1228 1234 1266 adiacet

448 1289 612 1333 Geminis,
639 1284 696 1322 sub
721 1283 822 1322 Vrsae
848 1284 986 1335 pedibus
1009 1283 1249 1320 anterioribus:

449 1343 574 1389 Auriga
598 1342 698 1389 capiti
725 1336 868 1375 subiacet
894 1340 993 1374 trucis
1021 1335 1121 1378 ferae,

447 1393 625 1442 Plantaque
648 1394 755 1428 Tauri
778 1390 953 1428 dexterum
975 1403 1082 1427 cornu
1107 1389 1247 1439 premit:

347 1457 394 1482 20
448 1447 600 1482 Laeuum
628 1447 728 1481 huius
755 1458 889 1481 armum
915 1442 1057 1494 poffidet
1081 1440 1245 1478 nutricula

451 1501 541 1535 Iouis
569 1498 716 1548 Capella,
744 1501 865 1548 cuique
893 1508 1003 1548 gratus
1032 1498 1155 1546 Iupiter

447 1553 553 1588 Caelo
580 1555 689 1601 p0tius
714 1554 797 1587 inter
823 1550 904 1586 astra
926 1550 1044 1586 locum
1072 1546 1173 1585 dedit.

527 1604 681 1640 Succedit
704 1603 866 1647 Hoedus,
892 1613 924 1640 et
946 1603 1043 1640 habet
1065 1599 1199 1638 inferius
1223 1597 1342 1634 locum

446 1659 487 1694 In
514 1658 580 1694 fine
607 1659 733 1694 brachii
757 1668 790 1694 et
816 1670 918 1694 manu
946 1659 1089 1705 Aurigae
1108 1653 1232 1689 Vltima.
1261 1650 1318 1699 [if]

350 1723 393 1758 25
451 1712 541 1747 Arc‘ti
567 1713 707 1747 minoris
735 1723 825 1760 pone
852 1708 1062 1760 postremum
1089 1704 1210 1757 pedem

449 1766 603 1813 Cepheus
631 1763 775 1814 figuram
799 1762 938 1799 conficit
961 1760 1154 1810 Trianguli.

442 1817 549 1852 Manu
574 1815 733 1866 fugacem
761 1815 896 1852 dextera
923 1826 1055 1864 captans
1079 1825 1190 1855 auem,

446 1869 514 1904 Sub
538 1873 628 1904 cuius
657 1869 744 1905 alam
771 1868 883 1916 dirigit
910 1868 1030 1918 pedem
1059 1869 1169 1908 Ferus,

453 1921 565 1969 Qem
588 1921 698 1957 media
716 1921 781 1957 late
800 1919 943 1957 Piscium
974 1919 1086 1956 vident
1108 1919 1192 1954 loca.

349 1982 395 2015 30
447 1973 500 2007 Sic
527 1971 586 2008 issa
612 1970 701 2008 sedes
729 1972 877 2021 pondere
902 1972 1066 2010 astrorum
1094 1973 1200 2021 gemit

449 2027 543 2073 Qae
569 2024 653 2061 dieta
673 2023 780 2075 supra,
807 2038 958 2075 quaeque
984 2039 1072 2062 nunc
1094 2020 1282 2060 nouiffime.

451 2078 558 2114 Suum
579 2089 654 2115 ante
676 2079 851 2129 Cepheum
873 2078 1035 2130 Caffiepia
1063 2074 1174 2114 sedem
1198 2074 1304 2112 habet.
1818 2126 1846 2163 E

1851 2136 1862 2164 t

154 2255 183 2279 ἢ.
205 2260 248 2287 23.
279 2252 380 2292 ἒριφοι)
409 2251 468 2283 Alii
488 2252 611 2284 Hoedos
633 2262 759 2292 vocant,
788 2253 854 2285 sunt
877 2255 958 2285 enim
1013 2255 1148 2294 [Quippe
1162 2259 1198 2280 ex
1213 2248 1374 2280 Aristotelis
1393 2244 1603 2287 descriptione:
1627 2245 1728 2287 καρπός
1742 2248 1783 2277 ε’ςι
1799 2259 1858 2284 χει-

111 2292 207 2323 stdlae
225 2294 299 2323 duat
317 2299 347 2326 in
358 2308 448 2326 manu
456 2298 643 2328 Erichthonii
653 2301 789 2337 Aurigae.
835 2299 890 2329 Sed
903 2299 957 2328 [ἰη-
1009 2297 1053 2338 pis
1069 2296 1270 2335 κμὶβρκχῖονῡῑ
1283 2291 1392 2333 ἇρᾶξᾶν,
1417 2290 1561 2321 il‘nffm‘a
1575 2300 1685 2321 manu-³
1699 2301 1766 2322 sum
1783 2291 1859 2323 bra-

112 2335 243 2375 gutarem
259 2337 328 2369 fecit
350 2343 438 2370 etiam
459 2341 618 2378 Manilius,
641 2350 670 2372 et
696 2344 884 2383 Propertius,
907 2342 958 2371 lib.
1013 2341 1078 2372 chio
1087 2340 1154 2381 siue
1167 2337 1277 2368 cubito.
1323 2338 1417 2377 Atque
1431 2337 1462 2364 in
1479 2335 1532 2364 hac
1545 2333 1606 2375 ipsa
1621 2334 1720 2365 Hoedi
1743 2335 1857 2378 conspi-

113 2381 151 2410 11.
173 2381 278 2412 Purus
294 2388 323 2413 et
339 2384 448 2419 Orion,
469 2395 569 2423 purus
592 2389 620 2415 ct
643 2385 775 2417 Haedus
798 2386 868 2416 erit.
912 2387 958 2414 Sic
1013 2386 1141 2419 ciuntur,
1164 2381 1278 2422 aliquot
1301 2379 1387 2410 stellis
1408 2380 1512 2410 tertiae
1536 2378 1746 2417 magnitudinis
1770 2390 1855 2411 coru-

114 2434 170 2466 pro
185 2424 309 2467 piscibus
327 2426 410 2470 saepe
431 2427 539 2459 Piscem
552 2428 687 2467 legimus.
1011 2427 1130 2459 stantes.
1152 2424 1330 2462 Hederich]

158 2479 188 2499 v.
211 2479 260 2506 24.
282 2473 386 2512 χαριεῖ)
417 2473 455 2504 ln
492 2472 619 2504 brachio
644 2474 836 2504 Germanicus
872 2472 958 2509 dixit,
1055 2482 1085 2501 v.
1099 2479 1148 2508 27.
1171 2468 1303 2510 Ὀρνίᾶα)
1327 2469 1380 2510 qui
1394 2465 1485 2505 vulgo
1500 2465 1639 2507 Cygnus,
1661 2467 1774 2497 Ouidio
1785 2467 1857 2499 Mit-

116 2512 242 2543 Auieuue
265 2517 400 2558 expreffit
426 2515 546 2557 nupsi-dv,
581 2528 648 2549 eum
671 2520 727 2549 ait:
765 2518 822 2549 fine
845 2527 958 2548 manus.
1012 2525 1081 2553 uus,
1103 2512 1272 2546 Ptoiemaeo
1291 2511 1553 2555 Gallina-dicitur.
1579 2509 1744 2544 Hederich.

158 2578 235 2623 ’ναι
248 2591 279 2624 1.
1085 2586 1113 2621 L
1126 2585 1140 2622 1
1161 2581 1225 2621 111
