2183 2747
62 133 126 162 Vol.
141 133 162 163 ῐ.
175 141 202 167 p.
215 132 346 169 ⁴72P⁴73
730 129 884 168 AVREA
921 131 1149 170 CARMINA.
1428 137 1501 175 Lib.
1512 140 1555 177 ῙῘ.
1572 153 1593 176 c.
1605 153 1646 178 ιι.

1751 153 1816 192 803

59 238 152 275 ¹788.
173 243 217 267 12.
228 250 279 257 —-
297 228 467 266 Hierokles
481 228 668 265 Schnurren
685 228 775 265 nebst
790 231 1061 292 ciuem-'Anhang
1078 243 1177 291 neuer
1193 231 1381 292 Sehiiurren
1399 231 1454 270 fiir
1471 234 1588 286 lussige
1606 237 1709 278 Leser.
1739 242 1812 292 Lip.

58 281 134 327 fiae,
162 290 316 328 1788-12·
341 303 394 310 —
426 284 458 319 l.
474 283 516 318 F.
534 282 678 330 Heynaz
697 281 814 318 eadem
837 297 944 323 αςειοι
974 280 1306 325 recensuissedicitur
1327 287 1483 331 Berolini,
1519 302 1608 334 1774·
1623 299 1653 333 8.
1686 295 1810 345 Harl]

161 352 246 388 Sane
260 354 340 388 haec
354 348 423 402 ipsa
439 353 587 388 carmina
604 364 701 387 aurea
716 349 771 383 ⁵³⁵)
787 361 856 387 tam
871 353 1083 388 vehementer
1098 349 1130 388 se
1144 353 1328 403 probarunt
1342 354 1463 392 iudicio
1481 358 1636 395 Iohannis
1653 360 1811 413 Aurispae

57 406 114 454 qui
130 405 328 442 Hieroclem
344 407 472 455 primus
486 404 587 440 latine
601 402 760 445 reddidit,
788 415 821 440 vt
838 405 872 439 in
887 404 1024 454 epistola
1048 403 1089 440 ad
1110 406 1290 442 Nicolaum
1307 409 1346 446 V.
1363 405 1490 451 scribat,
1515 408 1547 446 se
1564 414 1699 450 iamiam
1717 420 1810 454 octo.

56 458 339 506 genarium.nihil
355 469 409 493 aut
422 471 539 507 graece
561 467 617 492 aut
638 457 739 492 latine
763 455 893 506 legiffe,
919 455 1009 507 quod
1029 461 1136 508 magis
1158 457 1214 494 sibi
1237 457 1397 508 profuiffe
1422 462 1596 512 intelligat.
1647 466 1811 506 Hieroclis

55 509 252 559 quibusdam
267 511 348 547 locis
366 509 478 546 lucem
497 507 649 546 adfundit
669 511 815 544 Meritus
833 510 1037 558 Casaubonus
1061 525 1094 561 p.
1111 512 1179 556 336.
1201 511 1242 547 ad
1260 513 1428 550 Laertium
1449 515 1599 553 editionis
1621 523 1808 568 praeclarae

54 563 319 607 Vss'etstenianae,
353 575 383 599 et
407 565 593 599 Lambecius
613 561 668 598 lib.
686 563 758 597 Vll.
785 573 1003 601 commentar.
1029 562 1069 599 de
1094 563 1243 601 biblioth.
1261 564 1512 604 Vindobonenfi
1534 584 1567 620 p.
1584 583 1643 614 131.
1667 585 1728 616 133.
1759 577 1805 626 [p.

55 621 121 656 280
141 613 210 666 sqq.
239 615 313 652 edit.
329 615 494 664 Kollarii,]
522 616 574 651 vbi
599 614 751 654 testatur,
777 617 810 650 in
832 615 891 652 illo
908 613 1059 651 thesauro
1082 617 1217 652 librario
1241 618 1464 667 Augustiffinii
1487 624 1569 672 imp.
1595 629 1727 674 reperiri
1750 642 1805 665 co-

52 666 163 704 dicem
178 670 341 705 Hieroclis
355 672 525 719 optimum
544 669 617 704 MS.
640 681 680 703 ex
702 681 769 717 quo
792 667 867 703 loca
890 665 1037 704 vniuersa
1062 668 1179 705 mutila
1201 668 1351 706 editionis
1371 674 1585 711 Curterianae
1607 674 1751 728 suppleri
1772 692 1806 718 et

52 733 210 772 corrupta
227 720 396 759 emendari
411 732 542 772 queant.
597 722 747 756 Eximius
767 734 901 771 quoque
917 720 1021 757 codex
1039 723 1112 758 MS.
1128 723 1224 758 huius
1242 719 1407 774 scriptoris
1422 730 1567 764 occurrit
1583 731 1615 764 in
1631 731 1803 771 bibliothe-

49 788 88 810 ca
106 775 256 811 Medicea
267 802 276 816 ,
303 789 321 810 e
335 788 402 825 quo
417 778 519 811 varias
535 773 692 810 ledtiones
709 771 883 823 descriptas
901 774 1008 810 habeo
1022 772 1078 809 m).
1133 776 1182 810 Ex
1198 774 1318 811 eodem
1337 777 1451 815 codice
1466 782 1568 816 varias
1587 781 1746 822 leeliones
1761 788 1801 824 ab

50 829 200 863 Antonio
224 829 334 863 Maria
359 827 502 871 Saluini,
528 839 666 876 graecae
689 826 822 874 linguae
849 825 1034 862 Profeffore
1054 827 1266 875 florentino,
1296 827 1471 881 descriptas
1504 838 1629 884 accepit
1646 838 1802 875 Andreas·

51 880 233 923 Daccrins,
260 883 315 929 qui
334 879 483 916 codicem
500 890 667 929 praeterea
683 881 897 914 Curterianae
911 879 1061 915 editionis
1076 893 1093 915 a
1112 879 1313 918 Renaudoto
1327 885 1461 927 nacstus,
1485 889 1581 922 variis
1602 887 1798 929 lectionibus

48 932 180 969 alterius
204 932 326 969 codicis
349 934 436 969 MSti
458 944 610 968 notatum
634 947 652 967 a
675 933 746 968 viro
772 930 894 974 docio,
928 929 1036 968 nescio
1062 946 1149 982 quo,
1179 934 1346 970 Hieroclis
1373 943 1655 978 commentarium
1678 945 1799 993 gallice

48 988 145 1022 vertit
161 996 191 1022 et
207 985 545 1022 animaduersionibus
561 984 750 1028 illustrauit,
777 983 944 1034 ediditque
967 998 1045 1020 cum
1062 989 1126 1021 vita
1147 987 1374 1036 Pythagorae,
1399 1003 1417 1024 a
1442 988 1474 1026 se
1494 991 1653 1031 adornata
1676 1007 1708 1033 et
1729 1011 1797 1034 ver·

46 1037 132 1075 sibus
164 1041 290 1082 aureis,
324 1035 566 1088 symbolisque,
607 1037 730 1088 gallico
759 1035 875 1073 itidem
901 1036 1059 1074 idiomate
1082 1038 1267 1075 luculenter
1296 1042 1480 1090 explicatiS,
1518 1043 1615 1083 Paris.
1637 1051 1726 1093 1706.
1751 1063 1795 1090 12.

47 1089 152 1138 [conf
170 1091 201 1127 le
217 1092 315 1127 clerc
333 1092 482 1128 bstfflofh,
500 1089 597 1127 chois.
614 1101 699 1127 tom.
716 1091 754 1126 X.
781 1104 813 1140 p.
830 1103 876 1136 90
891 1087 959 1140 sqq.
1015 1090 1177 1127 Laudibus
1202 1092 1316 1141 paullo
1334 1093 1592 1145 liberalioribus,
1618 1102 1652 1134 in
1674 1103 1795 1139 Hiero-

45 1145 134 1180 clem
155 1159 172 1180 a
190 1146 332 1180 Dacerio
349 1145 529 1193 congestis,
554 1143 724 1179 detrahere
748 1157 818 1179 non
839 1141 963 1178 dubitat
985 1144 1106 1178 Baltus
1129 1145 1159 1178 S.
1182 1145 1205 1179 I.
1233 1159 1266 1194 p.
1291 1151 1368 1192 496.
1402 1145 1493 1190 libri,
1535 1151 1714 1200 Jugenient
1736 1154 1794 1192 des

45 1198 79 1233 S.
96 1199 128 1233 S.
147 1199 238 1233 Peres
259 1195 310 1232 sur
325 1198 355 1233 la
382 1198 513 1234 Morale
536 1208 566 1232 et
582 1198 611 1233 la
629 1193 838 1246 philosophie
852 1209 1013 1245 payenne.
1042 1197 1250 1246 Strasbourg,
1278 1211 1362 1246 ¹719·
1389 1211 1423 1243 4.
1452 1201 1572 1250 Hora]
1624 1206 1724 1255 Qod
1742 1222 1794 1244 ve.

44 1263 85 1286 ro
102 1248 385 1300 pi‘aestaiieillimus
401 1251 525 1286 Baelius
544 1251 646 1299 probe
664 1259 768 1296 notat,
792 1249 831 1284 ab
847 1248 1008 1284 Hierocle
1023 1252 1055 1284 in
1070 1249 1156 1285 libro
1173 1248 1213 1285 de
1230 1249 1437 1299 prouidentia
1453 1252 1640 1300 adfirmari,
1667 1273 1707 1294 ex
1723 1261 1792 1297 Pla-

43 1306 130 1339 tonis
154 1303 300 1352 magistri
326 1300 371 1338 sui
397 1301 552 1339 sententia
572 1304 638 1338 hoc
661 1298 851 1337 vniuersum
873 1300 1047 1337 conditum
1071 1299 1135 1338 effe
1157 1315 1175 1338 e
1200 1302 1304 1339 nihilo
1318 1302 1403 1347 '⁴“¹‘)‚
1428 1316 1462 1341 vt
1483 1321 1501 1342 a
1523 1307 1667 1346 Platonis
1692 1311 1789 1362 ipsius

43 1359 205 1406 opinione
239 1356 385 1391 alimum
412 1355 468 1403 [if]
496 1354 585 1391 haud
612 1354 758 1390 diffiteor
778 1352 858 1397 ¹¹⁰⁰),
897 1357 940 1390 ita
970 1353 1067 1391 video
1098 1354 1246 1405 pluribus
1283 1357 1466 1393 iunioribus
1499 1360 1674 1398 Platonicis
1703 1367 1790 1402 chri.

41 1406 199 1445 stianismi
224 1408 377 1445 florentes
402 1419 554 1458 tempore
573 1407 668 1443 claris
695 1409 838 1443 minime
861 1404 1067 1456 displicuisse.
1105 1408 1219 1456 [negat
1242 1407 1273 1444 id
1292 1411 1462 1447 Moshem.
1480 1411 1503 1448 l.
1523 1411 1605 1449 infra
1626 1429 1652 1451 c.
1677 1417 1786 1466 §31.]

42 1462 160 1512 Neque
178 1465 266 1497 enim
282 1463 410 1508 Syriani
427 1472 567 1508 tantum,
584 1462 756 1503 Hermiae,
773 1457 937 1496 Damascii
955 1470 986 1496 et
1003 1457 1245 1507 PriscianiLydi
1258 1461 1332 1497 loca
1350 1465 1381 1497 in
1401 1465 1485 1499 hanc
1502 1462 1693 1504 sententiani
1710 1484 1789 1520 pro-

39 1512 105 1551 fert
125 1517 233 1550 Liuius
252 1514 406 1550 Galantes
425 1517 457 1549 ir.
475 1517 727 1563 comparatione
742 1511 868 1549 Theol.
884 1513 1087 1549 Christianae
1101 1527 1178 1549 cum
1203 1514 1370 1550 Platonica
1395 1515 1468 1553 libr.
1486 1519 1540 1554 lx.
1570 1534 1603 1569 p.
1628 1533 1694 1566 237.
1733 1520 1788 1560 sed

40 1569 76 1603 in
98 1567 230 1603 Plotino
250 1569 348 1603 etiam
368 1568 640 1617 Porphyrioque,
666 1565 869 1609 Iamblicho,
895 1565 1015 1602 Proclo
1040 1579 1078 1601 ac
1098 1566 1271 1616 Simplicio
1296 1568 1361 1602 hoc
1385 1566 1570 1607 obseruauit
1591 1573 1788 1622 Radulpkus

40 1620 262 1657 Cadmortlms
285 1622 320 1654 in
343 1616 515 1665 systemate
534 1618 730 1667 intelligibili
751 1616 890 1654 vniuerfi
913 1631 1074 1668 pag-197·
1104 1631 1202 1669 <luem
1221 1618 1292 1655 Vide
1317 1622 1414 1656 etiam
1430 1635 1508 1671 Pag·
1531 1635 1606 1671 749-
1629 1639 1694 1672 75¹-
1716 1640 1784 1675 753·

39 1675 114 1719 763.
132 1669 223 1705 mmm)
277 1673 310 1708 Si
325 1671 512 1709 Claudiano
527 1673 698 1709 Mamerto
721 1669 820 1719 fides,
848 1672 1016 1708 Philolaus
1041 1685 1175 1721 quoque
1197 1674 1435 1722 Pythagoricus
1457 1674 1587 1723 docuit,
1614 1678 1724 1714 Deum
1747 1693 1787 1716 ex

1021 1725 1060 1759 Ii
1086 1726 1144 1759 iii
1173 1737 1191 1760 a
1685 1733 1784 1769 nihilo

84 1830 146 1860 555)
176 1825 218 1856 Ad
246 1829 441 1859 imitationem
472 1830 581 1859 horum
618 1829 883 1870 pythagoricorum

40 1872 203 1900 caminum
222 1870 298 1902 dieta
315 1875 403 1902 etiam
421 1871 483 1902 sunt
500 1875 548 1904 ι’ῖτη
571 1874 665 1912 χρυσᾶ
685 1871 884 1913 Chrysomalli

39 1915 192 1943 cuiusdam
214 1915 291 1956 apud
320 1914 519 1944 Balsamoncm
542 1917 572 1945 in
595 1927 656 1944 can.
680 1917 740 1945 Lx.
761 1916 882 1956 Aposto-

39 1955 97 1988 lor.
136 1958 211 1987 Vide
235 1958 416 1988 Cotelcrium
440 1960 490 1988 111.
516 1966 698 1988 monument.
720 1957 818 1988 eccles.
839 1969 882 1997 gr.

39 2011 70 2043 p.
86 2010 146 2039 57¹.
192 2001 329 2031 Allatiuui
352 2002 387 2030 de
403 2000 540 2031 consensu
564 2013 591 2042 p.
608 2005 671 2036 653.

83 2048 137 2079 m)
176 2044 262 2075 Conf.
284 2044 391 2086 ll'ofit'
415 2043 554 2074 dissertat.
575 2043 755 2086 epistolicam
781 2043 881 2086 paullo

37 2097 105 2118 ante
127 2087 291 2125 laudatam,
328 2097 356 2118 et
385 2099 459 2128 quae
482 2088 523 2117 ibi
549 2087 699 2117 adnotaui.
745 2090 800 2118 Hie
825 2090 882 2118 erit

36 2130 118 2162 idem
134 2132 225 2162 codex
236 2155 245 2169 ‚
268 2143 355 2174 quem
370 2131 488 2161 summis
504 2130 639 2161 laudibus
661 2130 766 2160 extulit
779 2131 882 2162 Lucas

38 2173 214 2217 Hofflenius
227 2179 257 2206 in
274 2176 415 2214 catalogo
432 2174 516 2204 codd.
540 2175 749 2204 rariffimorum
772 2174 880 2204 biblio-

37 2219 138 2249 thecae
155 2220 321 2255 Mediceae,
343 2231 358 2249 a
376 2217 565 2249 Lilienthalio
582 2221 612 2248 in
633 2217 742 2247 sele-&is
763 2218 880 2248 histori-

37 2263 78 2292 eis
100 2271 127 2292 et
149 2262 304 2299 litei-ariis,
335 2264 521 2301 Regiomonti
549 2270 576 2291 et
598 2262 726 2302 Lipsiae,
759 2270 831 2298 ¹715-
855 2267 880 2294 8.

37 2304 182 2337 obseruas.
198 2309 248 2337 IV.
266 2309 393 2349 primuni
410 2307 508 2341 edito,
531 2305 582 2334 vbi
597 2316 624 2345 p.
640 2313 685 2341 95.
701 2303 881 2340 Holssenius,

38 2349 228 2386 »Ηίει-οεὶίς,
262 2352 320 2385 ait,
359 2349 502 2391 expositio
530 2350 561 2378 in
591 2358 714 2377 aureum
753 2357 881 2383 carmen,

38 2392 189 2435 exemplar
213 2397 364 2429 omnium,
396 2400 543 2433 quotquot
571 2391 657 2427 vidi,
689 2390 764 2423 (vidi
783 2400 880 2420 autem

39 2433 147 2476 plui-Q)
161 2437 245 2476 longe
262 2438 513 2472 «.rre6ussimum‚
532 2446 566 2465 ex
581 2446 640 2476 qno
656 2434 767 2464 editum
784 2445 881 2464 exem-

40 2475 126 2553 Zlar}
152 2492 240 2522 quam
265 2480 401 2523 plurimis
423 2479 495 2511 locis
515 2480 665 2518 infiguitcr
691 2478 881 2508 emendaum

75 2530 134 2554 CY-

183 2631 200 2640 s

977 1831 1054 1866 utcu)
1073 1826 1119 1857 Ἐκ
1135 1824 1244 1864 μηδενὶ(
1263 1827 1487 1868 προῖποκαμὲνε,
1509 1830 1644 1864 Photius
1659 1845 1693 1866 cx
1711 1838 1782 1867 Hie-

935 1871 1016 1904 rocle
1038 1884 1066 1914 p.
1085 1881 1156 1910 749.
1188 1883 1216 1902 v.
1233 1881 1263 1909 17
1278 1872 1318 1913 sq.
1347 1884 1375 1914 p.
1392 1882 1459 1911 750.
1490 1886 1518 1905 v.
1545 1885 1583 1914 27
1606 1877 1644 1919 sq.
1667 1890 1696 1920 p.
1717 1887 1779 1917 283.

935 1927 964 1946 v.
982 1927 1029 1953 29.
1053 1915 1123 1945 edit.
1139 1914 1317 1945 Hoeschelii.

978 1963 1054 1995 vvv)
1085 1958 1228 1990 Conferre
1251 1959 1327 1988 haud
1351 1961 1530 2001 poenitebit,
1559 1973 1634 2004 quae
1657 1965 1782 1999 Moshe-

933 2003 1015 2034 mius
1030 2002 1066 2032 ad
1089 2003 1263 2032 Cudworthi
1288 2003 1357 2037 Syst.
1380 2003 1471 2033 intell.
1494 2005 1530 2034 de
1555 2007 1608 2037 hac
1629 2010 1779 2042 Hieroclis

935 2048 1077 2087 opinione
1095 2054 1123 2075 et
1139 2044 1266 2075 Platonis
1287 2054 1385 2076 mente
1408 2047 1443 2077 de
1465 2057 1533 2078 ortu
1551 2061 1651 2082 rerum
1671 2061 1700 2084 et
1716 2065 1777 2085 ma.

934 2093 1025 2119 tei-iae
1041 2089 1197 2128 diligenter
1213 2087 1330 2127 collegit
1350 2098 1378 2120 et
1393 2091 1512 2132 copiose
1529 2094 1702 2137 eruditeque
1727 2109 1776 2130 ex.

933 2132 1048 2174 posuit,
1071 2140 1143 2162 tom.
1159 2135 1194 2162 11.
1208 2134 1238 2162 in
1255 2131 1316 2162 diff.
1332 2133 1491 2174 peculiari,
1513 2135 1538 2177 §
1555 2147 1583 2174 ις
1600 2137 1659 2181 sqq.
1681 2151 1697 2171 a
1711 2153 1778 2184 pag.

932 2186 990 2212 309
1008 2193 1049 2198 —-
1068 2185 1126 2213 3¹9·
1155 2175 1249 2206 Harl.

978 2223 1081 2254 mmm)
1104 2217 1205 2249 Multis
1223 2218 1294 2248 locis
1314 2218 1533 2252 Cutiworthum
1553 2224 1588 2255 de
1609 2225 1707 2258 subtili
1722 2229 1779 2260 hoc

933 2269 1107 2301 argumento
1123 2261 1293 2303 disputasse,
1317 2264 1374 2292 iam
1391 2265 1538 2296 Fabricius
1552 2270 1778 2306 numadum-tiu

934 2314 1022 2346 atque
1040 2305 1173 2346 pluribus
1198 2316 1265 2335 eum
1285 2305 1355 2335 locis
1377 2310 1405 2337 in
1425 2309 1478 2338 hac
1495 2314 1664 2351 quaestione
1678 2316 1773 2347 versa-

934 2357 995 2378 tum
1018 2347 1092 2384 esse,
1115 2348 1252 2385 cuilibet,
1283 2349 1313 2379 id
1335 2361 1408 2392 opus
1430 2353 1626 2393 perlustranti,
1655 2360 1775 2400 patebit.

934 2394 1062 2422 Pertinet
1086 2392 1142 2422 huc
1165 2403 1268 2430 magna
1291 2404 1356 2434 pars
1383 2398 1484 2436 capitis
1509 2403 1622 2439 quarti,
1652 2403 1703 2432 vbi
1726 2403 1776 2434 ille

933 2434 1087 2465 sententias
1106 2444 1238 2466 veterum
1254 2436 1290 2465 de
1307 2448 1366 2467 vuo
1388 2438 1463 2476 deo,
1486 2440 1510 2481 §
1528 2453 1569 2479 ¹4·
1594 2455 1622 2485 p.
1640 2455 1697 2484 347
1715 2446 1777 2489 sqq,

935 2478 970 2508 de
986 2478 1108 2515 mundo,
1126 2490 1183 2509 vna
1197 2490 1262 2510 cum
1277 2479 1332 2510 diis
1347 2489 1426 2512 certo
1443 2492 1575 2527 tempore
1596 2489 1626 2516 ἐκ
1642 2488 1682 2525 μή
1699 2487 1780 2520 ὃίπτωι

934 2521 1031 2559 facio,
1056 2533 1085 2565 p.
1099 2525 1158 2560 364
1171 2522 1232 2567 sqq.
1255 2523 1291 2555 de
1309 2529 1443 2567 patronis
1463 2533 1641 2562 aeternitatis
1664 2534 1778 2572 mundi,

1614 2577 1779 2615 Aristotele,
