<?xml version="1.0" encoding="UTF-8"?>
<!DOCTYPE html PUBLIC "-//W3C//DTD XHTML 1.0 Transitional//EN"
    "http://www.w3.org/TR/xhtml1/DTD/xhtml1-transitional.dtd">
<html xmlns="http://www.w3.org/1999/xhtml" xml:lang="en" lang="en">
 <head>
  <title>
</title>
<meta http-equiv="Content-Type" content="text/html;charset=utf-8" />
  <meta name='ocr-system' content='tesseract 3.04.00' />
  <meta name='ocr-capabilities' content='ocr_page ocr_carea ocr_par ocr_line ocrx_word'/>
</head>
<body>
  <div class='ocr_page' id='page_1' title='image "./bibliothecagraec01fabruoft_0807.png"; bbox 0 0 2183 2747; ppageno 0'>
   <div class='ocr_carea' id='block_1_1' title="bbox 0 351 21 2323">
    <p class='ocr_par' dir='ltr' id='par_1_1' title="bbox 0 351 21 2323">
     <span class='ocr_line' id='line_1_1' title="bbox 0 351 21 2323; baseline 0 0"><span class='ocrx_word' id='word_1_1' title='bbox 0 351 21 2323; x_wconf 95' lang='lat' dir='ltr'> </span> 
     </span>
    </p>
   </div>
   <div class='ocr_carea' id='block_1_2' title="bbox 501 142 1842 198">
    <p class='ocr_par' dir='ltr' id='par_1_2' title="bbox 501 142 1842 198">
     <span class='ocr_line' id='line_1_2' title="bbox 501 142 1842 198; baseline 0.003 -17"><span class='ocrx_word' id='word_1_2' title='bbox 501 143 649 182; x_wconf 79' lang='lat' dir='ltr'>VITAE</span> <span class='ocrx_word' id='word_1_3' title='bbox 677 143 875 181; x_wconf 77' lang='lat' dir='ltr'>PYTHAG.</span> <span class='ocrx_word' id='word_1_4' title='bbox 900 142 1074 180; x_wconf 72' lang='lat' dir='ltr'>SCRIPT.</span> <span class='ocrx_word' id='word_1_5' title='bbox 1109 143 1401 182; x_wconf 81' lang='lat' dir='ltr'>EPIMETRON.</span> <span class='ocrx_word' id='word_1_6' title='bbox 1467 147 1598 184; x_wconf 68' lang='lat' dir='ltr'>Liml.</span> <span class='ocrx_word' id='word_1_7' title='bbox 1619 162 1701 186; x_wconf 65' lang='lat'>1212.</span> <span class='ocrx_word' id='word_1_8' title='bbox 1783 162 1842 198; x_wconf 70' lang='lat'>771</span> 
     </span>
    </p>
   </div>
   <div class='ocr_carea' id='block_1_3' title="bbox 82 238 1843 1815">
    <p class='ocr_par' dir='ltr' id='par_1_3' title="bbox 82 238 1843 1815">
     <span class='ocr_line' id='line_1_3' title="bbox 94 238 1843 294; baseline -0.001 -13"><span class='ocrx_word' id='word_1_9' title='bbox 94 242 305 281; x_wconf 72' lang='lat' dir='ltr'>iudicandum</span> <span class='ocrx_word' id='word_1_10' title='bbox 328 241 373 278; x_wconf 85' lang='lat' dir='ltr'>cst</span> <span class='ocrx_word' id='word_1_11' title='bbox 398 240 621 290; x_wconf 73' lang='lat' dir='ltr'>&lt;dissentiente</span> <span class='ocrx_word' id='word_1_12' title='bbox 645 251 756 277; x_wconf 86' lang='lat' dir='ltr'>tamen</span> <span class='ocrx_word' id='word_1_13' title='bbox 784 238 917 276; x_wconf 79' lang='lat' dir='ltr'>censore</span> <span class='ocrx_word' id='word_1_14' title='bbox 939 242 972 275; x_wconf 89' lang='lat' dir='ltr'>in</span> <span class='ocrx_word' id='word_1_15' title='bbox 997 240 1072 277; x_wconf 89' lang='lat' dir='ltr'>bibl.</span> <span class='ocrx_word' id='word_1_16' title='bbox 1097 245 1165 276; x_wconf 85' lang='lat' dir='ltr'>crit.</span> <span class='ocrx_word' id='word_1_17' title='bbox 1190 242 1326 278; x_wconf 78' lang='lat' dir='ltr'>Amssel.</span> <span class='ocrx_word' id='word_1_18' title='bbox 1355 245 1396 279; x_wconf 84' lang='grc' dir='ltr'>Π.</span> <span class='ocrx_word' id='word_1_19' title='bbox 1429 251 1460 285; x_wconf 85' lang='grc'>3.</span> <span class='ocrx_word' id='word_1_20' title='bbox 1485 258 1518 294; x_wconf 84' lang='lat' dir='ltr'>p.</span> <span class='ocrx_word' id='word_1_21' title='bbox 1549 258 1608 289; x_wconf 81' lang='lat'>1¹4·</span> <span class='ocrx_word' id='word_1_22' title='bbox 1633 256 1704 282; x_wconf 79' lang='lat' dir='ltr'>not,</span> <span class='ocrx_word' id='word_1_23' title='bbox 1728 248 1764 294; x_wconf 84' lang='lat' dir='ltr'>d)</span> <span class='ocrx_word' id='word_1_24' title='bbox 1802 246 1843 285; x_wconf 80' lang='lat' dir='ltr'>de</span> 
     </span>
     <span class='ocr_line' id='line_1_4' title="bbox 93 294 1842 344; baseline 0.002 -11"><span class='ocrx_word' id='word_1_25' title='bbox 93 298 255 339; x_wconf 75' lang='lat' dir='ltr'>Neuiitlie,</span> <span class='ocrx_word' id='word_1_26' title='bbox 280 294 336 332; x_wconf 83' lang='lat' dir='ltr'>sub</span> <span class='ocrx_word' id='word_1_27' title='bbox 352 298 460 331; x_wconf 86' lang='lat' dir='ltr'>Attalo</span> <span class='ocrx_word' id='word_1_28' title='bbox 476 295 626 333; x_wconf 78' lang='lat' dir='ltr'>lloreiite,</span> <span class='ocrx_word' id='word_1_29' title='bbox 656 298 705 342; x_wconf 83' lang='lat' dir='ltr'>(p.</span> <span class='ocrx_word' id='word_1_30' title='bbox 722 306 773 339; x_wconf 78' lang='lat'>23¹</span> <span class='ocrx_word' id='word_1_31' title='bbox 792 315 836 320; x_wconf 92' lang='lat'><strong>—</strong></span> <span class='ocrx_word' id='word_1_32' title='bbox 855 295 942 338; x_wconf 77' lang='lat'>236.)</span> <span class='ocrx_word' id='word_1_33' title='bbox 965 295 1157 329; x_wconf 65' lang='lat' dir='ltr'>Alexander</span> <span class='ocrx_word' id='word_1_34' title='bbox 1182 296 1372 343; x_wconf 46' lang='lat' dir='ltr'>Ctrncli&#39;m,</span> <span class='ocrx_word' id='word_1_35' title='bbox 1398 297 1604 344; x_wconf 82' lang='lat' dir='ltr'>polyhilior,</span> <span class='ocrx_word' id='word_1_36' title='bbox 1630 299 1739 335; x_wconf 84' lang='lat' dir='ltr'>Sullae</span> <span class='ocrx_word' id='word_1_37' title='bbox 1762 312 1842 336; x_wconf 88' lang='lat' dir='ltr'>tein-</span> 
     </span>
     <span class='ocr_line' id='line_1_5' title="bbox 92 345 1840 402; baseline 0.002 -17"><span class='ocrx_word' id='word_1_38' title='bbox 92 352 241 399; x_wconf 56' lang='lat' dir='ltr'>poribns,</span> <span class='ocrx_word' id='word_1_39' title='bbox 257 351 365 384; x_wconf 89' lang='lat' dir='ltr'>honio</span> <span class='ocrx_word' id='word_1_40' title='bbox 383 348 530 384; x_wconf 78' lang='lat' dir='ltr'>credulus</span> <span class='ocrx_word' id='word_1_41' title='bbox 548 346 621 387; x_wconf 78' lang='lat' dir='ltr'>fuit,</span> <span class='ocrx_word' id='word_1_42' title='bbox 653 350 735 391; x_wconf 81' lang='lat' dir='ltr'>(eius</span> <span class='ocrx_word' id='word_1_43' title='bbox 755 359 863 382; x_wconf 86' lang='lat' dir='ltr'>tamen</span> <span class='ocrx_word' id='word_1_44' title='bbox 878 348 1106 382; x_wconf 61' lang='lat' dir='ltr'>auctoritatem</span> <span class='ocrx_word' id='word_1_45' title='bbox 1122 345 1186 383; x_wconf 78' lang='lat' dir='ltr'>etl&#39;e</span> <span class='ocrx_word' id='word_1_46' title='bbox 1210 361 1305 393; x_wconf 86' lang='lat' dir='ltr'>eam,</span> <span class='ocrx_word' id='word_1_47' title='bbox 1343 360 1375 382; x_wconf 87' lang='lat' dir='ltr'>vt</span> <span class='ocrx_word' id='word_1_48' title='bbox 1395 360 1461 384; x_wconf 85' lang='lat' dir='ltr'>tain</span> <span class='ocrx_word' id='word_1_49' title='bbox 1487 350 1613 386; x_wconf 82' lang='lat' dir='ltr'>leuibus</span> <span class='ocrx_word' id='word_1_50' title='bbox 1637 356 1840 402; x_wconf 81' lang='lat' dir='ltr'>argumentis</span> 
     </span>
     <span class='ocr_line' id='line_1_6' title="bbox 90 397 1842 450; baseline 0.002 -14"><span class='ocrx_word' id='word_1_51' title='bbox 90 400 277 439; x_wconf 74' lang='lat' dir='ltr'>labefaclari</span> <span class='ocrx_word' id='word_1_52' title='bbox 294 413 444 450; x_wconf 78' lang='lat' dir='ltr'>nequeat,</span> <span class='ocrx_word' id='word_1_53' title='bbox 474 399 568 436; x_wconf 85' lang='lat' dir='ltr'>sentit</span> <span class='ocrx_word' id='word_1_54' title='bbox 587 397 702 435; x_wconf 78' lang='lat' dir='ltr'>censor</span> <span class='ocrx_word' id='word_1_55' title='bbox 720 402 752 434; x_wconf 92' lang='lat' dir='ltr'>in</span> <span class='ocrx_word' id='word_1_56' title='bbox 769 399 844 434; x_wconf 89' lang='lat' dir='ltr'>bibl.</span> <span class='ocrx_word' id='word_1_57' title='bbox 860 402 927 436; x_wconf 84' lang='lat' dir='ltr'>crit.</span> <span class='ocrx_word' id='word_1_58' title='bbox 946 398 1082 435; x_wconf 78' lang='lat' dir='ltr'>Ainstel.</span> <span class='ocrx_word' id='word_1_59' title='bbox 1101 401 1140 436; x_wconf 88' lang='lat'>11.</span> <span class='ocrx_word' id='word_1_60' title='bbox 1160 407 1192 440; x_wconf 92' lang='grc'>8.</span> <span class='ocrx_word' id='word_1_61' title='bbox 1221 415 1252 449; x_wconf 87' lang='lat' dir='ltr'>p.</span> <span class='ocrx_word' id='word_1_62' title='bbox 1279 414 1338 444; x_wconf 82' lang='lat'>¹¹4·</span> <span class='ocrx_word' id='word_1_63' title='bbox 1369 412 1439 437; x_wconf 90' lang='lat' dir='ltr'>not.</span> <span class='ocrx_word' id='word_1_64' title='bbox 1457 405 1486 447; x_wconf 77' lang='lat' dir='ltr'>e)</span> <span class='ocrx_word' id='word_1_65' title='bbox 1522 404 1694 440; x_wconf 75' lang='lat' dir='ltr'>Diodorus</span> <span class='ocrx_word' id='word_1_66' title='bbox 1717 407 1842 441; x_wconf 75' lang='lat' dir='ltr'>Siculus</span> 
     </span>
     <span class='ocr_line' id='line_1_7' title="bbox 90 451 1841 507; baseline 0.001 -16"><span class='ocrx_word' id='word_1_67' title='bbox 90 467 110 491; x_wconf 87' lang='lat' dir='ltr'>e</span> <span class='ocrx_word' id='word_1_68' title='bbox 128 452 275 491; x_wconf 81' lang='lat' dir='ltr'>fontibus</span> <span class='ocrx_word' id='word_1_69' title='bbox 290 453 437 503; x_wconf 76' lang='lat' dir='ltr'>limpidis</span> <span class='ocrx_word' id='word_1_70' title='bbox 454 453 567 489; x_wconf 85' lang='lat' dir='ltr'>hausit.</span> <span class='ocrx_word' id='word_1_71' title='bbox 595 456 647 501; x_wconf 86' lang='lat' dir='ltr'>(p.</span> <span class='ocrx_word' id='word_1_72' title='bbox 664 458 723 495; x_wconf 78' lang='lat'>236</span> <span class='ocrx_word' id='word_1_73' title='bbox 739 472 787 478; x_wconf 88' lang='lat'><em>—</em></span> <span class='ocrx_word' id='word_1_74' title='bbox 802 454 890 496; x_wconf 82' lang='lat'>238.)</span> <span class='ocrx_word' id='word_1_75' title='bbox 920 452 1117 497; x_wconf 72' lang='lat' dir='ltr'>Apollonius</span> <span class='ocrx_word' id='word_1_76' title='bbox 1141 451 1244 500; x_wconf 68' lang='lat' dir='ltr'>Tisan.</span> <span class='ocrx_word' id='word_1_77' title='bbox 1269 453 1419 489; x_wconf 81' lang='lat' dir='ltr'>aemulus</span> <span class='ocrx_word' id='word_1_78' title='bbox 1440 457 1678 505; x_wconf 75' lang='lat' dir='ltr'>pythagoricae</span> <span class='ocrx_word' id='word_1_79' title='bbox 1699 455 1841 507; x_wconf 86' lang='lat' dir='ltr'>discipli·</span> 
     </span>
     <span class='ocr_line' id='line_1_8' title="bbox 91 501 1838 557; baseline -0.001 -14"><span class='ocrx_word' id='word_1_80' title='bbox 91 521 153 544; x_wconf 85' lang='lat' dir='ltr'>nac</span> <span class='ocrx_word' id='word_1_81' title='bbox 165 520 195 543; x_wconf 89' lang='lat' dir='ltr'>et</span> <span class='ocrx_word' id='word_1_82' title='bbox 210 504 396 549; x_wconf 78' lang='lat' dir='ltr'>seueritatis,</span> <span class='ocrx_word' id='word_1_83' title='bbox 424 509 532 543; x_wconf 84' lang='lat' dir='ltr'>hoino</span> <span class='ocrx_word' id='word_1_84' title='bbox 550 502 797 553; x_wconf 66' lang='lat' dir='ltr'>superstitiosus,</span> <span class='ocrx_word' id='word_1_85' title='bbox 825 517 857 539; x_wconf 89' lang='lat' dir='ltr'>et</span> <span class='ocrx_word' id='word_1_86' title='bbox 872 501 1054 540; x_wconf 85' lang='lat' dir='ltr'>fabularum</span> <span class='ocrx_word' id='word_1_87' title='bbox 1072 519 1108 539; x_wconf 83' lang='lat' dir='ltr'>ac</span> <span class='ocrx_word' id='word_1_88' title='bbox 1124 505 1368 555; x_wconf 78' lang='lat' dir='ltr'>praestigiarum</span> <span class='ocrx_word' id='word_1_89' title='bbox 1384 521 1508 545; x_wconf 84' lang='lat' dir='ltr'>ainans.</span> <span class='ocrx_word' id='word_1_90' title='bbox 1544 511 1591 557; x_wconf 90' lang='lat' dir='ltr'>(p.</span> <span class='ocrx_word' id='word_1_91' title='bbox 1611 518 1669 554; x_wconf 80' lang='lat'>233</span> <span class='ocrx_word' id='word_1_92' title='bbox 1687 531 1737 537; x_wconf 90' lang='lat'>—-</span> <span class='ocrx_word' id='word_1_93' title='bbox 1750 519 1838 555; x_wconf 80' lang='lat'>248,)</span> 
     </span>
     <span class='ocr_line' id='line_1_9' title="bbox 90 556 1840 612; baseline 0.003 -18"><span class='ocrx_word' id='word_1_94' title='bbox 90 561 288 596; x_wconf 78' lang='lat' dir='ltr'><em>Moderatus</em></span> <span class='ocrx_word' id='word_1_95' title='bbox 305 560 407 594; x_wconf 88' lang='lat' dir='ltr'>multa</span> <span class='ocrx_word' id='word_1_96' title='bbox 420 557 497 594; x_wconf 81' lang='lat' dir='ltr'>falsa</span> <span class='ocrx_word' id='word_1_97' title='bbox 516 557 647 594; x_wconf 78' lang='lat' dir='ltr'>tradidit</span> <span class='ocrx_word' id='word_1_98' title='bbox 662 558 817 606; x_wconf 81' lang='lat' dir='ltr'>maleque</span> <span class='ocrx_word' id='word_1_99' title='bbox 834 559 1061 604; x_wconf 84' lang='lat' dir='ltr'>interpretatus</span> <span class='ocrx_word' id='word_1_100' title='bbox 1079 556 1123 592; x_wconf 80' lang='lat' dir='ltr'>est</span> <span class='ocrx_word' id='word_1_101' title='bbox 1137 558 1442 607; x_wconf 82' lang='lat' dir='ltr'>aiitiquissiiiiorutn</span> <span class='ocrx_word' id='word_1_102' title='bbox 1459 563 1750 610; x_wconf 79' lang='lat' dir='ltr'>Pythagoreorum</span> <span class='ocrx_word' id='word_1_103' title='bbox 1772 563 1840 612; x_wconf 87' lang='lat' dir='ltr'>pla-</span> 
     </span>
     <span class='ocr_line' id='line_1_10' title="bbox 90 609 1840 664; baseline 0.004 -19"><span class='ocrx_word' id='word_1_104' title='bbox 90 614 162 648; x_wconf 56' lang='lat' dir='ltr'>cita.</span> <span class='ocrx_word' id='word_1_105' title='bbox 188 616 237 660; x_wconf 84' lang='lat' dir='ltr'>(p.</span> <span class='ocrx_word' id='word_1_106' title='bbox 255 619 318 656; x_wconf 67' lang='lat'>248</span> <span class='ocrx_word' id='word_1_107' title='bbox 335 614 488 658; x_wconf 83' lang='lat'>——250.)</span> <span class='ocrx_word' id='word_1_108' title='bbox 519 611 751 651; x_wconf 77' lang='lat' dir='ltr'>Nicomarliics,</span> <span class='ocrx_word' id='word_1_109' title='bbox 778 609 961 645; x_wconf 65' lang='lat' dir='ltr'>Heraclidis</span> <span class='ocrx_word' id='word_1_110' title='bbox 987 622 1017 645; x_wconf 90' lang='lat' dir='ltr'>et</span> <span class='ocrx_word' id='word_1_111' title='bbox 1040 609 1206 646; x_wconf 76' lang='lat' dir='ltr'>Moderati</span> <span class='ocrx_word' id='word_1_112' title='bbox 1231 610 1362 660; x_wconf 76' lang='lat' dir='ltr'>vestigia</span> <span class='ocrx_word' id='word_1_113' title='bbox 1389 625 1562 660; x_wconf 74' lang='lat' dir='ltr'>premens,</span> <span class='ocrx_word' id='word_1_114' title='bbox 1590 629 1694 664; x_wconf 88' lang='lat' dir='ltr'>aeque</span> <span class='ocrx_word' id='word_1_115' title='bbox 1719 630 1755 651; x_wconf 89' lang='lat' dir='ltr'>ac</span> <span class='ocrx_word' id='word_1_116' title='bbox 1781 617 1840 660; x_wconf 90' lang='lat' dir='ltr'>illi,</span> 
     </span>
     <span class='ocr_line' id='line_1_11' title="bbox 89 659 1838 714; baseline 0.002 -13"><span class='ocrx_word' id='word_1_117' title='bbox 89 665 178 702; x_wconf 90' lang='lat' dir='ltr'>male</span> <span class='ocrx_word' id='word_1_118' title='bbox 200 663 284 699; x_wconf 78' lang='lat' dir='ltr'>sidus</span> <span class='ocrx_word' id='word_1_119' title='bbox 302 663 452 714; x_wconf 79' lang='lat' dir='ltr'>scriptor,</span> <span class='ocrx_word' id='word_1_120' title='bbox 479 666 586 700; x_wconf 87' lang='lat' dir='ltr'>honio</span> <span class='ocrx_word' id='word_1_121' title='bbox 604 663 757 698; x_wconf 84' lang='lat' dir='ltr'>credulus</span> <span class='ocrx_word' id='word_1_122' title='bbox 773 659 846 702; x_wconf 81' lang='lat' dir='ltr'>fuit,</span> <span class='ocrx_word' id='word_1_123' title='bbox 874 660 991 697; x_wconf 77' lang='lat' dir='ltr'>inscius</span> <span class='ocrx_word' id='word_1_124' title='bbox 1010 674 1041 697; x_wconf 80' lang='lat' dir='ltr'>ct</span> <span class='ocrx_word' id='word_1_125' title='bbox 1058 663 1235 698; x_wconf 88' lang='lat' dir='ltr'>multarum</span> <span class='ocrx_word' id='word_1_126' title='bbox 1253 662 1294 699; x_wconf 90' lang='lat' dir='ltr'>de</span> <span class='ocrx_word' id='word_1_127' title='bbox 1304 666 1494 712; x_wconf 72' lang='lat' dir='ltr'>Pythagora</span> <span class='ocrx_word' id='word_1_128' title='bbox 1510 664 1696 702; x_wconf 83' lang='lat' dir='ltr'>fabularum</span> <span class='ocrx_word' id='word_1_129' title='bbox 1710 671 1838 706; x_wconf 56' lang='lat' dir='ltr'>aucior.</span> 
     </span>
     <span class='ocr_line' id='line_1_12' title="bbox 91 715 1840 766; baseline 0.005 -20"><span class='ocrx_word' id='word_1_130' title='bbox 91 720 138 766; x_wconf 65' lang='grc' dir='ltr'>(Ρ,</span> <span class='ocrx_word' id='word_1_131' title='bbox 156 729 216 761; x_wconf 76' lang='lat'>250</span> <span class='ocrx_word' id='word_1_132' title='bbox 233 738 284 743; x_wconf 90' lang='lat'>——</span> <span class='ocrx_word' id='word_1_133' title='bbox 299 725 382 764; x_wconf 79' lang='lat'>252.)</span> <span class='ocrx_word' id='word_1_134' title='bbox 409 717 588 764; x_wconf 76' lang='lat' dir='ltr'>Diogenes,</span> <span class='ocrx_word' id='word_1_135' title='bbox 615 715 673 761; x_wconf 88' lang='lat' dir='ltr'>(de</span> <span class='ocrx_word' id='word_1_136' title='bbox 692 727 760 762; x_wconf 86' lang='lat' dir='ltr'>quo</span> <span class='ocrx_word' id='word_1_137' title='bbox 785 717 852 763; x_wconf 85' lang='lat' dir='ltr'>egit</span> <span class='ocrx_word' id='word_1_138' title='bbox 873 728 1011 763; x_wconf 82' lang='lat' dir='ltr'>quoque</span> <span class='ocrx_word' id='word_1_139' title='bbox 1032 716 1196 751; x_wconf 73' lang='lat' dir='ltr'>Dodwell.</span> <span class='ocrx_word' id='word_1_140' title='bbox 1222 719 1253 751; x_wconf 89' lang='lat' dir='ltr'>in</span> <span class='ocrx_word' id='word_1_141' title='bbox 1277 717 1393 755; x_wconf 77' lang='lat' dir='ltr'>Exere,</span> <span class='ocrx_word' id='word_1_142' title='bbox 1409 719 1447 753; x_wconf 84' lang='lat' dir='ltr'>ll.</span> <span class='ocrx_word' id='word_1_143' title='bbox 1467 732 1498 766; x_wconf 86' lang='lat' dir='ltr'>p.</span> <span class='ocrx_word' id='word_1_144' title='bbox 1520 725 1585 763; x_wconf 74' lang='lat'>176.</span> <span class='ocrx_word' id='word_1_145' title='bbox 1614 731 1646 756; x_wconf 89' lang='lat' dir='ltr'>et</span> <span class='ocrx_word' id='word_1_146' title='bbox 1665 720 1782 758; x_wconf 88' lang='lat' dir='ltr'>censor</span> <span class='ocrx_word' id='word_1_147' title='bbox 1806 725 1840 758; x_wconf 84' lang='lat' dir='ltr'>in</span> 
     </span>
     <span class='ocr_line' id='line_1_13' title="bbox 89 768 1840 820; baseline 0.001 -16"><span class='ocrx_word' id='word_1_148' title='bbox 89 770 165 804; x_wconf 87' lang='lat' dir='ltr'>bibl.</span> <span class='ocrx_word' id='word_1_149' title='bbox 189 771 299 804; x_wconf 79' lang='lat' dir='ltr'>ciiiica</span> <span class='ocrx_word' id='word_1_150' title='bbox 322 768 459 806; x_wconf 70' lang='lat' dir='ltr'>Anitlel.</span> <span class='ocrx_word' id='word_1_151' title='bbox 486 770 522 803; x_wconf 85' lang='grc' dir='ltr'>Η.</span> <span class='ocrx_word' id='word_1_152' title='bbox 547 779 627 818; x_wconf 89' lang='lat' dir='ltr'>part.</span> <span class='ocrx_word' id='word_1_153' title='bbox 656 768 743 803; x_wconf 80' lang='lat' dir='ltr'>tht.</span> <span class='ocrx_word' id='word_1_154' title='bbox 769 780 802 815; x_wconf 91' lang='lat' dir='ltr'>p.</span> <span class='ocrx_word' id='word_1_155' title='bbox 826 780 888 809; x_wconf 79' lang='lat'>123.</span> <span class='ocrx_word' id='word_1_156' title='bbox 911 779 978 802; x_wconf 88' lang='lat' dir='ltr'>not.</span> <span class='ocrx_word' id='word_1_157' title='bbox 1007 780 1037 814; x_wconf 76' lang='lat' dir='ltr'>q.</span> <span class='ocrx_word' id='word_1_158' title='bbox 1065 779 1182 803; x_wconf 87' lang='lat' dir='ltr'>contra</span> <span class='ocrx_word' id='word_1_159' title='bbox 1207 768 1424 805; x_wconf 84' lang='lat' dir='ltr'>Meinerfiuni</span> <span class='ocrx_word' id='word_1_160' title='bbox 1446 769 1635 820; x_wconf 58' lang='lat' dir='ltr'>disputans)</span> <span class='ocrx_word' id='word_1_161' title='bbox 1665 787 1703 808; x_wconf 87' lang='lat' dir='ltr'>ex</span> <span class='ocrx_word' id='word_1_162' title='bbox 1727 787 1840 811; x_wconf 76' lang='lat' dir='ltr'>mente</span> 
     </span>
     <span class='ocr_line' id='line_1_14' title="bbox 89 817 1839 872; baseline 0.003 -14"><span class='ocrx_word' id='word_1_163' title='bbox 89 820 259 858; x_wconf 79' lang='lat' dir='ltr'>Meineriii</span> <span class='ocrx_word' id='word_1_164' title='bbox 275 820 354 857; x_wconf 77' lang='lat' dir='ltr'>saec.</span> <span class='ocrx_word' id='word_1_165' title='bbox 373 824 427 856; x_wconf 85' lang='grc' dir='ltr'>ΠΙ.</span> <span class='ocrx_word' id='word_1_166' title='bbox 447 821 548 870; x_wconf 86' lang='lat' dir='ltr'>probe</span> <span class='ocrx_word' id='word_1_167' title='bbox 564 817 805 868; x_wconf 79' lang='lat' dir='ltr'>dignoscendus</span> <span class='ocrx_word' id='word_1_168' title='bbox 823 834 839 853; x_wconf 89' lang='lat' dir='ltr'>a</span> <span class='ocrx_word' id='word_1_169' title='bbox 859 821 1013 867; x_wconf 69' lang='lat' dir='ltr'>Diogene</span> <span class='ocrx_word' id='word_1_170' title='bbox 1031 822 1172 860; x_wconf 77' lang='lat' dir='ltr'>Laertio,</span> <span class='ocrx_word' id='word_1_171' title='bbox 1208 818 1391 864; x_wconf 70' lang='lat' dir='ltr'>fabulator,</span> <span class='ocrx_word' id='word_1_172' title='bbox 1417 825 1472 872; x_wconf 86' lang='lat' dir='ltr'>qui</span> <span class='ocrx_word' id='word_1_173' title='bbox 1500 838 1573 860; x_wconf 85' lang='lat' dir='ltr'>vera</span> <span class='ocrx_word' id='word_1_174' title='bbox 1596 840 1615 860; x_wconf 94' lang='lat' dir='ltr'>a</span> <span class='ocrx_word' id='word_1_175' title='bbox 1638 823 1725 862; x_wconf 82' lang='lat' dir='ltr'>falsis</span> <span class='ocrx_word' id='word_1_176' title='bbox 1751 826 1839 863; x_wconf 88' lang='lat' dir='ltr'>haud</span> 
     </span>
     <span class='ocr_line' id='line_1_15' title="bbox 89 871 1840 926; baseline 0.003 -17"><span class='ocrx_word' id='word_1_177' title='bbox 89 876 176 910; x_wconf 77' lang='lat' dir='ltr'>recte</span> <span class='ocrx_word' id='word_1_178' title='bbox 190 871 372 908; x_wconf 74' lang='lat' dir='ltr'>discernere</span> <span class='ocrx_word' id='word_1_179' title='bbox 388 876 505 920; x_wconf 70' lang='lat' dir='ltr'>po=uit.</span> <span class='ocrx_word' id='word_1_180' title='bbox 543 872 683 908; x_wconf 71' lang='lat' dir='ltr'>‘Pariter</span> <span class='ocrx_word' id='word_1_181' title='bbox 703 873 902 912; x_wconf 75' lang='lat' dir='ltr'>Numenius,</span> <span class='ocrx_word' id='word_1_182' title='bbox 927 875 1021 907; x_wconf 74' lang='lat' dir='ltr'>initio</span> <span class='ocrx_word' id='word_1_183' title='bbox 1043 871 1120 908; x_wconf 83' lang='lat' dir='ltr'>saec.</span> <span class='ocrx_word' id='word_1_184' title='bbox 1147 874 1204 908; x_wconf 75' lang='lat'>111.</span> <span class='ocrx_word' id='word_1_185' title='bbox 1235 872 1418 920; x_wconf 79' lang='lat' dir='ltr'>platonicae</span> <span class='ocrx_word' id='word_1_186' title='bbox 1440 874 1675 926; x_wconf 77' lang='lat' dir='ltr'>philosophiae</span> <span class='ocrx_word' id='word_1_187' title='bbox 1701 881 1840 916; x_wconf 79' lang='lat' dir='ltr'>Athenis</span> 
     </span>
     <span class='ocr_line' id='line_1_16' title="bbox 88 923 1839 981; baseline 0.003 -20"><span class='ocrx_word' id='word_1_188' title='bbox 88 925 251 975; x_wconf 65' lang='lat' dir='ltr'>magister,</span> <span class='ocrx_word' id='word_1_189' title='bbox 278 925 318 960; x_wconf 86' lang='lat' dir='ltr'>de</span> <span class='ocrx_word' id='word_1_190' title='bbox 338 928 539 973; x_wconf 70' lang='lat' dir='ltr'>Pythagora,</span> <span class='ocrx_word' id='word_1_191' title='bbox 567 926 716 966; x_wconf 79' lang='lat' dir='ltr'>Platone,</span> <span class='ocrx_word' id='word_1_192' title='bbox 741 937 841 971; x_wconf 80' lang='lat' dir='ltr'>quein</span> <span class='ocrx_word' id='word_1_193' title='bbox 857 927 973 972; x_wconf 79' lang='lat' dir='ltr'>prioris</span> <span class='ocrx_word' id='word_1_194' title='bbox 992 927 1197 961; x_wconf 81' lang='lat' dir='ltr'>imitatorem</span> <span class='ocrx_word' id='word_1_195' title='bbox 1213 923 1308 961; x_wconf 80' lang='lat' dir='ltr'>fuisse</span> <span class='ocrx_word' id='word_1_196' title='bbox 1330 927 1546 972; x_wconf 80' lang='lat' dir='ltr'>existimauit,</span> <span class='ocrx_word' id='word_1_197' title='bbox 1574 931 1712 981; x_wconf 87' lang='lat' dir='ltr'>aliisque</span> <span class='ocrx_word' id='word_1_198' title='bbox 1734 933 1839 969; x_wconf 84' lang='lat' dir='ltr'>multa</span> 
     </span>
     <span class='ocr_line' id='line_1_17' title="bbox 87 975 1839 1027; baseline 0.005 -13"><span class='ocrx_word' id='word_1_199' title='bbox 87 982 197 1027; x_wconf 87' lang='lat' dir='ltr'>inepta</span> <span class='ocrx_word' id='word_1_200' title='bbox 212 978 293 1012; x_wconf 80' lang='lat' dir='ltr'>dixit</span> <span class='ocrx_word' id='word_1_201' title='bbox 308 975 510 1026; x_wconf 78' lang='lat' dir='ltr'>scripsitque,</span> <span class='ocrx_word' id='word_1_202' title='bbox 539 991 569 1026; x_wconf 87' lang='lat' dir='ltr'>p.</span> <span class='ocrx_word' id='word_1_203' title='bbox 586 989 639 1023; x_wconf 83' lang='lat'>253</span> <span class='ocrx_word' id='word_1_204' title='bbox 654 997 702 1004; x_wconf 89' lang='lat'>—</span> <span class='ocrx_word' id='word_1_205' title='bbox 718 979 806 1023; x_wconf 83' lang='lat'>256.)</span> <span class='ocrx_word' id='word_1_206' title='bbox 859 977 1026 1024; x_wconf 70' lang='lat' dir='ltr'>Diogenes</span> <span class='ocrx_word' id='word_1_207' title='bbox 1041 978 1207 1019; x_wconf 54' lang='lat' dir='ltr'>Lan—tzur,</span> <span class='ocrx_word' id='word_1_208' title='bbox 1234 979 1461 1027; x_wconf 87' lang='lat' dir='ltr'>compilator,</span> <span class='ocrx_word' id='word_1_209' title='bbox 1490 981 1648 1019; x_wconf 86' lang='lat' dir='ltr'>confusus</span> <span class='ocrx_word' id='word_1_210' title='bbox 1671 996 1703 1020; x_wconf 87' lang='lat' dir='ltr'>et</span> <span class='ocrx_word' id='word_1_211' title='bbox 1725 984 1839 1021; x_wconf 85' lang='lat' dir='ltr'>credu-</span> 
     </span>
     <span class='ocr_line' id='line_1_18' title="bbox 86 1026 1839 1080; baseline 0.002 -14"><span class='ocrx_word' id='word_1_212' title='bbox 86 1030 139 1066; x_wconf 91' lang='lat' dir='ltr'>lua</span> <span class='ocrx_word' id='word_1_213' title='bbox 157 1029 230 1073; x_wconf 90' lang='lat' dir='ltr'>fuit,</span> <span class='ocrx_word' id='word_1_214' title='bbox 256 1028 364 1066; x_wconf 84' lang='lat' dir='ltr'>fontes</span> <span class='ocrx_word' id='word_1_215' title='bbox 379 1029 513 1080; x_wconf 86' lang='lat' dir='ltr'>quidem</span> <span class='ocrx_word' id='word_1_216' title='bbox 527 1029 617 1076; x_wconf 84' lang='lat' dir='ltr'>adiit,</span> <span class='ocrx_word' id='word_1_217' title='bbox 646 1026 700 1064; x_wconf 89' lang='lat' dir='ltr'>sed</span> <span class='ocrx_word' id='word_1_218' title='bbox 717 1043 757 1065; x_wconf 87' lang='lat' dir='ltr'>ex</span> <span class='ocrx_word' id='word_1_219' title='bbox 773 1028 888 1065; x_wconf 82' lang='lat' dir='ltr'>riuulis</span> <span class='ocrx_word' id='word_1_220' title='bbox 906 1042 1042 1078; x_wconf 85' lang='lat' dir='ltr'>quoque</span> <span class='ocrx_word' id='word_1_221' title='bbox 1057 1030 1191 1066; x_wconf 80' lang='lat' dir='ltr'>turbidis</span> <span class='ocrx_word' id='word_1_222' title='bbox 1206 1030 1486 1069; x_wconf 83' lang='lat' dir='ltr'>inconsideranter</span> <span class='ocrx_word' id='word_1_223' title='bbox 1507 1033 1622 1074; x_wconf 77' lang='lat' dir='ltr'>hausit.</span> <span class='ocrx_word' id='word_1_224' title='bbox 1675 1039 1712 1072; x_wconf 90' lang='lat' dir='ltr'>ln</span> <span class='ocrx_word' id='word_1_225' title='bbox 1737 1038 1839 1074; x_wconf 81' lang='lat' dir='ltr'>hisso-</span> 
     </span>
     <span class='ocr_line' id='line_1_19' title="bbox 85 1081 1837 1136; baseline 0.004 -17"><span class='ocrx_word' id='word_1_226' title='bbox 85 1087 132 1120; x_wconf 87' lang='lat' dir='ltr'>ria</span> <span class='ocrx_word' id='word_1_227' title='bbox 149 1081 309 1118; x_wconf 80' lang='lat' dir='ltr'>societatis</span> <span class='ocrx_word' id='word_1_228' title='bbox 327 1085 561 1131; x_wconf 81' lang='lat' dir='ltr'>pythagoricae</span> <span class='ocrx_word' id='word_1_229' title='bbox 576 1082 823 1124; x_wconf 77' lang='lat' dir='ltr'>Aristoxenum,</span> <span class='ocrx_word' id='word_1_230' title='bbox 851 1086 885 1117; x_wconf 91' lang='lat' dir='ltr'>in</span> <span class='ocrx_word' id='word_1_231' title='bbox 902 1085 1052 1131; x_wconf 85' lang='lat' dir='ltr'>epitome</span> <span class='ocrx_word' id='word_1_232' title='bbox 1069 1094 1178 1118; x_wconf 86' lang='lat' dir='ltr'>autern</span> <span class='ocrx_word' id='word_1_233' title='bbox 1198 1081 1431 1134; x_wconf 85' lang='lat' dir='ltr'>philosophiae</span> <span class='ocrx_word' id='word_1_234' title='bbox 1455 1088 1695 1136; x_wconf 84' lang='lat' dir='ltr'>pythagoricae</span> <span class='ocrx_word' id='word_1_235' title='bbox 1714 1090 1837 1127; x_wconf 76' lang='lat' dir='ltr'>Aristo-</span> 
     </span>
     <span class='ocr_line' id='line_1_20' title="bbox 86 1133 1838 1181; baseline 0.004 -9"><span class='ocrx_word' id='word_1_236' title='bbox 86 1136 187 1172; x_wconf 87' lang='lat' dir='ltr'>telem</span> <span class='ocrx_word' id='word_1_237' title='bbox 203 1146 234 1171; x_wconf 91' lang='lat' dir='ltr'>et</span> <span class='ocrx_word' id='word_1_238' title='bbox 250 1134 474 1171; x_wconf 81' lang='lat' dir='ltr'>Alexandrum</span> <span class='ocrx_word' id='word_1_239' title='bbox 492 1133 638 1174; x_wconf 67' lang='lat' dir='ltr'>sedatus,</span> <span class='ocrx_word' id='word_1_240' title='bbox 665 1134 767 1170; x_wconf 80' lang='lat' dir='ltr'>fidem</span> <span class='ocrx_word' id='word_1_241' title='bbox 783 1145 899 1176; x_wconf 87' lang='lat' dir='ltr'>meret,</span> <span class='ocrx_word' id='word_1_242' title='bbox 931 1138 974 1170; x_wconf 82' lang='lat' dir='ltr'>vti</span> <span class='ocrx_word' id='word_1_243' title='bbox 992 1137 1110 1169; x_wconf 70' lang='lat' dir='ltr'>Sextus</span> <span class='ocrx_word' id='word_1_244' title='bbox 1120 1136 1326 1181; x_wconf 80' lang='lat' dir='ltr'>Empiricics,·</span> <span class='ocrx_word' id='word_1_245' title='bbox 1356 1140 1394 1172; x_wconf 76' lang='lat' dir='ltr'>in.</span> <span class='ocrx_word' id='word_1_246' title='bbox 1407 1142 1611 1176; x_wconf 85' lang='lat' dir='ltr'>enarratione</span> <span class='ocrx_word' id='word_1_247' title='bbox 1627 1153 1736 1178; x_wconf 86' lang='lat' dir='ltr'>autem</span> <span class='ocrx_word' id='word_1_248' title='bbox 1754 1145 1838 1180; x_wconf 82' lang='lat' dir='ltr'>vitae</span> 
     </span>
     <span class='ocr_line' id='line_1_21' title="bbox 87 1185 1837 1237; baseline 0.003 -15"><span class='ocrx_word' id='word_1_249' title='bbox 87 1190 230 1236; x_wconf 78' lang='lat' dir='ltr'>Pythag.</span> <span class='ocrx_word' id='word_1_250' title='bbox 247 1185 420 1236; x_wconf 81' lang='lat' dir='ltr'>scriptores</span> <span class='ocrx_word' id='word_1_251' title='bbox 437 1187 543 1224; x_wconf 83' lang='lat' dir='ltr'>malae</span> <span class='ocrx_word' id='word_1_252' title='bbox 557 1201 628 1223; x_wconf 89' lang='lat' dir='ltr'>non</span> <span class='ocrx_word' id='word_1_253' title='bbox 647 1190 755 1223; x_wconf 89' lang='lat' dir='ltr'>minus</span> <span class='ocrx_word' id='word_1_254' title='bbox 772 1200 871 1234; x_wconf 87' lang='lat' dir='ltr'>quain</span> <span class='ocrx_word' id='word_1_255' title='bbox 889 1187 994 1223; x_wconf 86' lang='lat' dir='ltr'>bonae</span> <span class='ocrx_word' id='word_1_256' title='bbox 1014 1187 1089 1223; x_wconf 80' lang='lat' dir='ltr'>fidei</span> <span class='ocrx_word' id='word_1_257' title='bbox 1107 1186 1284 1236; x_wconf 76' lang='lat' dir='ltr'>exscripsit,</span> <span class='ocrx_word' id='word_1_258' title='bbox 1309 1189 1450 1237; x_wconf 81' lang='lat' dir='ltr'>ideoque</span> <span class='ocrx_word' id='word_1_259' title='bbox 1462 1195 1569 1230; x_wconf 86' lang='lat' dir='ltr'>cautio</span> <span class='ocrx_word' id='word_1_260' title='bbox 1585 1192 1629 1229; x_wconf 82' lang='lat' dir='ltr'>ess</span> <span class='ocrx_word' id='word_1_261' title='bbox 1647 1193 1837 1233; x_wconf 68' lang='lat' dir='ltr'>adhibenda,</span> 
     </span>
     <span class='ocr_line' id='line_1_22' title="bbox 85 1238 1833 1297; baseline 0.005 -21"><span class='ocrx_word' id='word_1_262' title='bbox 85 1238 249 1288; x_wconf 78' lang='lat' dir='ltr'>(Effatum</span> <span class='ocrx_word' id='word_1_263' title='bbox 266 1250 376 1276; x_wconf 87' lang='lat' dir='ltr'>tamen</span> <span class='ocrx_word' id='word_1_264' title='bbox 394 1239 564 1276; x_wconf 87' lang='lat' dir='ltr'>Meinersii</span> <span class='ocrx_word' id='word_1_265' title='bbox 582 1242 682 1276; x_wconf 88' lang='lat' dir='ltr'>nimis</span> <span class='ocrx_word' id='word_1_266' title='bbox 698 1253 779 1289; x_wconf 81' lang='lat' dir='ltr'>vage</span> <span class='ocrx_word' id='word_1_267' title='bbox 797 1243 1053 1287; x_wconf 88' lang='lat' dir='ltr'>pronunciatum</span> <span class='ocrx_word' id='word_1_268' title='bbox 1069 1238 1144 1282; x_wconf 82' lang='lat' dir='ltr'>effe,</span> <span class='ocrx_word' id='word_1_269' title='bbox 1168 1239 1286 1276; x_wconf 87' lang='lat' dir='ltr'>censor</span> <span class='ocrx_word' id='word_1_270' title='bbox 1303 1244 1335 1277; x_wconf 87' lang='lat' dir='ltr'>iii</span> <span class='ocrx_word' id='word_1_271' title='bbox 1354 1241 1430 1278; x_wconf 91' lang='lat' dir='ltr'>bibl.</span> <span class='ocrx_word' id='word_1_272' title='bbox 1448 1247 1517 1280; x_wconf 88' lang='lat' dir='ltr'>crit.</span> <span class='ocrx_word' id='word_1_273' title='bbox 1537 1245 1674 1283; x_wconf 76' lang='lat' dir='ltr'>Amslel.</span> <span class='ocrx_word' id='word_1_274' title='bbox 1693 1250 1734 1284; x_wconf 86' lang='grc' dir='ltr'>ΙΙ.</span> <span class='ocrx_word' id='word_1_275' title='bbox 1752 1259 1833 1297; x_wconf 87' lang='lat' dir='ltr'>part.</span> 
     </span>
     <span class='ocr_line' id='line_1_23' title="bbox 83 1291 1836 1349; baseline 0.005 -21"><span class='ocrx_word' id='word_1_276' title='bbox 83 1295 174 1330; x_wconf 81' lang='lat' dir='ltr'>vul.</span> <span class='ocrx_word' id='word_1_277' title='bbox 195 1307 226 1342; x_wconf 87' lang='lat' dir='ltr'>p.</span> <span class='ocrx_word' id='word_1_278' title='bbox 239 1306 303 1338; x_wconf 85' lang='lat'>¹24·</span> <span class='ocrx_word' id='word_1_279' title='bbox 319 1303 390 1329; x_wconf 87' lang='lat' dir='ltr'>not.</span> <span class='ocrx_word' id='word_1_280' title='bbox 408 1301 434 1330; x_wconf 89' lang='lat' dir='ltr'>t.</span> <span class='ocrx_word' id='word_1_281' title='bbox 453 1291 579 1339; x_wconf 72' lang='lat' dir='ltr'>docet.)</span> <span class='ocrx_word' id='word_1_282' title='bbox 617 1291 666 1328; x_wconf 91' lang='lat' dir='ltr'>Ad</span> <span class='ocrx_word' id='word_1_283' title='bbox 682 1292 891 1328; x_wconf 72' lang='lat' dir='ltr'>Iamblichum</span> <span class='ocrx_word' id='word_1_284' title='bbox 904 1293 1078 1329; x_wconf 89' lang='lat' dir='ltr'>hominem</span> <span class='ocrx_word' id='word_1_285' title='bbox 1096 1306 1165 1328; x_wconf 86' lang='lat' dir='ltr'>uon</span> <span class='ocrx_word' id='word_1_286' title='bbox 1182 1292 1265 1329; x_wconf 90' lang='lat' dir='ltr'>adeo</span> <span class='ocrx_word' id='word_1_287' title='bbox 1285 1293 1418 1342; x_wconf 85' lang='lat' dir='ltr'>quidem</span> <span class='ocrx_word' id='word_1_288' title='bbox 1437 1296 1543 1333; x_wconf 83' lang='lat' dir='ltr'>malae</span> <span class='ocrx_word' id='word_1_289' title='bbox 1558 1297 1646 1342; x_wconf 76' lang='lat' dir='ltr'>fidei,</span> <span class='ocrx_word' id='word_1_290' title='bbox 1674 1310 1706 1335; x_wconf 87' lang='lat' dir='ltr'>at</span> <span class='ocrx_word' id='word_1_291' title='bbox 1716 1314 1836 1349; x_wconf 87' lang='lat' dir='ltr'>parum</span> 
     </span>
     <span class='ocr_line' id='line_1_24' title="bbox 83 1343 1836 1401; baseline 0.005 -19"><span class='ocrx_word' id='word_1_292' title='bbox 83 1350 166 1382; x_wconf 79' lang='lat' dir='ltr'>acris</span> <span class='ocrx_word' id='word_1_293' title='bbox 182 1345 303 1389; x_wconf 90' lang='lat' dir='ltr'>iudicii,</span> <span class='ocrx_word' id='word_1_294' title='bbox 329 1357 362 1381; x_wconf 83' lang='lat' dir='ltr'>et</span> <span class='ocrx_word' id='word_1_295' title='bbox 375 1346 599 1394; x_wconf 71' lang='lat' dir='ltr'>Porphyrium</span> <span class='ocrx_word' id='word_1_296' title='bbox 617 1345 698 1380; x_wconf 87' lang='lat' dir='ltr'>bene</span> <span class='ocrx_word' id='word_1_297' title='bbox 714 1343 949 1393; x_wconf 85' lang='lat' dir='ltr'>intelligendos</span> <span class='ocrx_word' id='word_1_298' title='bbox 967 1356 1066 1394; x_wconf 86' lang='lat' dir='ltr'>atque</span> <span class='ocrx_word' id='word_1_299' title='bbox 1088 1359 1207 1381; x_wconf 88' lang='lat' dir='ltr'>eorum</span> <span class='ocrx_word' id='word_1_300' title='bbox 1232 1349 1434 1383; x_wconf 84' lang='lat' dir='ltr'>narrationes</span> <span class='ocrx_word' id='word_1_301' title='bbox 1455 1347 1496 1384; x_wconf 87' lang='lat' dir='ltr'>de</span> <span class='ocrx_word' id='word_1_302' title='bbox 1516 1351 1720 1401; x_wconf 83' lang='lat' dir='ltr'>Pythagorae</span> <span class='ocrx_word' id='word_1_303' title='bbox 1738 1354 1836 1390; x_wconf 80' lang='lat' dir='ltr'>huius</span> 
     </span>
     <span class='ocr_line' id='line_1_25' title="bbox 83 1395 1836 1456; baseline 0.004 -22"><span class='ocrx_word' id='word_1_304' title='bbox 83 1397 198 1435; x_wconf 85' lang='lat' dir='ltr'>schola</span> <span class='ocrx_word' id='word_1_305' title='bbox 213 1402 272 1434; x_wconf 90' lang='lat' dir='ltr'>rite</span> <span class='ocrx_word' id='word_1_306' title='bbox 286 1395 531 1448; x_wconf 85' lang='lat' dir='ltr'>cognoscendas</span> <span class='ocrx_word' id='word_1_307' title='bbox 547 1408 646 1447; x_wconf 84' lang='lat' dir='ltr'>atque</span> <span class='ocrx_word' id='word_1_308' title='bbox 657 1397 890 1433; x_wconf 80' lang='lat' dir='ltr'>examinandas</span> <span class='ocrx_word' id='word_1_309' title='bbox 906 1411 1027 1447; x_wconf 80' lang='lat' dir='ltr'>magna</span> <span class='ocrx_word' id='word_1_310' title='bbox 1041 1397 1151 1434; x_wconf 90' lang='lat' dir='ltr'>iudicii</span> <span class='ocrx_word' id='word_1_311' title='bbox 1168 1396 1335 1439; x_wconf 85' lang='lat' dir='ltr'>subtilitas,</span> <span class='ocrx_word' id='word_1_312' title='bbox 1352 1402 1490 1438; x_wconf 91' lang='lat' dir='ltr'>intentio</span> <span class='ocrx_word' id='word_1_313' title='bbox 1506 1405 1608 1439; x_wconf 86' lang='lat' dir='ltr'>animi</span> <span class='ocrx_word' id='word_1_314' title='bbox 1624 1405 1836 1456; x_wconf 80' lang='lat' dir='ltr'>etinuessiga-</span> 
     </span>
     <span class='ocr_line' id='line_1_26' title="bbox 84 1449 1835 1502; baseline 0.004 -14"><span class='ocrx_word' id='word_1_315' title='bbox 84 1454 130 1488; x_wconf 89' lang='lat' dir='ltr'>tio</span> <span class='ocrx_word' id='word_1_316' title='bbox 148 1449 359 1500; x_wconf 84' lang='lat' dir='ltr'>scriptorum,</span> <span class='ocrx_word' id='word_1_317' title='bbox 383 1464 467 1500; x_wconf 90' lang='lat' dir='ltr'>quos</span> <span class='ocrx_word' id='word_1_318' title='bbox 483 1449 551 1487; x_wconf 84' lang='lat' dir='ltr'>sine</span> <span class='ocrx_word' id='word_1_319' title='bbox 565 1461 654 1486; x_wconf 89' lang='lat' dir='ltr'>certo</span> <span class='ocrx_word' id='word_1_320' title='bbox 673 1461 705 1485; x_wconf 89' lang='lat' dir='ltr'>et</span> <span class='ocrx_word' id='word_1_321' title='bbox 721 1452 859 1486; x_wconf 87' lang='lat' dir='ltr'>nomine</span> <span class='ocrx_word' id='word_1_322' title='bbox 876 1449 1084 1500; x_wconf 86' lang='lat' dir='ltr'>singulorum</span> <span class='ocrx_word' id='word_1_323' title='bbox 1104 1450 1307 1500; x_wconf 79' lang='lat' dir='ltr'>significato,</span> <span class='ocrx_word' id='word_1_324' title='bbox 1343 1451 1409 1488; x_wconf 82' lang='lat' dir='ltr'>sine</span> <span class='ocrx_word' id='word_1_325' title='bbox 1435 1454 1645 1502; x_wconf 83' lang='lat' dir='ltr'>probabiliter</span> <span class='ocrx_word' id='word_1_326' title='bbox 1663 1456 1835 1496; x_wconf 89' lang='lat' dir='ltr'>consulue-</span> 
     </span>
     <span class='ocr_line' id='line_1_27' title="bbox 82 1500 1835 1560; baseline 0.003 -20"><span class='ocrx_word' id='word_1_327' title='bbox 82 1516 172 1548; x_wconf 88' lang='lat' dir='ltr'>runt,</span> <span class='ocrx_word' id='word_1_328' title='bbox 196 1504 240 1540; x_wconf 83' lang='lat' dir='ltr'>est</span> <span class='ocrx_word' id='word_1_329' title='bbox 255 1502 450 1540; x_wconf 87' lang='lat' dir='ltr'>adferenda:</span> <span class='ocrx_word' id='word_1_330' title='bbox 479 1514 576 1553; x_wconf 83' lang='lat' dir='ltr'>atque</span> <span class='ocrx_word' id='word_1_331' title='bbox 593 1516 734 1539; x_wconf 86' lang='lat' dir='ltr'>examen</span> <span class='ocrx_word' id='word_1_332' title='bbox 753 1500 905 1539; x_wconf 88' lang='lat' dir='ltr'>seuerum</span> <span class='ocrx_word' id='word_1_333' title='bbox 923 1502 1059 1539; x_wconf 76' lang='lat' dir='ltr'>instituit</span> <span class='ocrx_word' id='word_1_334' title='bbox 1073 1502 1273 1553; x_wconf 60' lang='lat' dir='ltr'>fontesque,</span> <span class='ocrx_word' id='word_1_335' title='bbox 1299 1518 1318 1540; x_wconf 88' lang='lat' dir='ltr'>e</span> <span class='ocrx_word' id='word_1_336' title='bbox 1341 1506 1457 1554; x_wconf 80' lang='lat' dir='ltr'>quibus</span> <span class='ocrx_word' id='word_1_337' title='bbox 1471 1507 1575 1543; x_wconf 79' lang='lat' dir='ltr'>hausit</span> <span class='ocrx_word' id='word_1_338' title='bbox 1591 1508 1657 1552; x_wconf 84' lang='lat' dir='ltr'>ille,</span> <span class='ocrx_word' id='word_1_339' title='bbox 1682 1507 1835 1560; x_wconf 86' lang='lat' dir='ltr'>sagaciter</span> 
     </span>
     <span class='ocr_line' id='line_1_28' title="bbox 83 1554 1834 1612; baseline -0.001 -19"><span class='ocrx_word' id='word_1_340' title='bbox 83 1560 211 1607; x_wconf 90' lang='lat' dir='ltr'>aperuit</span> <span class='ocrx_word' id='word_1_341' title='bbox 226 1557 378 1605; x_wconf 76' lang='lat' dir='ltr'>Meincrs.</span> <span class='ocrx_word' id='word_1_342' title='bbox 397 1558 577 1605; x_wconf 83' lang='lat' dir='ltr'>praeceptis</span> <span class='ocrx_word' id='word_1_343' title='bbox 595 1554 790 1605; x_wconf 87' lang='lat' dir='ltr'>quibusdam</span> <span class='ocrx_word' id='word_1_344' title='bbox 806 1559 922 1592; x_wconf 88' lang='lat' dir='ltr'>criticis</span> <span class='ocrx_word' id='word_1_345' title='bbox 937 1555 1131 1605; x_wconf 72' lang='lat' dir='ltr'>praeiniffis,</span> <span class='ocrx_word' id='word_1_346' title='bbox 1160 1570 1189 1604; x_wconf 81' lang='lat' dir='ltr'>p.</span> <span class='ocrx_word' id='word_1_347' title='bbox 1209 1563 1416 1603; x_wconf 78' lang='lat'>258—290.</span> <span class='ocrx_word' id='word_1_348' title='bbox 1442 1561 1494 1594; x_wconf 89' lang='lat' dir='ltr'>Sic</span> <span class='ocrx_word' id='word_1_349' title='bbox 1512 1573 1645 1611; x_wconf 89' lang='lat' dir='ltr'>quoque</span> <span class='ocrx_word' id='word_1_350' title='bbox 1660 1576 1693 1612; x_wconf 86' lang='lat' dir='ltr'>p.</span> <span class='ocrx_word' id='word_1_351' title='bbox 1707 1576 1834 1610; x_wconf 82' lang='lat'>290.-</span> 
     </span>
     <span class='ocr_line' id='line_1_29' title="bbox 83 1605 1833 1663; baseline 0.001 -18"><span class='ocrx_word' id='word_1_352' title='bbox 83 1620 152 1653; x_wconf 85' lang='lat'>303.</span> <span class='ocrx_word' id='word_1_353' title='bbox 181 1607 315 1658; x_wconf 89' lang='lat' dir='ltr'>(confer</span> <span class='ocrx_word' id='word_1_354' title='bbox 327 1620 437 1645; x_wconf 87' lang='lat' dir='ltr'>tamen</span> <span class='ocrx_word' id='word_1_355' title='bbox 452 1610 640 1645; x_wconf 87' lang='lat' dir='ltr'>multorum</span> <span class='ocrx_word' id='word_1_356' title='bbox 653 1605 883 1644; x_wconf 79' lang='lat' dir='ltr'>defensionem</span> <span class='ocrx_word' id='word_1_357' title='bbox 907 1612 940 1643; x_wconf 91' lang='lat' dir='ltr'>in</span> <span class='ocrx_word' id='word_1_358' title='bbox 964 1608 1040 1645; x_wconf 87' lang='lat' dir='ltr'>bibl.</span> <span class='ocrx_word' id='word_1_359' title='bbox 1065 1611 1134 1644; x_wconf 82' lang='lat' dir='ltr'>crit.</span> <span class='ocrx_word' id='word_1_360' title='bbox 1162 1609 1297 1644; x_wconf 77' lang='lat' dir='ltr'>Ainssel.</span> <span class='ocrx_word' id='word_1_361' title='bbox 1321 1610 1361 1646; x_wconf 84' lang='grc' dir='ltr'>ΙΙ.</span> <span class='ocrx_word' id='word_1_362' title='bbox 1390 1617 1421 1650; x_wconf 87' lang='lat'>8.</span> <span class='ocrx_word' id='word_1_363' title='bbox 1447 1625 1476 1660; x_wconf 93' lang='lat' dir='ltr'>p.</span> <span class='ocrx_word' id='word_1_364' title='bbox 1494 1625 1544 1656; x_wconf 85' lang='lat'>¹¹4</span> <span class='ocrx_word' id='word_1_365' title='bbox 1560 1611 1644 1663; x_wconf 90' lang='lat' dir='ltr'>sqq.)</span> <span class='ocrx_word' id='word_1_366' title='bbox 1681 1613 1721 1651; x_wconf 85' lang='lat' dir='ltr'>de</span> <span class='ocrx_word' id='word_1_367' title='bbox 1744 1619 1833 1653; x_wconf 79' lang='lat' dir='ltr'>Ionis</span> 
     </span>
     <span class='ocr_line' id='line_1_30' title="bbox 83 1660 1831 1714; baseline 0.004 -16"><span class='ocrx_word' id='word_1_368' title='bbox 83 1663 172 1704; x_wconf 90' lang='lat' dir='ltr'>Chii,</span> <span class='ocrx_word' id='word_1_369' title='bbox 201 1660 447 1702; x_wconf 84' lang='lat' dir='ltr'>Anaximandri,</span> <span class='ocrx_word' id='word_1_370' title='bbox 475 1663 713 1710; x_wconf 87' lang='lat' dir='ltr'>Theopompi,</span> <span class='ocrx_word' id='word_1_371' title='bbox 742 1660 943 1700; x_wconf 84' lang='lat' dir='ltr'>Aristoxeni,</span> <span class='ocrx_word' id='word_1_372' title='bbox 981 1660 1166 1704; x_wconf 76' lang='lat' dir='ltr'>Aristarchi,</span> <span class='ocrx_word' id='word_1_373' title='bbox 1201 1661 1402 1704; x_wconf 72' lang='lat' dir='ltr'>Metrodori,</span> <span class='ocrx_word' id='word_1_374' title='bbox 1437 1663 1578 1706; x_wconf 78' lang='lat' dir='ltr'>Eudoxi,</span> <span class='ocrx_word' id='word_1_375' title='bbox 1613 1669 1831 1714; x_wconf 86' lang='lat' dir='ltr'>Hieronymi,</span> 
     </span>
     <span class='ocr_line' id='line_1_31' title="bbox 83 1712 1832 1768; baseline 0.005 -19"><span class='ocrx_word' id='word_1_376' title='bbox 83 1712 274 1763; x_wconf 81' lang='lat' dir='ltr'>philosophi</span> <span class='ocrx_word' id='word_1_377' title='bbox 293 1717 505 1763; x_wconf 86' lang='lat' dir='ltr'>peripatetici,</span> <span class='ocrx_word' id='word_1_378' title='bbox 531 1716 627 1761; x_wconf 82' lang='lat' dir='ltr'>Lyci,</span> <span class='ocrx_word' id='word_1_379' title='bbox 654 1715 802 1749; x_wconf 86' lang='lat' dir='ltr'>Sotionis</span> <span class='ocrx_word' id='word_1_380' title='bbox 819 1712 1049 1757; x_wconf 80' lang='lat' dir='ltr'>Alexandrini,</span> <span class='ocrx_word' id='word_1_381' title='bbox 1077 1714 1301 1762; x_wconf 79' lang='lat' dir='ltr'>Antiphontis,</span> <span class='ocrx_word' id='word_1_382' title='bbox 1331 1713 1518 1760; x_wconf 87' lang='lat' dir='ltr'>Sosicratis,</span> <span class='ocrx_word' id='word_1_383' title='bbox 1547 1719 1734 1768; x_wconf 86' lang='lat' dir='ltr'>Hippoboli</span> <span class='ocrx_word' id='word_1_384' title='bbox 1751 1720 1832 1758; x_wconf 86' lang='lat' dir='ltr'>alio·</span> 
     </span>
     <span class='ocr_line' id='line_1_32' title="bbox 85 1764 1480 1815; baseline 0.003 -15"><span class='ocrx_word' id='word_1_385' title='bbox 85 1777 225 1814; x_wconf 88' lang='lat' dir='ltr'>rumque</span> <span class='ocrx_word' id='word_1_386' title='bbox 243 1764 307 1801; x_wconf 84' lang='lat' dir='ltr'>fide</span> <span class='ocrx_word' id='word_1_387' title='bbox 324 1776 355 1802; x_wconf 91' lang='lat' dir='ltr'>et</span> <span class='ocrx_word' id='word_1_388' title='bbox 371 1767 563 1802; x_wconf 63' lang='lat' dir='ltr'>auctoritaie</span> <span class='ocrx_word' id='word_1_389' title='bbox 579 1777 689 1815; x_wconf 86' lang='lat' dir='ltr'>aperte</span> <span class='ocrx_word' id='word_1_390' title='bbox 711 1764 806 1802; x_wconf 86' lang='lat' dir='ltr'>sensit</span> <span class='ocrx_word' id='word_1_391' title='bbox 821 1777 852 1802; x_wconf 90' lang='lat' dir='ltr'>et</span> <span class='ocrx_word' id='word_1_392' title='bbox 869 1780 944 1803; x_wconf 87' lang='lat' dir='ltr'>raro</span> <span class='ocrx_word' id='word_1_393' title='bbox 963 1765 1038 1802; x_wconf 90' lang='lat' dir='ltr'>tulit</span> <span class='ocrx_word' id='word_1_394' title='bbox 1063 1765 1223 1802; x_wconf 85' lang='lat' dir='ltr'>iudiciuin</span> <span class='ocrx_word' id='word_1_395' title='bbox 1238 1767 1480 1804; x_wconf 78' lang='lat' dir='ltr'>honorificum.</span> 
     </span>
    </p>
   </div>
   <div class='ocr_carea' id='block_1_4' title="bbox 82 1831 1834 2518">
    <p class='ocr_par' dir='ltr' id='par_1_4' title="bbox 82 1831 1834 2518">
     <span class='ocr_line' id='line_1_33' title="bbox 192 1831 1831 1891; baseline 0.006 -24"><span class='ocrx_word' id='word_1_396' title='bbox 192 1831 321 1868; x_wconf 84' lang='lat' dir='ltr'>Addam</span> <span class='ocrx_word' id='word_1_397' title='bbox 341 1833 401 1868; x_wconf 74' lang='lat' dir='ltr'>alia</span> <span class='ocrx_word' id='word_1_398' title='bbox 414 1832 453 1867; x_wconf 63' lang='lat' dir='ltr'>ad</span> <span class='ocrx_word' id='word_1_399' title='bbox 471 1835 680 1882; x_wconf 74' lang='lat' dir='ltr'>Pythagorae</span> <span class='ocrx_word' id='word_1_400' title='bbox 695 1837 797 1871; x_wconf 85' lang='lat' dir='ltr'>vitam</span> <span class='ocrx_word' id='word_1_401' title='bbox 814 1845 847 1871; x_wconf 92' lang='lat' dir='ltr'>et</span> <span class='ocrx_word' id='word_1_402' title='bbox 861 1833 1069 1885; x_wconf 83' lang='lat' dir='ltr'>disciplinam</span> <span class='ocrx_word' id='word_1_403' title='bbox 1085 1838 1289 1883; x_wconf 71' lang='lat' dir='ltr'>pertinentia.</span> <span class='ocrx_word' id='word_1_404' title='bbox 1330 1837 1554 1884; x_wconf 49' lang='lat' dir='ltr'>Pydiagoi‘am</span> <span class='ocrx_word' id='word_1_405' title='bbox 1570 1836 1663 1876; x_wconf 75' lang='lat' dir='ltr'>fuilse</span> <span class='ocrx_word' id='word_1_406' title='bbox 1678 1842 1831 1891; x_wconf 74' lang='lat' dir='ltr'>Samium,</span> 
     </span>
     <span class='ocr_line' id='line_1_34' title="bbox 85 1883 1831 1936; baseline 0.007 -17"><span class='ocrx_word' id='word_1_407' title='bbox 85 1883 277 1920; x_wconf 68' lang='lat' dir='ltr'>nobiliffimi</span> <span class='ocrx_word' id='word_1_408' title='bbox 293 1896 324 1920; x_wconf 92' lang='lat' dir='ltr'>et</span> <span class='ocrx_word' id='word_1_409' title='bbox 340 1884 405 1920; x_wconf 81' lang='lat' dir='ltr'>fide</span> <span class='ocrx_word' id='word_1_410' title='bbox 417 1885 596 1932; x_wconf 81' lang='lat' dir='ltr'>digniffimi</span> <span class='ocrx_word' id='word_1_411' title='bbox 613 1886 743 1921; x_wconf 69' lang='lat' dir='ltr'>tradunt</span> <span class='ocrx_word' id='word_1_412' title='bbox 758 1891 919 1930; x_wconf 76' lang='lat' dir='ltr'>auctores,</span> <span class='ocrx_word' id='word_1_413' title='bbox 945 1900 1029 1936; x_wconf 87' lang='lat' dir='ltr'>quae</span> <span class='ocrx_word' id='word_1_414' title='bbox 1049 1885 1140 1922; x_wconf 84' lang='lat' dir='ltr'>fama</span> <span class='ocrx_word' id='word_1_415' title='bbox 1156 1890 1253 1923; x_wconf 82' lang='lat' dir='ltr'>etiam</span> <span class='ocrx_word' id='word_1_416' title='bbox 1271 1885 1333 1922; x_wconf 87' lang='lat' dir='ltr'>fnit</span> <span class='ocrx_word' id='word_1_417' title='bbox 1353 1900 1502 1936; x_wconf 79' lang='lat' dir='ltr'>tempote</span> <span class='ocrx_word' id='word_1_418' title='bbox 1518 1892 1668 1934; x_wconf 76' lang='lat' dir='ltr'>Luciaiii&#39;3</span> <span class='ocrx_word' id='word_1_419' title='bbox 1692 1894 1764 1931; x_wconf 79' lang='lat' dir='ltr'>vide</span> <span class='ocrx_word' id='word_1_420' title='bbox 1774 1897 1831 1930; x_wconf 88' lang='lat' dir='ltr'>hu-</span> 
     </span>
     <span class='ocr_line' id='line_1_35' title="bbox 84 1936 1831 1989; baseline 0.007 -18"><span class='ocrx_word' id='word_1_421' title='bbox 84 1939 135 1972; x_wconf 77' lang='lat' dir='ltr'>ius</span> <span class='ocrx_word' id='word_1_422' title='bbox 156 1936 345 1984; x_wconf 79' lang='lat' dir='ltr'>dialogum,</span> <span class='ocrx_word' id='word_1_423' title='bbox 361 1939 552 1977; x_wconf 82' lang='lat' dir='ltr'>Somnium.</span> <span class='ocrx_word' id='word_1_424' title='bbox 572 1939 606 1971; x_wconf 88' lang='lat' dir='ltr'>in</span> <span class='ocrx_word' id='word_1_425' title='bbox 624 1950 690 1986; x_wconf 91' lang='lat' dir='ltr'>quo</span> <span class='ocrx_word' id='word_1_426' title='bbox 705 1938 809 1974; x_wconf 87' lang='lat' dir='ltr'>inulta</span> <span class='ocrx_word' id='word_1_427' title='bbox 825 1938 934 1988; x_wconf 88' lang='lat' dir='ltr'>lepide</span> <span class='ocrx_word' id='word_1_428' title='bbox 947 1951 1119 1975; x_wconf 85' lang='lat' dir='ltr'>narrantur</span> <span class='ocrx_word' id='word_1_429' title='bbox 1133 1938 1174 1974; x_wconf 88' lang='lat' dir='ltr'>de</span> <span class='ocrx_word' id='word_1_430' title='bbox 1190 1941 1387 1989; x_wconf 73' lang='lat' dir='ltr'>Pythagoia,</span> <span class='ocrx_word' id='word_1_431' title='bbox 1405 1955 1474 1988; x_wconf 85' lang='lat' dir='ltr'>cap.</span> <span class='ocrx_word' id='word_1_432' title='bbox 1491 1954 1520 1983; x_wconf 81' lang='grc'>4.</span> <span class='ocrx_word' id='word_1_433' title='bbox 1578 1944 1639 1979; x_wconf 90' lang='lat' dir='ltr'>Alii</span> <span class='ocrx_word' id='word_1_434' title='bbox 1657 1947 1831 1984; x_wconf 84' lang='lat' dir='ltr'>eumdixe-</span> 
     </span>
     <span class='ocr_line' id='line_1_36' title="bbox 83 1986 1831 2040; baseline 0.007 -15"><span class='ocrx_word' id='word_1_435' title='bbox 83 2000 159 2025; x_wconf 85' lang='lat' dir='ltr'>runt</span> <span class='ocrx_word' id='word_1_436' title='bbox 177 1991 409 2034; x_wconf 79' lang='lat' dir='ltr'>Tyrrhenum,</span> <span class='ocrx_word' id='word_1_437' title='bbox 436 2002 475 2023; x_wconf 84' lang='lat' dir='ltr'>ex</span> <span class='ocrx_word' id='word_1_438' title='bbox 492 2003 553 2023; x_wconf 83' lang='lat' dir='ltr'>vna</span> <span class='ocrx_word' id='word_1_439' title='bbox 568 1986 760 2032; x_wconf 85' lang='lat' dir='ltr'>insularum,</span> <span class='ocrx_word' id='word_1_440' title='bbox 777 2003 856 2039; x_wconf 81' lang='lat' dir='ltr'>quas</span> <span class='ocrx_word' id='word_1_441' title='bbox 872 1990 1082 2027; x_wconf 85' lang='lat' dir='ltr'>Athenienses</span> <span class='ocrx_word' id='word_1_442' title='bbox 1097 1990 1316 2040; x_wconf 77' lang='lat' dir='ltr'>possederunt,</span> <span class='ocrx_word' id='word_1_443' title='bbox 1338 1994 1446 2028; x_wconf 62' lang='lat' dir='ltr'>eiectis</span> <span class='ocrx_word' id='word_1_444' title='bbox 1467 1994 1668 2037; x_wconf 79' lang='lat' dir='ltr'>Tyrihenis.</span> <span class='ocrx_word' id='word_1_445' title='bbox 1695 2000 1759 2035; x_wconf 88' lang='lat' dir='ltr'>Alii</span> <span class='ocrx_word' id='word_1_446' title='bbox 1775 2015 1831 2037; x_wconf 89' lang='lat' dir='ltr'>vo·</span> 
     </span>
     <span class='ocr_line' id='line_1_37' title="bbox 83 2040 1832 2091; baseline 0.005 -14"><span class='ocrx_word' id='word_1_447' title='bbox 83 2052 160 2077; x_wconf 84' lang='lat' dir='ltr'>cant</span> <span class='ocrx_word' id='word_1_448' title='bbox 177 2055 254 2078; x_wconf 88' lang='lat' dir='ltr'>eum</span> <span class='ocrx_word' id='word_1_449' title='bbox 274 2040 459 2082; x_wconf 60' lang='lat' dir='ltr'>Piniafiuni,</span> <span class='ocrx_word' id='word_1_450' title='bbox 476 2043 747 2089; x_wconf 82' lang='lat' dir='ltr'>Metapontinum</span> <span class='ocrx_word' id='word_1_451' title='bbox 765 2043 831 2083; x_wconf 82' lang='lat' dir='ltr'>alii;</span> <span class='ocrx_word' id='word_1_452' title='bbox 858 2042 913 2078; x_wconf 81' lang='lat' dir='ltr'>alii</span> <span class='ocrx_word' id='word_1_453' title='bbox 931 2045 1079 2091; x_wconf 80' lang='lat' dir='ltr'>Syrium,</span> <span class='ocrx_word' id='word_1_454' title='bbox 1107 2045 1222 2088; x_wconf 68' lang='lat' dir='ltr'>Tyro,</span> <span class='ocrx_word' id='word_1_455' title='bbox 1242 2046 1436 2080; x_wconf 82' lang='lat' dir='ltr'>Phoeniciae</span> <span class='ocrx_word' id='word_1_456' title='bbox 1451 2047 1528 2081; x_wconf 81' lang='lat' dir='ltr'>vrbe</span> <span class='ocrx_word' id='word_1_457' title='bbox 1543 2049 1732 2086; x_wconf 81' lang='lat' dir='ltr'>oriundum.</span> <span class='ocrx_word' id='word_1_458' title='bbox 1767 2054 1832 2089; x_wconf 84' lang='lat' dir='ltr'>Alii</span> 
     </span>
     <span class='ocr_line' id='line_1_38' title="bbox 85 2091 1832 2147; baseline 0.003 -18"><span class='ocrx_word' id='word_1_459' title='bbox 85 2093 138 2142; x_wconf 91' lang='lat' dir='ltr'>(vt</span> <span class='ocrx_word' id='word_1_460' title='bbox 154 2095 312 2141; x_wconf 65' lang='lat' dir='ltr'>stlaffeim</span> <span class='ocrx_word' id='word_1_461' title='bbox 329 2097 381 2128; x_wconf 90' lang='lat' dir='ltr'>in:</span> <span class='ocrx_word' id='word_1_462' title='bbox 409 2091 533 2129; x_wconf 77' lang='lat' dir='ltr'>Oileru.</span> <span class='ocrx_word' id='word_1_463' title='bbox 550 2092 617 2128; x_wconf 88' lang='lat' dir='ltr'>lett.</span> <span class='ocrx_word' id='word_1_464' title='bbox 635 2104 716 2130; x_wconf 87' lang='lat' dir='ltr'>toin.</span> <span class='ocrx_word' id='word_1_465' title='bbox 733 2095 792 2131; x_wconf 92' lang='lat' dir='ltr'>1V.</span> <span class='ocrx_word' id='word_1_466' title='bbox 811 2108 843 2144; x_wconf 89' lang='lat' dir='ltr'>p.</span> <span class='ocrx_word' id='word_1_467' title='bbox 852 2107 902 2140; x_wconf 86' lang='lat'>72.</span> <span class='ocrx_word' id='word_1_468' title='bbox 919 2096 1000 2131; x_wconf 89' lang='lat' dir='ltr'>coll.</span> <span class='ocrx_word' id='word_1_469' title='bbox 1017 2098 1206 2143; x_wconf 67' lang='lat' dir='ltr'>Ingeniann.</span> <span class='ocrx_word' id='word_1_470' title='bbox 1225 2098 1273 2131; x_wconf 90' lang='lat' dir='ltr'>in:</span> <span class='ocrx_word' id='word_1_471' title='bbox 1300 2095 1494 2133; x_wconf 77' lang='lat' dir='ltr'>Gescliichtc</span> <span class='ocrx_word' id='word_1_472' title='bbox 1509 2099 1565 2134; x_wconf 83' lang='lat' dir='ltr'>der</span> <span class='ocrx_word' id='word_1_473' title='bbox 1581 2099 1698 2147; x_wconf 79' lang='lat' dir='ltr'>freyen</span> <span class='ocrx_word' id='word_1_474' title='bbox 1710 2105 1832 2142; x_wconf 74' lang='lat' dir='ltr'>Kfinste</span> 
     </span>
     <span class='ocr_line' id='line_1_39' title="bbox 83 2144 1831 2196; baseline 0.007 -14"><span class='ocrx_word' id='word_1_475' title='bbox 83 2146 151 2182; x_wconf 90' lang='lat' dir='ltr'>und</span> <span class='ocrx_word' id='word_1_476' title='bbox 169 2144 444 2183; x_wconf 67' lang='lat' dir='ltr'>Wiffenschssten</span> <span class='ocrx_word' id='word_1_477' title='bbox 463 2148 493 2179; x_wconf 90' lang='lat' dir='ltr'>in</span> <span class='ocrx_word' id='word_1_478' title='bbox 511 2146 636 2180; x_wconf 83' lang='lat' dir='ltr'>Italien.</span> <span class='ocrx_word' id='word_1_479' title='bbox 664 2147 688 2181; x_wconf 86' lang='grc' dir='ltr'>Ι.</span> <span class='ocrx_word' id='word_1_480' title='bbox 706 2159 738 2193; x_wconf 88' lang='lat' dir='ltr'>p.</span> <span class='ocrx_word' id='word_1_481' title='bbox 755 2154 806 2191; x_wconf 84' lang='lat'>38,</span> <span class='ocrx_word' id='word_1_482' title='bbox 821 2158 852 2182; x_wconf 90' lang='lat' dir='ltr'>et</span> <span class='ocrx_word' id='word_1_483' title='bbox 869 2146 940 2196; x_wconf 86' lang='lat' dir='ltr'>ipso</span> <span class='ocrx_word' id='word_1_484' title='bbox 959 2147 1182 2183; x_wconf 61' lang='lat' dir='ltr'>&#39;sirabosciiz&#39;o</span> <span class='ocrx_word' id='word_1_485' title='bbox 1202 2160 1282 2182; x_wconf 84' lang='lat' dir='ltr'>tow.</span> <span class='ocrx_word' id='word_1_486' title='bbox 1295 2151 1316 2183; x_wconf 83' lang='lat' dir='ltr'>i.</span> <span class='ocrx_word' id='word_1_487' title='bbox 1334 2162 1365 2196; x_wconf 83' lang='lat' dir='ltr'>p.</span> <span class='ocrx_word' id='word_1_488' title='bbox 1384 2163 1424 2194; x_wconf 84' lang='lat'>29</span> <span class='ocrx_word' id='word_1_489' title='bbox 1444 2150 1504 2195; x_wconf 78' lang='lat' dir='ltr'>sq.)</span> <span class='ocrx_word' id='word_1_490' title='bbox 1530 2149 1653 2189; x_wconf 71' lang='lat' dir='ltr'>faciunt</span> <span class='ocrx_word' id='word_1_491' title='bbox 1671 2169 1747 2192; x_wconf 88' lang='lat' dir='ltr'>eum</span> <span class='ocrx_word' id='word_1_492' title='bbox 1765 2161 1831 2195; x_wconf 89' lang='lat' dir='ltr'>He-</span> 
     </span>
     <span class='ocr_line' id='line_1_40' title="bbox 84 2196 1831 2259; baseline 0.005 -26"><span class='ocrx_word' id='word_1_493' title='bbox 84 2197 231 2235; x_wconf 85' lang='lat' dir='ltr'>truscum</span> <span class='ocrx_word' id='word_1_494' title='bbox 244 2229 254 2242; x_wconf 90' lang='lat'>,</span> <span class='ocrx_word' id='word_1_495' title='bbox 283 2213 367 2247; x_wconf 86' lang='lat' dir='ltr'>quae</span> <span class='ocrx_word' id='word_1_496' title='bbox 391 2200 506 2245; x_wconf 62' lang='lat' dir='ltr'>opinio</span> <span class='ocrx_word' id='word_1_497' title='bbox 523 2197 599 2232; x_wconf 76' lang='lat' dir='ltr'>inde</span> <span class='ocrx_word' id='word_1_498' title='bbox 615 2209 686 2234; x_wconf 89' lang='lat' dir='ltr'>orta</span> <span class='ocrx_word' id='word_1_499' title='bbox 702 2196 811 2241; x_wconf 84' lang='lat' dir='ltr'>fuerit,</span> <span class='ocrx_word' id='word_1_500' title='bbox 832 2199 924 2247; x_wconf 91' lang='lat' dir='ltr'>quod</span> <span class='ocrx_word' id='word_1_501' title='bbox 942 2201 1072 2248; x_wconf 80' lang='lat' dir='ltr'>aliquot</span> <span class='ocrx_word' id='word_1_502' title='bbox 1088 2202 1302 2249; x_wconf 72' lang='lat' dir='ltr'>pythagorica</span> <span class='ocrx_word' id='word_1_503' title='bbox 1320 2200 1432 2248; x_wconf 89' lang='lat' dir='ltr'>placita</span> <span class='ocrx_word' id='word_1_504' title='bbox 1452 2201 1702 2244; x_wconf 77' lang='lat' dir='ltr'>similitudinem</span> <span class='ocrx_word' id='word_1_505' title='bbox 1719 2223 1831 2259; x_wconf 85' lang='lat' dir='ltr'>qnam.</span> 
     </span>
     <span class='ocr_line' id='line_1_41' title="bbox 82 2249 1831 2306; baseline 0.005 -18"><span class='ocrx_word' id='word_1_506' title='bbox 82 2251 158 2288; x_wconf 82' lang='lat' dir='ltr'>dam</span> <span class='ocrx_word' id='word_1_507' title='bbox 176 2253 296 2288; x_wconf 84' lang='lat' dir='ltr'>habent</span> <span class='ocrx_word' id='word_1_508' title='bbox 313 2265 388 2286; x_wconf 83' lang='lat' dir='ltr'>cum</span> <span class='ocrx_word' id='word_1_509' title='bbox 408 2251 519 2284; x_wconf 80' lang='lat' dir='ltr'>ritibus</span> <span class='ocrx_word' id='word_1_510' title='bbox 538 2249 732 2298; x_wconf 84' lang='lat' dir='ltr'>quibusdam</span> <span class='ocrx_word' id='word_1_511' title='bbox 750 2249 1002 2292; x_wconf 69' lang='lat' dir='ltr'>Hetruscornin,</span> <span class='ocrx_word' id='word_1_512' title='bbox 1020 2266 1037 2287; x_wconf 86' lang='lat' dir='ltr'>a</span> <span class='ocrx_word' id='word_1_513' title='bbox 1052 2254 1168 2300; x_wconf 84' lang='lat' dir='ltr'>quibus</span> <span class='ocrx_word' id='word_1_514' title='bbox 1183 2254 1237 2287; x_wconf 79' lang='lat' dir='ltr'>illa</span> <span class='ocrx_word' id='word_1_515' title='bbox 1254 2264 1367 2288; x_wconf 79' lang='lat' dir='ltr'>mutua</span> <span class='ocrx_word' id='word_1_516' title='bbox 1387 2251 1531 2290; x_wconf 81' lang='lat' dir='ltr'>suii.serit</span> <span class='ocrx_word' id='word_1_517' title='bbox 1545 2260 1758 2305; x_wconf 70' lang='lat' dir='ltr'>Pythagoras,</span> <span class='ocrx_word' id='word_1_518' title='bbox 1786 2269 1831 2306; x_wconf 79' lang='lat' dir='ltr'>(v.</span> 
     </span>
     <span class='ocr_line' id='line_1_42' title="bbox 82 2300 1832 2354; baseline 0.01 -21"><span class='ocrx_word' id='word_1_519' title='bbox 82 2306 195 2354; x_wconf 63' lang='lat' dir='ltr'>Heym</span> <span class='ocrx_word' id='word_1_520' title='bbox 212 2309 243 2341; x_wconf 70' lang='lat' dir='ltr'>in</span> <span class='ocrx_word' id='word_1_521' title='bbox 260 2307 355 2339; x_wconf 55' lang='lat' dir='ltr'>nouis</span> <span class='ocrx_word' id='word_1_522' title='bbox 369 2306 564 2338; x_wconf 54' lang='lat' dir='ltr'>comment.</span> <span class='ocrx_word' id='word_1_523' title='bbox 580 2300 740 2337; x_wconf 79' lang='lat' dir='ltr'>societatis</span> <span class='ocrx_word' id='word_1_524' title='bbox 752 2305 1017 2352; x_wconf 75' lang='lat' dir='ltr'>regiaeGotting.</span> <span class='ocrx_word' id='word_1_525' title='bbox 1037 2306 1186 2339; x_wconf 89' lang='lat' dir='ltr'>tom.1V.</span> <span class='ocrx_word' id='word_1_526' title='bbox 1206 2318 1236 2352; x_wconf 91' lang='lat' dir='ltr'>p.</span> <span class='ocrx_word' id='word_1_527' title='bbox 1252 2305 1324 2349; x_wconf 81' lang='lat'>87.)</span> <span class='ocrx_word' id='word_1_528' title='bbox 1352 2308 1527 2353; x_wconf 49' lang='lat' dir='ltr'>Hymni-11.</span> <span class='ocrx_word' id='word_1_529' title='bbox 1543 2300 1672 2346; x_wconf 60' lang='lat' dir='ltr'>Gimnfa</span> <span class='ocrx_word' id='word_1_530' title='bbox 1692 2317 1740 2350; x_wconf 88' lang='lat' dir='ltr'>in:</span> <span class='ocrx_word' id='word_1_531' title='bbox 1759 2315 1832 2352; x_wconf 83' lang='lat' dir='ltr'>Idea</span> 
     </span>
     <span class='ocr_line' id='line_1_43' title="bbox 83 2355 1831 2413; baseline 0.004 -19"><span class='ocrx_word' id='word_1_532' title='bbox 83 2356 170 2394; x_wconf 81' lang='lat' dir='ltr'>della</span> <span class='ocrx_word' id='word_1_533' title='bbox 187 2357 283 2393; x_wconf 85' lang='lat' dir='ltr'>ssoria</span> <span class='ocrx_word' id='word_1_534' title='bbox 297 2355 372 2391; x_wconf 71' lang='lat' dir='ltr'>dei&#39;r</span> <span class='ocrx_word' id='word_1_535' title='bbox 389 2356 478 2391; x_wconf 67' lang='lat' dir='ltr'>ltalia</span> <span class='ocrx_word' id='word_1_536' title='bbox 499 2355 644 2390; x_wconf 67' lang='lat' dir='ltr'>leteraia</span> <span class='ocrx_word' id='word_1_537' title='bbox 665 2365 726 2391; x_wconf 90' lang='lat' dir='ltr'>ete.</span> <span class='ocrx_word' id='word_1_538' title='bbox 753 2355 896 2403; x_wconf 84' lang='lat' dir='ltr'>Neapoli</span> <span class='ocrx_word' id='word_1_539' title='bbox 913 2367 1000 2399; x_wconf 84' lang='lat'>1724.</span> <span class='ocrx_word' id='word_1_540' title='bbox 1019 2366 1048 2399; x_wconf 81' lang='grc'>4.</span> <span class='ocrx_word' id='word_1_541' title='bbox 1076 2358 1217 2397; x_wconf 81' lang='lat' dir='ltr'>Samum,</span> <span class='ocrx_word' id='word_1_542' title='bbox 1236 2358 1346 2392; x_wconf 72' lang='lat' dir='ltr'>vrbem</span> <span class='ocrx_word' id='word_1_543' title='bbox 1363 2361 1394 2391; x_wconf 79' lang='lat' dir='ltr'>iii</span> <span class='ocrx_word' id='word_1_544' title='bbox 1416 2359 1577 2403; x_wconf 73' lang='lat' dir='ltr'>Calabria,</span> <span class='ocrx_word' id='word_1_545' title='bbox 1594 2365 1695 2401; x_wconf 82' lang='lat' dir='ltr'>hodie</span> <span class='ocrx_word' id='word_1_546' title='bbox 1714 2367 1831 2413; x_wconf 48' lang='lat' dir='ltr'>Crestia.</span> 
     </span>
     <span class='ocr_line' id='line_1_44' title="bbox 83 2405 1833 2459; baseline 0.002 -13"><span class='ocrx_word' id='word_1_547' title='bbox 83 2423 190 2450; x_wconf 66' lang='lat' dir='ltr'>ecura,</span> <span class='ocrx_word' id='word_1_548' title='bbox 211 2413 347 2459; x_wconf 56' lang='lat' dir='ltr'>patriani</span> <span class='ocrx_word' id='word_1_549' title='bbox 366 2405 676 2455; x_wconf 70' lang='lat' dir='ltr'>fuilTePythagorae</span> <span class='ocrx_word' id='word_1_550' title='bbox 686 2408 872 2449; x_wconf 86' lang='lat' dir='ltr'>contendit;</span> <span class='ocrx_word' id='word_1_551' title='bbox 893 2420 1037 2456; x_wconf 82' lang='lat' dir='ltr'>v.gerin.</span> <span class='ocrx_word' id='word_1_552' title='bbox 1051 2409 1128 2443; x_wconf 65' lang='lat' dir='ltr'>Acta</span> <span class='ocrx_word' id='word_1_553' title='bbox 1139 2407 1238 2445; x_wconf 80' lang='lat' dir='ltr'>Ernd.</span> <span class='ocrx_word' id='word_1_554' title='bbox 1257 2411 1433 2456; x_wconf 45' lang='lat' dir='ltr'>taracus.</span> <span class='ocrx_word' id='word_1_555' title='bbox 1449 2412 1620 2459; x_wconf 81' lang='lat' dir='ltr'>Sidonem,</span> <span class='ocrx_word' id='word_1_556' title='bbox 1639 2420 1833 2457; x_wconf 71' lang='lat' dir='ltr'>phoeniciae</span> 
     </span>
     <span class='ocr_line' id='line_1_45' title="bbox 83 2457 1834 2518; baseline 0.005 -20"><span class='ocrx_word' id='word_1_557' title='bbox 83 2461 253 2514; x_wconf 83' lang='lat' dir='ltr'>quondam</span> <span class='ocrx_word' id='word_1_558' title='bbox 270 2460 491 2511; x_wconf 83' lang='lat' dir='ltr'>metropolin,</span> <span class='ocrx_word' id='word_1_559' title='bbox 518 2463 586 2496; x_wconf 77' lang='lat' dir='ltr'>eius</span> <span class='ocrx_word' id='word_1_560' title='bbox 604 2457 699 2496; x_wconf 77' lang='lat' dir='ltr'>fuisse</span> <span class='ocrx_word' id='word_1_561' title='bbox 712 2463 862 2510; x_wconf 84' lang='lat' dir='ltr'>patriam,</span> <span class='ocrx_word' id='word_1_562' title='bbox 891 2473 907 2496; x_wconf 86' lang='lat' dir='ltr'>e</span> <span class='ocrx_word' id='word_1_563' title='bbox 932 2460 1115 2495; x_wconf 83' lang='lat' dir='ltr'>Iamblicho</span> <span class='ocrx_word' id='word_1_564' title='bbox 1134 2461 1309 2508; x_wconf 75' lang='lat' dir='ltr'>probatum</span> <span class='ocrx_word' id='word_1_565' title='bbox 1327 2464 1467 2505; x_wconf 81' lang='lat' dir='ltr'>inerunt,</span> <span class='ocrx_word' id='word_1_566' title='bbox 1484 2478 1538 2502; x_wconf 85' lang='lat' dir='ltr'>aut</span> <span class='ocrx_word' id='word_1_567' title='bbox 1558 2473 1670 2518; x_wconf 81' lang='lat' dir='ltr'>potius</span> <span class='ocrx_word' id='word_1_568' title='bbox 1686 2485 1834 2509; x_wconf 85' lang='lat' dir='ltr'>errarunt</span> 
     </span>
    </p>
   </div>
   <div class='ocr_carea' id='block_1_5' title="bbox 963 2515 1836 2562">
    <p class='ocr_par' dir='ltr' id='par_1_5' title="bbox 963 2515 1836 2562">
     <span class='ocr_line' id='line_1_46' title="bbox 963 2515 1836 2562; baseline 0 0"><span class='ocrx_word' id='word_1_569' title='bbox 963 2515 992 2552; x_wconf 75' lang='lat' dir='ltr'>E</span> <span class='ocrx_word' id='word_1_570' title='bbox 1007 2525 1025 2548; x_wconf 67' lang='lat' dir='ltr'>e</span> <span class='ocrx_word' id='word_1_571' title='bbox 1052 2525 1069 2548; x_wconf 58' lang='grc' dir='ltr'><strong>Ε</strong></span> <span class='ocrx_word' id='word_1_572' title='bbox 1083 2526 1100 2549; x_wconf 71' lang='lat' dir='ltr'>e</span> <span class='ocrx_word' id='word_1_573' title='bbox 1116 2526 1133 2549; x_wconf 71' lang='lat' dir='ltr'>e</span> <span class='ocrx_word' id='word_1_574' title='bbox 1160 2526 1177 2548; x_wconf 80' lang='lat'>²</span> <span class='ocrx_word' id='word_1_575' title='bbox 1680 2525 1836 2562; x_wconf 78' lang='lat' dir='ltr'>Srlirader</span> 
     </span>
    </p>
   </div>
  </div>
 </body>
</html>
