2183 2747
609 121 796 160 POETAE
825 122 1037 160 GNOMICI.
1085 121 1271 158 EVENVS.
1455 124 1583 168 Lims.
1599 138 1667 164 en.
1749 141 1811 175 729

58 219 180 257 satum.
234 219 406 256 Socratem
428 229 539 255 autem
564 219 604 254 ab
629 221 746 255 Eueno
771 216 915 255 didiciffc
938 221 1108 269 poeticen,
1141 221 1183 254 ait
1199 219 1369 253 Maximus
1391 219 1515 268 Tyrius
1542 220 1660 257 differt.
1676 229 1725 266 38.
1750 223 1812 267 (al.

61 275 125 318 22.)
146 288 177 323 p.
196 285 272 319 449.
299 272 373 308 edit.
392 275 432 309 11.
458 270 593 308 Dauifii.
650 272 857 318 Aristotelem
883 285 1016 322 quoque
1032 273 1103 307 VII.
1125 284 1161 306 ιι.
1184 274 1443 308 Nicomachcor.
1459 284 1490 308 et
1510 276 1548 308 V.
1568 289 1594 318 5.
1619 273 1809 324 Metaphys.

60 328 147 363 issiu..-
173 323 282 361 scciil'e
307 329 532 368 mentionem,
567 327 610 359 ait
632 325 806 359 Fabricius.
875 326 963 360 Huic
990 321 1102 360 forsan
1131 321 1206 360 sunt
1235 338 1369 374 quoque
1400 324 1613 362 adtribucnda
1641 327 1695 363 illa
1725 327 1811 365 dicta

60 378 148 429 apud
166 380 381 413 Plutarchum
399 381 433 413 in
450 379 577 414 Platon.
597 377 774 426 quaestion.
791 391 822 426 p.
841 390 927 413 loro.
943 375 979 421 (s.
1003 391 1033 426 p.
1052 384 1118 423 198.
1138 388 1222 412 tom.
1241 379 1281 412 X.
1306 377 1382 413 edit.
1402 379 1554 423 Reium.)
1579 382 1684 427 ignem
1708 382 1812 417 condi-

59 439 240 468 mentorum
255 434 449 476 optimorum
463 431 536 478 effe,
563 427 718 475 (‘'F,vnvoc
732 427 790 477 &oti
807 426 848 468 τὲ
864 431 931 479 πῦρ
947 430 1100 478 ἔφασκεν
1115 425 1318 479 ἡδυσμάτων
1333 426 1412 478 εἷναί
1431 428 1581 482 οἴξιςενς)
1607 443 1638 467 et
1660 431 1700 468 de
1717 447 1811 470 amo-

60 498 96 520 re
108 484 210 534 prolis
224 497 257 533 p.
269 486 347 529 496.
365 480 403 528 (s.
423 498 456 533 p.
469 496 540 530 933.
562 484 626 518 vol.
640 485 710 517 VII.
723 479 948 526 Reiskii)'‘1ci*e‚
977 480 1015 526 (s.
1036 479 1105 527 ἡδὲ)
1123 479 1181 527 ὅση
1196 480 1290 526 λύπη
1302 485 1388 521 παῖς
1405 485 1517 534 πατρὶ
1534 480 1660 523 πάντα
1678 485 1808 537 χρόνον.

60 538 196 580 Iunior,
220 549 320 586 quem
336 533 432 585 μόνον
453 534 682 587 Ὺνωξίζεσθαμ
696 537 903 570 celebritatem
918 535 1144 582 consequentum
1165 535 1220 583 ff
1242 533 1348 571 scribit
1368 538 1595 573 Eratosthenes
1610 538 1632 573 l.
1651 553 1698 574 m.
1720 537 1810 574 haud

60 590 172 626 multo
196 588 269 638 post
293 587 403 625 vixiffe
425 589 571 631 videtur,
599 588 688 637 quod
714 588 962 629 Eratosthenes,
997 587 1151 638 (Olymp.
1170 590 1404 636 CXXXVIII.)
1426 589 1524 625 illum
1546 589 1666 626 laudat.
1721 593 1811 628 Huic

60 642 168 679 multa
184 645 351 680 carmina,
381 655 463 691 quae
481 644 513 676 in
530 652 666 691 Vtraque
691 640 887 689 anthologia
903 640 1046 681 exstant,
1072 638 1134 676 effe
1151 638 1380 683 adscribenda,
1406 656 1483 677 cum
1510 644 1639 678 Reisf'u'o
1663 646 1696 678 in
1718 647 1811 680 Noti-

60 698 104 732 tia
124 706 299 744 poetarum
317 695 612 742 anthologia-orum
629 708 661 743 p.
680 705 743 728 210.
766 693 940 739 (Cephalus
958 694 1162 740 anthologia
1181 697 1340 740 gracene‚)
1357 704 1389 729 et
1411 694 1450 730 cl.
1467 695 1653 730 Schneia'ero
1677 699 1707 730 in
1726 699 1811 732 Peri-

63 749 141 783 aulo
167 750 281 782 critico
304 745 344 782 ad
368 747 538 797 Cephalae
560 746 684 782 anthol.
710 760 742 795 p.
760 748 826 783 126.
848 744 968 781 iudico.
1023 745 1123 794 Qod
1147 759 1226 781 vcro
1250 749 1284 781 in
1306 747 1402 782 titulo
1425 751 1580 782 carminis
1603 747 1738 784 Icnsiani
1757 762 1809 785 20.

62 799 248 849 adpellatur
268 797 542 850 γραμματικοὶ,
567 801 600 834 h.
619 813 647 834 e.
658 799 811 846 publicus
826 797 954 845 scriba,
982 801 1146 839 notarim,
1174 812 1242 848 quo
1267 798 1402 848 quidem
1425 797 1518 835 sensu
1544 798 1813 851 frequentabatur

60 850 262 901 sequioribus
279 851 429 896 lac-culis,
457 866 495 888 ex
511 866 551 888 eo
566 862 650 887 aetas
671 851 757 887 illius
775 849 904 885 definiri
924 853 1053 900 nequit,
1079 851 1187 887 multo
1210 854 1321 886 minus
1337 852 1471 901 colligi,
1497 866 1581 902 quae
1603 853 1738 903 quidem
1762 853 1812 890 su-

62 902 163 953 spicio
178 916 249 940 orta
265 916 332 939 erat
352 906 496 945 Reissio.
523 907 678 940 Euenum
693 902 731 938 ad
750 913 889 938 aetatem
906 905 1064 952 Agathiae
1081 902 1143 939 csse
1158 903 1425 953 deprimendum.
1476 906 1564 940 Nam
1581 904 1646 954 ipse
1662 908 1811 943 ReiskIus

61 955 174 998 sensit,
202 959 266 992 hoc
284 957 352 992 fieri
370 971 440 992 non
458 954 568 1006 polle,
594 959 669 1006 quia
685 955 854 1005 Philippus
872 953 1173 991 Thellalonicenfis
1196 968 1273 992 eum
1297 959 1330 991 in
1347 956 1514 1005 Catalogo
1538 955 1673 995 suorum
1696 971 1810 1009 poeta-

60 1023 138 1044 rum
154 1012 326 1054 nominat3
352 1013 546 1059 praecipue,
573 1007 664 1059 quod
687 1007 727 1043 cl.
744 1007 959 1044 Schneiderus
975 1008 997 1044 I.
1015 1022 1061 1044 m.
1079 1020 1172 1044 acute
1195 1020 1327 1048 monet,
1355 1012 1429 1058 quia
1454 1010 1586 1046 titulum
1613 1025 1692 1046 eum
1713 1013 1810 1048 libra-

60 1065 100 1098 n'i
116 1059 210 1111 saepe
229 1061 423 1111 ineptissime
439 1063 630 1098 nominibus
645 1072 821 1111 poetarum
838 1059 1011 1103 addidere,
1039 1075 1099 1096 nec
1121 1063 1238 1111 vbique
1261 1075 1301 1097 eo
1324 1061 1497 1097 nitendum
1517 1062 1572 1100 est.
1626 1065 1717 1099 Hinc
1740 1079 1809 1102 non

61 1128 217 1157 moueor,
245 1114 335 1164 quod
351 1114 437 1165 apud
452 1115 655 1150 Brunckium
676 1114 823 1150 Analect.
840 1123 926 1162 poet.
941 1114 996 1148 III.
1010 1119 1092 1162 p.28
1104 1111 1147 1163 sq.
1163 1118 1369 1164 epigramma
1384 1114 1554 1164 quoddam
1570 1118 1602 1150 in
1618 1115 1694 1153 cod.
1706 1119 1810 1156 Varie,

61 1168 212 1203 tribuitur
236 1168 345 1202 Eueno
359 1168 580 1216 Ascalom’tae,
609 1177 641 1203 et
662 1166 724 1202 alia
744 1165 812 1202 duo
828 1165 942 1201 Eueno
956 1165 1144 1215 Atheniensi
1160 1170 1385 1215 grammatico,
1447 1169 1536 1202 Huic
1559 1170 1676 1205 Eueno
1699 1171 1811 1206 tribuit

61 1233 195 1270 quoque
212 1221 362 1256 Reiskius
386 1234 523 1257 carmen
539 1223 614 1264 446.
640 1217 714 1255 suae
730 1218 956 1262 colledlionis‚
982 1217 1073 1268 quod
1088 1216 1238 1262 Θυηλοίε
1260 1233 1361 1268 praue
1382 1217 1572 1255 inscribitur.
1623 1223 1810 1267 Amatoria,

60 1286 163 1322 eaque
181 1272 270 1308 haud
289 1270 419 1323 semper
434 1272 570 1323 pudica,
598 1269 752 1322 scripsisse
767 1285 843 1307 eum
855 1299 865 1313 a
893 1285 932 1307 ex
951 1285 990 1306 eo
1013 1271 1051 1306 fit
1074 1272 1263 1320 probabile,
1287 1275 1362 1321 quia
1378 1271 1609 1308 Artemidorus
1624 1274 1678 1310 lib.
1696 1277 1721 1311 l.
1736 1288 1808 1324 cap.

61 1338 87 1372 5.
102 1324 215 1361 laudat
230 1326 316 1361 illius
335 1325 385 1365 τοὶ
400 1324 445 1364 εἰς
460 1330 593 1375 ἔννομον
615 1320 784 1376 ἐρωτικαὶ,
811 1327 890 1359 item
906 1324 1074 1359 Arrianus
1086 1324 1142 1360 lib.
1162 1327 1220 1361 1V.
1238 1338 1309 1373 cap.
1325 1337 1357 1370 9.
1375 1323 1414 1359 ad
1432 1339 1509 1360 eum
1521 1354 1530 1367 ,
1559 1328 1612 1374 qui
1634 1325 1810 1376 impudens

62 1375 126 1414 effe
151 1389 324 1428 coeperat,
350 1382 385 1414 in
408 1378 540 1429 disputt.
555 1380 713 1428 ΕΡίςΊεῑί,
741 1379 895 1412 Euenum
917 1379 1092 1425 coniungit
1116 1390 1192 1412 cum
1216 1376 1372 1416 Aristide,
1401 1377 1607 1412 Milesiarum
1634 1376 1810 1428 scriptore:

60 1433 209 1474 „Homo
224 1429 328 1474 fuisti,
355 1445 444 1468 nunc
457 1446 528 1467 non
545 1445 594 1467 es:
622 1431 748 1466 nihilne
761 1429 915 1465 amisisti?
943 1427 1023 1467 οἰντὶ
1045 1432 1230 1480 Χρυσίππε
1253 1426 1311 1477 χρή
1333 1426 1474 1472 Ζήνωνες
1496 1427 1668 1480 Ἀξιςεῖἓην
1683 1429 1809 1480 οἰνοιῪι-

62 1481 196 1523 γαῖσκεις
212 1481 270 1531 &cxj
286 1482 411 1529 Ἐυηνὲν
423 1497 430 1504 ·
459 1481 531 1525 §div
547 1480 804 1527 οἱπολῶλεκσιςς
827 1483 913 1517 Loco
931 1483 1101 1532 Chfyfiflpl
1116 1491 1145 1517 et
1161 1484 1299 1519 Zenonis
1314 1482 1492 1528 Aristidem
1507 1485 1587 1530 legis
1608 1492 1637 1518 et
1649 1485 1809 1520 Euenum.

61 1537 195 1572 Nim‘lnae
211 1537 362 1587 amisisti?
415 1540 522 1588 Atque
538 1538 700 1573 Fabricius
721 1533 806 1571 infra
824 1534 879 1570 lib.
894 1538 934 1570 V.
963 1549 1033 1585 cap.
1050 1540 1081 1572 6.
1109 1550 1140 1585 p.
1158 1544 1222 1578 812.
1251 1534 1318 1570 vol.
1335 1536 1391 1569 VI.
1415 1533 1559 1570 recenset
1582 1537 1736 1572 Euenum
1757 1540 1807 1572 in-

62 1594 112 1626 ter
126 1587 298 1639 scriptores
315 1593 468 1627 eroticos.
502 1588 598 1625 Adde
616 1589 744 1625 clarum
759 1588 988 1624 testimonium
1004 1587 1146 1635 Ausonii
1162 1591 1197 1623 in
1214 1590 1365 1623 Centone
1381 1588 1530 1636 nuptiali,
1556 1601 1631 1637 pag.
1650 1601 1714 1633 5¹7-
1729 1588 1805 1626 edit.

61 1641 189 1685 Tomi,
213 1643 320 1692 ibique
335 1654 441 1678 notas.
469 1664 516 1670 -—
544 1643 582 1678 In
596 1643 738 1678 Stobaeo
751 1668 760 1683 ,
784 1643 865 1676 item
886 1641 1051 1675 Athenaeo
1067 1654 1098 1689 p.
1113 1643 1183 1684 367.
1208 1642 1256 1685 (v.
1268 1640 1454 1675 Rrunekius
1468 1639 1506 1674 ad
1524 1644 1700 1688 gnomicos
1718 1652 1806 1691 poet.

63 1707 112 1744 gr.
128 1707 200 1743 pag.
217 1696 304 1741 325.)
328 1707 359 1731 et
377 1706 512 1745 vtraque
529 1695 724 1744 anthologia
740 1693 905 1729 nonnulla
917 1720 926 1734 ,
953 1692 1034 1739 [vid.
1048 1694 1171 1728 Reiskii
1189 1693 1325 1728 Anthol.
1342 1692 1509 1741 Cephalae
1522 1707 1553 1741 p.
1570 1706 1636 1729 120.
1664 1695 1806 1731 Brunck.

65 1759 182 1794 gnom.
199 1757 288 1795 poet.
306 1760 356 1795 gr.
373 1747 395 1782 l.
409 1761 513 1783 mem.
534 1758 567 1783 et
581 1748 676 1797 plura
691 1750 723 1782 in
738 1745 840 1782 eiusd.
856 1745 1005 1781 analect.
1026 1756 1114 1794 poet.
1132 1748 1156 1781 I.
1181 1759 1213 1795 p.
1234 1745 1317 1790 164]
1342 1757 1425 1794 quae
1448 1745 1551 1780 Eueni
1575 1744 1637 1781 esse
1659 1749 1807 1782 carmina

65 1795 236 1839 dicuutur,
263 1811 461 1844 occurrunt3
487 1797 540 1835 scd
555 1803 617 1835 vtri
635 1803 877 1848 epigrammata
891 1797 953 1834 sint
975 1797 1165 1841 tribuenda,
1193 1797 1430 1833 difficillimum
1455 1799 1589 1833 inuentu
1617 1796 1679 1834 effe
1705 1799 1808 1835 existi-

64 1863 126 1885 mo
139 1863 217 1885 curn
234 1850 445 1886 Schneidero.
498 1853 537 1886 In
552 1853 770 1898 Montfaucon
784 1851 982 1886 bibliotheca
997 1850 1199 1886 Coisliniana
1218 1863 1292 1900 pag.
1310 1861 1374 1895 519.
1399 1860 1530 1885 notatur
1555 1849 1630 1886 cod.
1647 1851 1807 1889 CCCLII.

65 1903 230 1937 Leonas-di
249 1903 417 1945 R'zilarae,
440 1903 545 1951 vulgo
562 1903 710 1945 vinei-et,
736 1902 952 1950 Atheniensis,
976 1917 1080 1939 manu
1097 1900 1253 1952 scriptus,
1273 1905 1328 1951 qui
1345 1905 1584 1951 epigrammata
1601 1907 1748 1940 continet
1768 1918 1808 1940 ex

63 1957 160 1990 variis
185 1955 371 1990 auctoribus
396 1955 435 1990 ab
455 1955 576 1990 eodem
598 1953 773 1990 Leonardo
794 1955 923 1990 Philara
943 1955 1102 1992 collecta:
1135 1959 1169 1991 in
1194 1957 1242 1990 his
1259 1965 1438 1989 occurrunt
1461 1968 1593 2004 quoque
1612 1956 1721 1991 Eueni
1741 1960 1808 2006 epi-

65 2011 266 2056 grammata.
320 2009 358 2042 In
383 2010 416 2042 S.
435 2008 580 2042 Maximi
604 2008 766 2057 Operibus
791 2006 877 2043 dicta
897 2006 1039 2057 locaque
1066 2010 1188 2046 Eueni,
1217 2005 1447 2054 Theognidis,
1479 2008 1690 2056 Epicharmi,
1718 2010 1807 2046 Nau.

65 2063 175 2103 crath,
202 2059 419 2101 Philistionis,
450 2058 680 2109 Empedoclis,
709 2059 860 2103 Solonis,
885 2057 1094 2096 Moschionis
1111 2070 1142 2095 et
1157 2060 1364 2095 infinitorum
1381 2073 1483 2108 paene
1497 2059 1640 2096 aliorum
1656 2075 1806 2098 occurre-

0 2131 1 2138 *
65 2125 119 2155 re,
141 2111 317 2148 adnotatur
331 2113 369 2147 ab
387 2110 506 2148 eodem
522 2110 767 2153 Montfaucon,
793 2111 915 2148 ibidem
931 2125 1009 2162 pag.
1025 2115 1098 2159 576.
1121 2111 1270 2147 codicem
1286 2113 1496 2148 CCCLXXI.
1520 2111 1714 2149 recensente.
1768 2116 1805 2152 In

0 2163 1 2167 ¹
65 2164 201 2212 Assem'i
217 2163 325 2218 Ἰωωᾷ
338 2163 477 2200 seruatas
493 2162 556 2200 esse
572 2165 698 2213 aliquot
715 2165 837 2205 Eueni,
868 2165 1061 2213 Phocylidis,
1090 2163 1220 2208 Philisti
1232 2173 1264 2199 et
1277 2163 1523 2212 permultorum
1541 2177 1688 2201 veterum
1706 2169 1806 2203 Grae-

66 2230 185 2254 comm
207 2215 398 2260 sententiam,
432 2228 598 2252 memorat
618 2219 763 2253 Bandini
788 2219 820 2251 in
843 2215 1010 2265 Catalogo
1030 2217 1130 2252 MSS.
1153 2215 1299 2251 biblioth.
1314 2218 1464 2251 Laurent.
1488 2228 1572 2253 tom.
1589 2219 1612 2254 I.
1642 2233 1716 2268 pag.
1732 2232 1804 2266 549.

0 2264 1 2283 ³
66 2271 105 2306 In
119 2268 311 2320 fragmento
329 2273 442 2305 incerti
460 2271 621 2315 auctoris,
646 2266 832 2304 Censorino
852 2266 1015 2310 subiecto,
1041 2282 1110 2317 cap.
1129 2282 1162 2314 9.
1190 2282 1222 2317 p.
1243 2281 1311 2311 140.
1328 2267 1400 2303 edit.
1417 2270 1675 2319 Hauerkampii‚
1704 2272 1806 2321 vulgo

65 2322 205 2372 legitur,
231 2343 279 2350 --
307 2322 685 2370 Ῐωῑῄιῖτιιιίὶείιὲἰανὶἱ,
712 2321 938 2362 Callimachus,
964 2322 1199 2362 IIIimncrmus,
1227 2321 1443 2364 Euhemerus,
1468 2319 1521 2357 sed
1537 2323 1722 2359 Nunnefius
1739 2327 1806 2360 iam

68 2379 208 2411 coniecit
222 2376 375 2410 Euenus:
400 2387 497 2425 atque
515 2375 662 2410 Celsinus
687 2393 739 2400 -
765 2374 899 2408 Euenus
916 2383 1131 2408 correxerunt
1147 2374 1250 2407 Iacob.
1266 2373 1371 2408 Nicol.
1388 2375 1515 2424 Loesfis
1528 2377 1561 2409 in
1577 2373 1715 2412 Miscell.
1731 2379 1807 2427 Epi-

67 2427 175 2479 phyll.
192 2427 249 2464 lib.
266 2428 321 2464 1X.
346 2441 416 2480 cap.
437 2442 461 2465 1.
487 2429 538 2479 (p.
553 2429 632 2470 686.
646 2429 681 2463 in
696 2428 827 2462 Grutcri
844 2423 1011 2475 Lampade
1022 2453 1030 2467 ‚
1057 2423 1123 2461 siue
1137 2427 1220 2462 Face
1236 2428 1357 2462 artium
1372 2425 1495 2463 liberal.
1516 2431 1600 2464 tomi
1619 2431 1659 2464 V.
1680 2427 1809 2479 supple-

111 2488 179 2522 Vol.
193 2489 224 2521 I.
964 2479 991 2515 Z
1006 2490 1025 2514 z
1051 2491 1069 2514 z
1083 2490 1102 2515 z
1662 2485 1807 2528 mento)
