2183 2747
61 135 122 165 Vol.
134 135 154 162 t.
163 144 187 165 ο.
200 136 251 167 566

57 231 229 268 Alcmanis
253 230 438 281 sepulcrum
457 241 713 268 commemorat.

857 134 1048 170 ALCMAN

1381 134 1453 169 Lib.
1477 135 1525 169 Π.
1541 147 1564 169 c.
1582 134 1672 170 XV.
1780 143 1823 184 3«,

769 230 894 280 [Quam
913 230 998 266 male
1017 231 1114 279 igitur
1126 229 1272 265 Vellti'us
1281 231 1305 266 I.
1323 243 1390 280 cap.
1412 240 1459 273 18.
1476 229 1532 266 fin.
1549 229 1717 280 scripserit,
1745 233 1822 269 Alc.

54 296 151 320 mana
164 285 660 335 LamumJalsfuſsbiuinslisant,
688 281 782 319 facilc
793 285 929 331 paaebit:
954 281 1015 319 nisi
1033 281 1139 318 sensus
1152 281 1199 324 sit,
1231 285 1377 319 Lacones
1397 297 1568 332 perperam
1586 284 1640 320 libi
1657 290 1708 320 *cin
1720 286 1819 323 licare

56 336 154 373 illum
172 349 340 387 tamquam
358 342 466 374 ciuem
481 344 604 372 aarum.
659 338 745 371 Laco
764 348 900 372 vocatur
917 351 935 371 a
954 337 1054 371 Dem.
1073 336 1243 371 Triclinio
1259 335 1297 371 ad
1315 337 1475 384 Sopliocl.
1496 341 1581 372 Aias.
1595 339 1671 389 περὶ
1687 341 1729 389 μέ
1738 356 1818 391 rem

56 402 92 439 p.
119 401 187 435 435.
227 392 377 427 Clanum.
404 389 501 426 Alex.
526 390 650 425 Strom.
670 392 691 425 1.
720 402 751 437 p.
768 397 846 433 303.
864 390 1009 438 aliisque.
1037 388 1151 435 Harl]
1190 389 1312 424 Alcaeo
1330 387 1393 425 fuit
1409 393 1576 438 antiquior
1592 404 1623 426 et
1640 395 1703 427 iarn
1735 397 1819 428 circa

57 442 200 492 Olymp,
217 444 350 480 XXVIl.
370 443 446 479 telle
465 441 606 478 Eusebio
622 455 659 477 ae
678 440 776 477 Suida
791 441 917 483 claruit,
942 455 1018 476 cnm
1038 443 1068 475 in
1091 439 1197 485 Lydia
1221 454 1370 490 regnaret
1392 443 1500 487 Ardys
1527 447 1567 480 u.
1594 443 1711 481 Croesi
1743 459 1817 494 pro-

57 507 150 531 auuS.
169 493 221 528 W)
280 499 417 532 Nomen
440 498 536 530 liuius
560 497 677 530 Poetae
699 507 777 529 cum
804 493 993 528 Alcmaeone
1018 491 1152 529 subinde
1177 494 1398 531 confunditur
1414 510 1431 530 a
1450 495 1610 536 librariis,
1645 508 1677 531 vt
1695 497 1818 535 docent

57 549 207 596 Scaliger
220 547 259 583 ad
277 547 393 587 Euseb.
410 562 442 598 p.
460 555 510 590 8³-
530 559 562 583 et
579 549 757 595 Metzagius
777 545 816 582 ad
835 548 1002 582 Laertiuin
1027 547 1112 582 Vlll.
1141 556 1193 590 83.
1210 546 1254 580 Ἦ)
1308 549 1499 584 Heraclides
1522 551 1554 584 in
1581 550 1696 586 Politia
1721 553 1817 586 Lace-

59 687 218 723 Lyricum,
250 687 323 718 nulli
345 687 395 717 alii
417 697 552 717 veterum
575 688 744 724 cognitum,
774 685 913 726 procudit

59 729 139 760 idem
157 730 270 761 Suidas.
301 732 424 763 fabric.
477 726 503 759 ἓν
524 728 630 766 ἤιε-μεν
649 727 666 761 ἧ
685 726 835 763 Μεσσήνη,
871 731 912 759 ait

57 774 171 804 Suidas.
218 775 385 814 Litigarunt
400 777 490 814 igitur
509 777 566 804 viri
587 774 678 809 doe'ti,
703 784 772 803 num
785 772 912 803 Messene

59 818 129 847 vrbs
144 820 298 853 Laconica,
323 831 358 849 an
377 818 504 849 Messana
519 820 548 847 in
564 817 663 848 Sicilia
686 817 718 847 iit
742 816 910 855 intelligen-

60 861 108 897 da,
139 872 187 896 an,
210 873 285 902 qnae
302 861 492 897 iamGyroldi
508 861 565 892 fuit
579 861 729 897 sententia,
743 861 846 891 Surdas
857 863 910 890 La-

59 906 283 936 eedaemcniuni
303 918 368 936 cum
390 904 558 936 Mcss‘anensi
581 904 760 934 confuderit.
807 905 910 935 Placi-

59 949 120 980 dus
146 948 241 980 Reum
266 960 327 980 not.
351 951 451 980 histor.
477 948 622 979 Messanae
645 950 720 978 Part.
745 951 766 979 1.
797 959 826 989 p.
854 957 910 977 κιο.

59 991 271 1032 Hieronymus
296 994 422 1035 lingula
447 995 478 1023 in
501 992 582 1031 Elog.
604 991 690 1023 Sicul.
712 1003 740 1034 p.
766 1002 812 1028 29,
837 1000 865 1022 et
882 994 911 1022 in

59 1035 138 1066 sicil.
155 1036 296 1067 Biblioth.
314 1047 371 1067 ver.
389 1048 415 1078 p.
437 1047 478 1073 ¹9·
503 1037 676 1076 Mongitor.
694 1037 723 1066 in
740 1034 814 1066 Bibl.
835 1037 914 1066 Sicu-

60 1079 88 1110 la
106 1091 134 1121 p.
152 1090 194 1116 ¹4·
211 1079 322 1122 aliique
338 1081 474 1110 adserunt
491 1083 651 1115 iuniorem,
667 1091 754 1121 quem
767 1079 915 1120 Eusebius

58 1126 91 1154 in
103 1125 214 1154 Chrcn.
224 1124 345 1167 olymp.
357 1127 444 1155 XLII.
455 1123 559 1154 vixisse
568 1123 668 1160 tradit,
689 1123 834 1154 Messanae
842 1126 912 1154 Sici-

60 1166 136 1198 liae:
160 1177 188 1198 at
203 1169 343 1199 Eusebius
359 1170 478 1200 nomine
499 1177 528 1198 et
550 1167 692 1209 scriptura
717 1167 914 1198 Alcmacom's

59 1220 89 1241 et
110 1211 270 1243 ditmarus
286 1213 423 1253 deceptus
440 1210 546 1241 errasse
560 1211 679 1241 videtur
701 1211 850 1241 nonnullis
868 1214 911 1241 vi-

60 1257 101 1285 ris
117 1255 220 1285 dofris.
271 1256 410 1297 Coijlinus
427 1266 499 1285 vero
513 1257 546 1285 in
562 1257 649 1285 Fastis
663 1257 808 1285 Attiells.
825 1267 852 1296 p.
872 1265 910 1290 51-

61 1298 167 1328 melius
182 1298 294 1336 censet,
318 1299 455 1335 Suidam,
485 1301 537 1340 qui
558 1308 718 1340 Vtrumque
742 1298 911 1328 Ali-manem

61 1341 168 1371 diserte
183 1343 351 1382 distinguat,
373 1355 448 1384 pon,
473 1353 548 1384 quae
571 1343 699 1373 Fabricii
723 1342 912 1384 aliorumque

60 1385 118 1415 fuit
139 1389 264 1427 opinio,
293 1385 458 1428 procudisse
481 1385 606 1416 alterum
631 1385 824 1422 Mdsmium,
864 1386 912 1416 scd

58 1428 152 1459 alium
169 1433 367 1472 antiquiorem
382 1431 546 1466 auctorem,
575 1441 590 1459 a
605 1441 664 1471 qno
682 1441 767 1460 error
789 1429 839 1460 ille
862 1430 912 1460 ad-

60 1472 159 1503 missus
173 1473 277 1510 fuerit,
307 1474 513 1515 imprudenter
533 1473 717 1515 exscripsisse.
763 1474 914 1504 Fabricius

60 1519 91 1548 in
106 1526 176 1547 nota
193 1520 295 1554 MSta,
326 1517 537 1554 „Alcmanem,
569 1521 620 1554 ait,
645 1526 728 1559 puto,
756 1520 853 1547 notari
877 1518 913 1547 ab

60 1561 186 1592 Aristide
209 1564 263 1592 Or.
290 1563 320 1591 in
345 1562 449 1591 Bacchi
471 1559 600 1597 laudem,
631 1570 703 1591 tem.
719 1563 739 1590 1.
759 1573 787 1603 p.
804 1571 845 1597 53.
861 1561 913 1591 vbi

58 1614 170 1636 narrat.
194 1602 348 1635 Λακωνικὴ
361 1602 472 1638 minz-»iv
487 1603 625 1646 scripsisse
642 1604 678 1634 de
702 1606 815 1635 Baccho
837 1602 913 1633 λεόν-

58 1661 110 1677 των
127 1646 208 1685 γέλα
223 1648 392 1686 ᾰμέ>.7αν.“
417 1659 469 1678 nec
485 1659 651 1690 perperam.
675 1648 744 1678 Vid.
758 1648 856 1679 locum
877 1659 913 1680 ex

58 1692 207 1725 Plutarchi
225 1695 361 1732 Lycurgo
377 1692 464 1734 supra
483 1691 624 1723 adlatum.
647 1692 746 1724 Harl.

102 1784 158 1821 pp)
183 1779 330 1822 Eusebius
345 1782 457 1822 potius,
481 1790 510 1821 p.
526 1790 580 1810 ηπ.
597 1779 667 1810 edit.
683 1779 800 1810 Amstel.
823 1779 915 1810 refert

59 1834 128 1854 eum
145 1823 183 1854 ad
202 1824 324 1865 Olymp.
348 1825 440 1854 XXX.
482 1826 609 1862 [Verum
633 1826 662 1853 in
687 1823 819 1854 Rencalli
844 1824 914 1853 edit.

59 1869 173 1898 vetust.
190 1870 252 1898 Lat.
271 1868 357 1909 script
385 1868 496 1897 Chron.
515 1877 587 1897 tem.
606 1870 627 1897 I.
644 1870 717 1898 (Par.
736 1875 804 1906 1787
824 1874 832 1899 )
850 1867 913 1897 Alc-

59 1922 165 1942 maeon
181 1912 302 1952 quidem
318 1912 354 1941 ad
371 1911 417 1941 Ol.
435 1913 527 1941 XXX.
551 1916 592 1952 (p.
609 1915 694 1950 306.)
722 1910 770 1942 sed
794 1910 914 1941 Alcman

59 1956 97 1987 ad
120 1954 168 1986 Ol.
195 1957 286 1986 XLII.
308 1960 350 1996 (p.
373 1959 444 1991 318.)
475 1953 624 1991 refertur,
655 1956 674 1984 si
695 1956 788 1985 medo
811 1956 914 1991 verba,

57 1999 213 2036 Alcman,
258 2005 292 2030 vc
321 1998 508 2040 quibusdam
537 1999 680 2035 videtur,
724 1997 916 2040 agnoscitur,

60 2045 190 2083 genuina
206 2042 279 2073 sunt.
304 2041 407 2080 Barla]
445 2041 524 2072 conf.
540 2042 706 2074 Burettius
720 2045 772 2084 qni
791 2042 828 2072 ad
850 2041 915 2072 Plu-

60 2088 194 2118 archum
212 2086 248 2116 de
265 2087 374 2117 Musica
388 2089 434 2117 in:
451 2088 591 2117 Memoir.
604 2086 640 2116 de
656 2087 674 2116 1’
684 2087 770 2117 Acail.
786 2089 849 2116 Par.
865 2086 916 2116 des

45 2129 148 2215 gif.
164 2130 225 2161 vol.
239 2132 319 2162 x111.
335 2141 364 2171 p.
380 2140 428 2167 ¹95
445 2129 505 2171 sqq.
520 2130 555 2159 de
571 2133 643 2166 vita,
667 2130 854 2172 poematibus
869 2140 916 2160 ar-

134 2185 150 2204 e
171 2174 278 2204 musica
300 2173 446 2204 Alcmanis
469 2176 529 2212 agit
548 2175 679 2204 vberius.
744 2174 864 2205 Saxius
885 2175 915 2203 in

0 2214 9 2259 ζ
62 2219 249 2249 0nomast.1.
267 2228 295 2258 p.
313 2227 351 2252 ις.
374 2226 500 2247 aetatem
524 2216 668 2247 Alcmanis
689 2216 797 2247 adserit
817 2219 849 2247 A.
873 2219 915 2247 Μ.

0 2271 6 2293 ῖ
42 2290 46 2294 .
61 2270 138 2297 9333.
153 2261 202 2291 01.
222 2263 345 2291 xxvu.
362 2271 383 2289 1.
405 2268 472 2290 ante
489 2262 521 2290 C.
537 2262 577 2290 N.
597 2264 667 2299 ⁶70·
682 2263 720 2291 V.
736 2263 770 2291 C.
790 2266 834 2293 82·
849 2271 915 2290 cum

4 2322 6 2333 l
60 2303 190 2346 Simstm.
208 2307 238 2334 in
254 2305 365 2334 Chi-on.
381 2304 417 2333 ad
441 2304 518 2333 hunc
544 2314 655 2333 annum
680 2304 762 2334 orbis
793 2304 915 2333 conditi.

3 2354 10 2365 ⁸
59 2347 227 2378 Secundum
242 2349 413 2377 Chronicon
425 2345 550 2377 Eusebio
562 2366 571 2372 -
583 2350 760 2382 Hieronym.
776 2346 832 2377 col.
842 2357 913 2382 442.

5 2371 10 2417 i
62 2390 134 2422 edit.
157 2390 278 2422 vallars.
303 2390 425 2431 olymp.
442 2392 535 2420 XXX.
551 2401 582 2427 4.
615 2390 788 2422 Alcmaeon
811 2391 916 2421 clarus

0 2444 11 2482 s:
60 2432 198 2466 iubetur
217 2440 247 2465 et
271 2434 391 2475 Lqs‘bhes
418 2433 564 2469 Lesbius,
599 2435 653 2475 qui
677 2433 755 2476 fecit
778 2443 915 2474 paruam

0 2488 13 2525 [
65 2475 188 2510 Iliada:
209 2487 299 2520 atque
311 2480 346 2510 in
360 2478 433 2508 hanc
449 2479 650 2520 tempestatem
672 2477 787 2510 confert
803 2476 916 2509 Alcma-

62 2533 76 2552 ·‘
111 2530 177 2562 Vol.
191 2530 245 2562 II.

1707 602 1814 641 daem.

966 688 1011 716 nis
1025 693 1149 716 aetatem
1166 685 1278 728 Corfin-
1297 687 1327 716 in
1341 687 1428 717 Fastis
1445 689 1548 718 Atticis
1565 696 1637 719 tom.
1654 692 1705 721 111.
1721 702 1749 733 p.
1770 700 1814 728 30.

965 730 1061 761 Harl.

1007 777 1060 814 qq)
1078 775 1240 804 Enimuero
1255 782 1314 802 non
1330 772 1568 807 confunduntur3
1584 787 1635 805 nec
1648 777 1816 812 Aicmacon

965 825 993 846 et
1009 818 1141 848 Alcman
1157 816 1310 852 differunt,
1332 817 1384 846 nisi
1400 817 1496 847 forma
1517 819 1576 849 siue
1594 820 1712 852 drale&
1726 827 1816 854 ratio-

964 871 1016 890 ne:
1043 861 1184 902 siquidem
1199 858 1329 896 Ἀλκμάν
1344 860 1479 891 doricum
1496 863 1537 892 est
1551 870 1580 893 ct
1605 875 1640 894 ex
1656 864 1818 903 Ἀλκμαίων

964 904 1085 934 (aerum.
1130 906 1175 935 Sic
1191 903 1358 934 Alcmaeon
1376 905 1484 935 dicimr
1501 908 1531 935 in
1555 908 1705 940 Chronico
1729 912 1814 943 Euse-

965 948 1015 977 bio
1032 967 1042 972 -
1061 951 1238 983 Hieronym.
1269 948 1321 977 vbi
1347 948 1417 978 vide
1442 948 1563 980 Vallars.
1594 952 1650 982 col.
1680 965 1744 991 440
1776 955 1815 998 sq.

965 991 1050 1032 Apud
1067 992 1201 1032 Gregor.
1220 990 1287 1022 Cor.
1308 991 1344 1021 de
1367 991 1498 1022 dialeffis
1520 1004 1584 1034 pag.
1606 1004 1669 1034 170.
1694 1009 1818 1031 vocatur

962 1033 1116 1071 Ἀλκμάν,
1154 1035 1203 1065 sed
1233 1034 1316 1065 Koen
1340 1037 1369 1064 in
1391 1045 1452 1066 not.
1474 1036 1628 1075 obseruat,
1673 1042 1817 1079 Λλκμαίων

967 1079 1022 1109 esl'e
1051 1082 1080 1109 in
1108 1081 1150 1109 Io.
1186 1081 1347 1108 Grammat.
1373 1078 1536 1115 Ἀλκμαίων
1567 1084 1597 1111 in
1627 1084 1692 1114 cod.
1722 1089 1816 1117 Vatic.

967 1131 995 1153 et
1018 1121 1175 1159 ’Λλκμαῑος
1206 1126 1236 1152 in
1260 1123 1324 1152 cod.
1348 1122 1427 1154 Vols.
1449 1135 1525 1165 quae
1545 1125 1666 1166 quidem
1690 1133 1817 1161 varietas

967 1167 1072 1203 dccet,
1107 1169 1262 1207 vti-iusque
1286 1169 1416 1197 nominis
1444 1168 1577 1198 eamdem
1601 1169 1685 1201 fuisse
1716 1182 1816 1204 notam

967 1220 1054 1251 atque
1082 1212 1332 1249 significationem.
1389 1213 1484 1252 Atque
1512 1213 1547 1241 ad
1581 1213 1685 1244 Valer.
1714 1217 1816 1248 Flac-c.

964 1256 988 1286 1.
1003 1259 1071 1291 629.
1087 1266 1114 1295 p.
1133 1264 1184 1289 ¹13·
1200 1254 1269 1283 edit.
1288 1256 1386 1284 Burm.
1410 1254 1530 1296 VQJlae'uS,
1555 1264 1616 1286 vta
1635 1259 1759 1296 Graeco,
1775 1263 1818 1291 in-

964 1301 1041 1339 quit,
1062 1295 1224 1345 ’ῳμκῖων
1239 1298 1373 1327 doricum
1389 1297 1529 1335 Ἀλκμάν,
1550 1311 1565 1329 a
1582 1299 1742 1338 Ποσειδέων,
1764 1307 1819 1334 1'10-

964 1339 1066 1370 σσδοίον
1083 1349 1113 1373 et
1136 1339 1266 1371 nonalia*
1283 1359 1323 1363 —
1339 1343 1374 1371 sic
1397 1342 1434 1372 ab
1456 1342 1586 1378 Αἰγαίων,
1610 1353 1638 1375 et
1660 1345 1770 1382 Αἰγαίων
1790 1358 1819 1380 et

965 1384 1064 1421 Ai'yaiv.
1109 1386 1191 1416 Idem
1211 1384 1297 1415 sentit
1317 1385 1451 1416 Huetius
1465 1395 1528 1417 not.
1552 1388 1587 1417 ad
1608 1390 1766 1430 Antholog.
1787 1403 1816 1435 p.

967 1440 1012 1468 57.
1042 1429 1207 1460 Bzirettius
1229 1429 1249 1460 l.
1274 1440 1296 1458 c.
1326 1441 1354 1470 p.
1374 1439 1436 1468 ¹97·
1461 1438 1490 1460 et
1517 1431 1817 1468 Hem-..Leonhard.

966 1472 1202 1515 Seliuszfiez-‘sclu
1224 1475 1254 1503 in
1278 1475 1396 1504 Notitia
1421 1474 1494 1504 Bibl.
1520 1477 1682 1507 Vinariens.
1703 1489 1730 1520 p.
1754 1490 1817 1515 24¹·

967 1520 1018 1559 qui
1035 1518 1131 1547 addit:
1157 1535 1172 1550 φ,
1182 1516 1262 1547 Alius
1275 1519 1373 1547 noster
1395 1519 1433 1546 cst
1447 1519 1484 1547 ab
1501 1518 1685 1551 Alcnmcone
1705 1523 1744 1558 τῷ
1766 1529 1818 1560 φυ-

967 1563 1044 1596 σικτῖἕ,
1068 1563 1216 1599 Antigono
1235 1562 1368 1595 Carystio
1393 1572 1454 1602 cap.
1472 1566 1520 1598 96.
1544 1574 1573 1604 p.
1591 1568 1640 1601 76.
1663 1563 1818 1607 παραδόξων

965 1607 1121 1640 συναγωγῆς
1135 1613 1312 1635 memorato.
1337 1621 1379 1627 —
1402 1607 1499 1636 Notus
1515 1608 1555 1636 est
1569 1606 1616 1637 vel
1633 1619 1668 1638 ex
1678 1610 1818 1642 Pausania

966 1649 1146 1684 Alcmaeon,
1165 1648 1257 1678 frater
1273 1648 1471 1689 Amphilochi.
1516 1653 1602 1680 Hunc
1625 1653 1729 1683 eodem
1753 1666 1817 1685 mo-

968 1693 1020 1729 do,
1044 1693 1146 1722 dorica
1161 1692 1286 1722 dialceto
1303 1692 1380 1728 vsus,
1401 1693 1541 1723 Pindarus
1564 1698 1705 1732 Αλκμᾶνα
1730 1709 1817 1729 voca-

967 1739 1012 1767 vit
1027 1738 1103 1767 Πυθ.
1119 1734 1142 1769 ἧ.
1160 1735 1233 1766 vers.
1253 1740 1325 1766 65.“
1371 1738 1462 1770 (Loco
1479 1746 1574 1768 tamen
1589 1748 1693 1780 pcetae
1712 1740 1817 1773 falsum

967 1780 1043 1817 esse,
1072 1779 1234 1822 suspicatur
1257 1779 1424 1810 Scfmeider
1444 1783 1474 1810 in
1499 1781 1633 1812 Pericnlo
1654 1786 1756 1815 critico
1779 1786 1815 1816 ad

968 1824 1087 1854 Antlicl.
1108 1825 1204 1854 Const.
1228 1822 1374 1864 cephalae
1396 1835 1423 1864 p.
1443 1828 1504 1859 146.
1529 1825 1741 1866 Antigonum,
1765 1830 1818 1860 vbi

967 1879 1028 1910 cap.
1044 1879 1089 1904 95.
1105 1879 1148 1903 ea,
1171 1878 1247 1909 quae
1260 1866 1427 1897 Aristotcles
1446 1869 1480 1897 V.
1497 1878 1534 1903 31.
1550 1869 1585 1899 de
1596 1869 1732 1901 Alcmane
1746 1883 1816 1914 poe-

966 1920 995 1942 ta
1008 1913 1109 1947 tradit,
1131 1912 1168 1941 de
1184 1911 1358 1942 Alcmaeone
1375 1911 1492 1952 physico
1506 1911 1606 1949 refert,
1628 1915 1730 1956 ibique
1752 1916 1816 1947 Alc—

967 1967 1084 1986 manem
1100 1956 1211 1985 dierum
1227 1953 1311 1984 fuisse
1325 1953 1553 1991 Alcmaeonem.)
1599 1959 1726 1995 Qianlo
1742 1971 1815 1991 vero

968 2011 1034 2030 cum
1052 1998 1199 2037 Scaligcro
1217 1997 1292 2028 nolit
1307 1997 1425 2027 credere
1439 1999 1658 2031 Schurzfleisch.
1679 2013 1747 2033 eum
1763 2006 1816 2034 La-

969 2054 1070 2073 conem
1091 2041 1186 2078 fuisse,
1210 2052 1315 2071 verum
1330 2041 1445 2076 Lydum
1461 2045 1572 2083 potius,
1594 2055 1722 2088 eumque
1733 2058 1815 2086 grae-

969 2097 1031 2116 cam
1046 2086 1177 2125 linguam
1192 2087 1312 2126 Spartae
1331 2085 1449 2115 demum
1467 2086 1615 2125 didicisse,
1645 2089 1676 2119 id
1698 2092 1729 2121 in
1750 2102 1815 2122 cen-

969 2130 1032 2160 sum
1048 2133 1099 2160 vix
1116 2132 1226 2165 veniet,
1245 2136 1273 2158 et
1290 2130 1385 2164 exiis,
1409 2140 1485 2170 quae
1501 2133 1531 2159 in
1548 2132 1622 2162 hanc
1644 2132 1816 2165 sententiam
1870 2142 1874 2145 ’

969 2185 984 2203 a
1000 2175 1085 2203 nobis
1103 2176 1160 2203 iam
1175 2172 1312 2202 adnotata
1330 2171 1413 2208 sunt,
1449 2177 1561 2214 poterit
1588 2176 1716 2208 definiri.
1760 2177 1817 2208 Τδν

968 2215 1118 2248 Λακωνικόν
1133 2214 1240 2248 ποιητὴν
1255 2224 1341 2246 vocat
1354 2226 1421 2245 eum
1439 2218 1628 2250 Pletarclius
1642 2223 1672 2251 in
1688 2224 1749 2252 vita
1759 2224 1815 2258 Ly-

969 2264 1050 2299 curgi
1067 2271 1125 2301 cap.
1144 2270 1185 2289 21.
1201 2271 1228 2301 p.
1247 2269 1306 2294 235.
1323 2259 1374 2289 vbi
1401 2259 1599 2298 fragmentum
1621 2263 1700 2295 illins
1722 2265 1817 2296 serua·

968 2314 1030 2334 tum
1049 2305 1098 2334 est.
1129 2303 1191 2333 vid.
1217 2302 1356 2342 Leopotd.
1377 2303 1415 2333 ad
1435 2303 1534 2335 locum
1550 2306 1707 2339 Plutarchi.
1741 2310 1815 2340 adde

969 2348 1146 2388 Mongitor.
1173 2345 1246 2377 Bibl.
1264 2345 1401 2383 Siculam,
1423 2358 1452 2389 p.
1468 2358 1493 2383 13
1510 2349 1550 2391 sq.
1565 2351 1616 2382 vbi
1630 2360 1659 2382 et
1673 2355 1764 2384 vitam
1788 2362 1816 2385 et

968 2394 1110 2426 carmina,
1134 2391 1192 2420 siue
1210 2391 1318 2420 horum
1331 2390 1545 2433 inscriptiones,
1560 2405 1613 2425 nee
1635 2407 1694 2427 non
1703 2406 1816 2428 veteres

969 2438 1144 2476 interpretes
1167 2444 1195 2464 et
1214 2436 1368 2464 variorum
1387 2434 1422 2464 de
1435 2438 1498 2465 eius
1524 2441 1586 2468 vita
1601 2443 1754 2482 patriaque
1771 2453 1815 2472 re-

971 2478 1065 2509 censet
1081 2480 1266 2509 narrationes
1288 2487 1376 2520 atque
1391 2478 1554 2512 sententias.
1577 2483 1672 2515 Harl.

1067 2523 1111 2561 M
