<?xml version="1.0" encoding="UTF-8"?>
<!DOCTYPE html PUBLIC "-//W3C//DTD XHTML 1.0 Transitional//EN"
    "http://www.w3.org/TR/xhtml1/DTD/xhtml1-transitional.dtd">
<html xmlns="http://www.w3.org/1999/xhtml" xml:lang="en" lang="en">
 <head>
  <title>
</title>
<meta http-equiv="Content-Type" content="text/html;charset=utf-8" />
  <meta name='ocr-system' content='tesseract 3.04.00' />
  <meta name='ocr-capabilities' content='ocr_page ocr_carea ocr_par ocr_line ocrx_word'/>
</head>
<body>
  <div class='ocr_page' id='page_1' title='image "./bibliothecagraec01fabruoft_1039.png"; bbox 0 0 2183 2747; ppageno 0'>
   <div class='ocr_carea' id='block_1_1' title="bbox 440 135 1850 185">
    <p class='ocr_par' dir='ltr' id='par_1_1' title="bbox 440 135 1850 185">
     <span class='ocr_line' id='line_1_1' title="bbox 440 135 1850 185; baseline -0.001 -11"><span class='ocrx_word' id='word_1_1' title='bbox 440 137 639 174; x_wconf 76' lang='lat' dir='ltr'>CODICES</span> <span class='ocrx_word' id='word_1_2' title='bbox 665 137 731 174; x_wconf 88' lang='lat' dir='ltr'>ET</span> <span class='ocrx_word' id='word_1_3' title='bbox 757 137 1014 173; x_wconf 77' lang='lat' dir='ltr'>EDITIONES</span> <span class='ocrx_word' id='word_1_4' title='bbox 1042 135 1376 172; x_wconf 78' lang='lat' dir='ltr'>ANACREONTIS</span> <span class='ocrx_word' id='word_1_5' title='bbox 1459 137 1585 173; x_wconf 79' lang='lat' dir='ltr'>Lil›.II.</span> <span class='ocrx_word' id='word_1_6' title='bbox 1607 137 1732 173; x_wconf 85' lang='lat' dir='ltr'>c.XV.</span> <span class='ocrx_word' id='word_1_7' title='bbox 1811 152 1850 185; x_wconf 88' lang='lat'>95</span> 
     </span>
    </p>
   </div>
   <div class='ocr_carea' id='block_1_2' title="bbox 58 231 1848 1283">
    <p class='ocr_par' dir='ltr' id='par_1_2' title="bbox 58 231 1848 1283">
     <span class='ocr_line' id='line_1_2' title="bbox 187 231 1848 283; baseline 0 -13"><span class='ocrx_word' id='word_1_8' title='bbox 187 235 262 271; x_wconf 75' lang='lat'>1111.</span> <span class='ocrx_word' id='word_1_9' title='bbox 295 233 408 272; x_wconf 70' lang='lat' dir='ltr'>Codex</span> <span class='ocrx_word' id='word_1_10' title='bbox 425 234 619 272; x_wconf 73' lang='lat' dir='ltr'>Vaticnnur.</span> <span class='ocrx_word' id='word_1_11' title='bbox 671 233 769 270; x_wconf 90' lang='lat' dir='ltr'>Liber</span> <span class='ocrx_word' id='word_1_12' title='bbox 783 235 836 270; x_wconf 87' lang='lat' dir='ltr'>hic</span> <span class='ocrx_word' id='word_1_13' title='bbox 852 235 1009 272; x_wconf 84' lang='lat' dir='ltr'>omnium</span> <span class='ocrx_word' id='word_1_14' title='bbox 1027 231 1312 283; x_wconf 67' lang='lat' dir='ltr'>praeliantiss&#39;imus</span> <span class='ocrx_word' id='word_1_15' title='bbox 1324 236 1355 268; x_wconf 93' lang='lat' dir='ltr'>in</span> <span class='ocrx_word' id='word_1_16' title='bbox 1372 232 1552 268; x_wconf 84' lang='lat' dir='ltr'>illolitteris</span> <span class='ocrx_word' id='word_1_17' title='bbox 1567 232 1848 270; x_wconf 73' lang='lat' dir='ltr'>calamitostffimo</span> 
     </span>
     <span class='ocr_line' id='line_1_3' title="bbox 81 284 1847 336; baseline -0.001 -12"><span class='ocrx_word' id='word_1_18' title='bbox 81 284 327 336; x_wconf 79' lang='lat' dir='ltr'>Heidelbergae</span> <span class='ocrx_word' id='word_1_19' title='bbox 341 285 472 323; x_wconf 82' lang='lat' dir='ltr'>excidio</span> <span class='ocrx_word' id='word_1_20' title='bbox 488 301 566 323; x_wconf 84' lang='lat' dir='ltr'>cum</span> <span class='ocrx_word' id='word_1_21' title='bbox 585 286 758 336; x_wconf 72' lang='lat' dir='ltr'>permulti&gt;</span> <span class='ocrx_word' id='word_1_22' title='bbox 777 287 847 323; x_wconf 78' lang='lat' dir='ltr'>aliis</span> <span class='ocrx_word' id='word_1_23' title='bbox 866 287 953 322; x_wconf 80' lang='lat' dir='ltr'>libris</span> <span class='ocrx_word' id='word_1_24' title='bbox 970 300 1069 322; x_wconf 84' lang='lat' dir='ltr'>manu</span> <span class='ocrx_word' id='word_1_25' title='bbox 1089 284 1256 335; x_wconf 77' lang='lat' dir='ltr'>descriptis</span> <span class='ocrx_word' id='word_1_26' title='bbox 1276 288 1421 321; x_wconf 55' lang='lat' dir='ltr'>Ruinam</span> <span class='ocrx_word' id='word_1_27' title='bbox 1438 285 1560 322; x_wconf 76' lang='lat' dir='ltr'>ablatus</span> <span class='ocrx_word' id='word_1_28' title='bbox 1583 298 1614 321; x_wconf 87' lang='lat' dir='ltr'>et</span> <span class='ocrx_word' id='word_1_29' title='bbox 1635 300 1675 321; x_wconf 81' lang='lat' dir='ltr'>cx</span> <span class='ocrx_word' id='word_1_30' title='bbox 1693 285 1847 323; x_wconf 84' lang='lat' dir='ltr'>sententia</span> 
     </span>
     <span class='ocr_line' id='line_1_4' title="bbox 80 338 1847 388; baseline 0.001 -14"><span class='ocrx_word' id='word_1_31' title='bbox 80 339 214 376; x_wconf 80' lang='lat' dir='ltr'>Abbatis</span> <span class='ocrx_word' id='word_1_32' title='bbox 232 341 370 386; x_wconf 56' lang='lat' dir='ltr'>spoletii</span> <span class='ocrx_word' id='word_1_33' title='bbox 394 341 482 376; x_wconf 79' lang='lat' dir='ltr'>Sacc.</span> <span class='ocrx_word' id='word_1_34' title='bbox 503 341 542 375; x_wconf 91' lang='lat' dir='ltr'>X.</span> <span class='ocrx_word' id='word_1_35' title='bbox 569 338 717 388; x_wconf 69' lang='lat' dir='ltr'>scriptus,</span> <span class='ocrx_word' id='word_1_36' title='bbox 741 343 889 374; x_wconf 86' lang='lat' dir='ltr'>continet</span> <span class='ocrx_word' id='word_1_37' title='bbox 904 341 1063 386; x_wconf 63' lang='lat' dir='ltr'>Ceplmloe</span> <span class='ocrx_word' id='word_1_38' title='bbox 1087 339 1330 388; x_wconf 64' lang='lat' dir='ltr'>Anthologiam</span> <span class='ocrx_word' id='word_1_39' title='bbox 1351 342 1566 387; x_wconf 71' lang='lat' dir='ltr'>carminaque</span> <span class='ocrx_word' id='word_1_40' title='bbox 1590 341 1847 380; x_wconf 83' lang='lat' dir='ltr'>Anacreontica‚</span> 
     </span>
     <span class='ocr_line' id='line_1_5' title="bbox 81 390 1845 442; baseline 0.001 -15"><span class='ocrx_word' id='word_1_41' title='bbox 81 401 114 427; x_wconf 87' lang='lat' dir='ltr'>et</span> <span class='ocrx_word' id='word_1_42' title='bbox 127 390 234 428; x_wconf 81' lang='lat' dir='ltr'>adhuc</span> <span class='ocrx_word' id='word_1_43' title='bbox 252 395 321 429; x_wconf 89' lang='lat' dir='ltr'>iure</span> <span class='ocrx_word' id='word_1_44' title='bbox 337 405 400 442; x_wconf 85' lang='lat' dir='ltr'>pro</span> <span class='ocrx_word' id='word_1_45' title='bbox 419 394 519 428; x_wconf 81' lang='lat' dir='ltr'>vnico</span> <span class='ocrx_word' id='word_1_46' title='bbox 534 390 630 428; x_wconf 86' lang='lat' dir='ltr'>fonte</span> <span class='ocrx_word' id='word_1_47' title='bbox 653 392 812 435; x_wconf 77' lang='lat' dir='ltr'>habetur,</span> <span class='ocrx_word' id='word_1_48' title='bbox 845 406 885 427; x_wconf 87' lang='lat' dir='ltr'>ex</span> <span class='ocrx_word' id='word_1_49' title='bbox 910 404 980 441; x_wconf 90' lang='lat' dir='ltr'>quo</span> <span class='ocrx_word' id='word_1_50' title='bbox 1005 390 1114 428; x_wconf 88' lang='lat' dir='ltr'>sanior</span> <span class='ocrx_word' id='word_1_51' title='bbox 1135 402 1166 428; x_wconf 87' lang='lat' dir='ltr'>et</span> <span class='ocrx_word' id='word_1_52' title='bbox 1188 391 1368 428; x_wconf 80' lang='lat' dir='ltr'>tolerabilis</span> <span class='ocrx_word' id='word_1_53' title='bbox 1390 393 1491 428; x_wconf 65' lang='lat' dir='ltr'>lectio</span> <span class='ocrx_word' id='word_1_54' title='bbox 1516 390 1665 427; x_wconf 88' lang='lat' dir='ltr'>ducenda</span> <span class='ocrx_word' id='word_1_55' title='bbox 1688 391 1845 430; x_wconf 82' lang='lat' dir='ltr'>videatur.</span> 
     </span>
     <span class='ocr_line' id='line_1_6' title="bbox 81 442 1843 494; baseline 0.001 -16"><span class='ocrx_word' id='word_1_56' title='bbox 81 444 174 480; x_wconf 85' lang='lat' dir='ltr'>Hine</span> <span class='ocrx_word' id='word_1_57' title='bbox 195 447 328 494; x_wconf 78' lang='lat' dir='ltr'>egregie</span> <span class='ocrx_word' id='word_1_58' title='bbox 342 447 479 481; x_wconf 84' lang='lat' dir='ltr'>meritus</span> <span class='ocrx_word' id='word_1_59' title='bbox 493 444 538 480; x_wconf 85' lang='lat' dir='ltr'>est</span> <span class='ocrx_word' id='word_1_60' title='bbox 561 443 601 480; x_wconf 87' lang='lat' dir='ltr'>de</span> <span class='ocrx_word' id='word_1_61' title='bbox 625 443 738 480; x_wconf 89' lang='lat' dir='ltr'>litteris</span> <span class='ocrx_word' id='word_1_62' title='bbox 761 445 856 480; x_wconf 87' lang='lat' dir='ltr'>bonis</span> <span class='ocrx_word' id='word_1_63' title='bbox 877 456 975 494; x_wconf 88' lang='lat' dir='ltr'>atque</span> <span class='ocrx_word' id='word_1_64' title='bbox 994 442 1080 494; x_wconf 87' lang='lat' dir='ltr'>apud</span> <span class='ocrx_word' id='word_1_65' title='bbox 1104 457 1224 481; x_wconf 88' lang='lat' dir='ltr'>omnes</span> <span class='ocrx_word' id='word_1_66' title='bbox 1247 446 1400 480; x_wconf 86' lang='lat' dir='ltr'>homines</span> <span class='ocrx_word' id='word_1_67' title='bbox 1421 444 1566 480; x_wconf 83' lang='lat' dir='ltr'>eruditos</span> <span class='ocrx_word' id='word_1_68' title='bbox 1581 455 1611 480; x_wconf 89' lang='lat' dir='ltr'>et</span> <span class='ocrx_word' id='word_1_69' title='bbox 1632 444 1843 493; x_wconf 73' lang='lat' dir='ltr'>elegantioris</span> 
     </span>
     <span class='ocr_line' id='line_1_7' title="bbox 80 497 1842 547; baseline -0.002 -14"><span class='ocrx_word' id='word_1_70' title='bbox 80 499 278 547; x_wconf 75' lang='lat' dir='ltr'>antiquitatis</span> <span class='ocrx_word' id='word_1_71' title='bbox 294 508 439 534; x_wconf 71' lang='lat' dir='ltr'>aman-res</span> <span class='ocrx_word' id='word_1_72' title='bbox 457 500 642 533; x_wconf 81' lang='lat' dir='ltr'>maximam</span> <span class='ocrx_word' id='word_1_73' title='bbox 659 499 732 532; x_wconf 86' lang='lat' dir='ltr'>iniit</span> <span class='ocrx_word' id='word_1_74' title='bbox 745 500 884 546; x_wconf 74' lang='lat' dir='ltr'>gratiam</span> <span class='ocrx_word' id='word_1_75' title='bbox 902 497 1008 533; x_wconf 81' lang='lat' dir='ltr'>Abbas</span> <span class='ocrx_word' id='word_1_76' title='bbox 1020 498 1169 544; x_wconf 65' lang='lat' dir='ltr'>spoleta,</span> <span class='ocrx_word' id='word_1_77' title='bbox 1192 499 1260 546; x_wconf 88' lang='lat' dir='ltr'>qui,</span> <span class='ocrx_word' id='word_1_78' title='bbox 1288 508 1320 532; x_wconf 89' lang='lat' dir='ltr'>vt</span> <span class='ocrx_word' id='word_1_79' title='bbox 1335 497 1482 537; x_wconf 79' lang='lat' dir='ltr'>tandem,</span> <span class='ocrx_word' id='word_1_80' title='bbox 1513 510 1612 546; x_wconf 88' lang='lat' dir='ltr'>quam</span> <span class='ocrx_word' id='word_1_81' title='bbox 1630 510 1690 532; x_wconf 88' lang='lat' dir='ltr'>nec</span> <span class='ocrx_word' id='word_1_82' title='bbox 1706 497 1842 545; x_wconf 66' lang='lat' dir='ltr'>Barnes]</span> 
     </span>
     <span class='ocr_line' id='line_1_8' title="bbox 79 547 1841 599; baseline 0 -14"><span class='ocrx_word' id='word_1_83' title='bbox 79 562 142 586; x_wconf 89' lang='lat' dir='ltr'>nee</span> <span class='ocrx_word' id='word_1_84' title='bbox 158 551 302 586; x_wconf 71' lang='lat' dir='ltr'>Bruuck.</span> <span class='ocrx_word' id='word_1_85' title='bbox 321 547 462 586; x_wconf 81' lang='lat' dir='ltr'>habuisse</span> <span class='ocrx_word' id='word_1_86' title='bbox 479 564 566 585; x_wconf 85' lang='lat' dir='ltr'>nunc</span> <span class='ocrx_word' id='word_1_87' title='bbox 586 548 725 592; x_wconf 75' lang='lat' dir='ltr'>constat,</span> <span class='ocrx_word' id='word_1_88' title='bbox 753 549 904 586; x_wconf 82' lang='lat' dir='ltr'>adcurata</span> <span class='ocrx_word' id='word_1_89' title='bbox 919 552 1041 599; x_wconf 69' lang='lat' dir='ltr'>egregii</span> <span class='ocrx_word' id='word_1_90' title='bbox 1068 551 1165 585; x_wconf 81' lang='lat' dir='ltr'>liuius</span> <span class='ocrx_word' id='word_1_91' title='bbox 1188 550 1260 586; x_wconf 87' lang='lat' dir='ltr'>libri</span> <span class='ocrx_word' id='word_1_92' title='bbox 1284 549 1421 586; x_wconf 83' lang='lat' dir='ltr'>collatio</span> <span class='ocrx_word' id='word_1_93' title='bbox 1438 549 1559 585; x_wconf 72' lang='lat' dir='ltr'>institui</span> <span class='ocrx_word' id='word_1_94' title='bbox 1575 548 1692 599; x_wconf 74' lang='lat' dir='ltr'>posset,</span> <span class='ocrx_word' id='word_1_95' title='bbox 1717 547 1841 598; x_wconf 81' lang='lat' dir='ltr'>septem</span> 
     </span>
     <span class='ocr_line' id='line_1_9' title="bbox 79 600 1842 652; baseline 0 -14"><span class='ocrx_word' id='word_1_96' title='bbox 79 603 198 638; x_wconf 77' lang='lat' dir='ltr'>abhinc</span> <span class='ocrx_word' id='word_1_97' title='bbox 214 605 305 639; x_wconf 88' lang='lat' dir='ltr'>annis</span> <span class='ocrx_word' id='word_1_98' title='bbox 323 601 489 652; x_wconf 81' lang='lat' dir='ltr'>duplicem</span> <span class='ocrx_word' id='word_1_99' title='bbox 505 616 644 651; x_wconf 74' lang='lat' dir='ltr'>eamque</span> <span class='ocrx_word' id='word_1_100' title='bbox 662 601 794 638; x_wconf 80' lang='lat' dir='ltr'>fidelem</span> <span class='ocrx_word' id='word_1_101' title='bbox 813 606 880 637; x_wconf 84' lang='lat' dir='ltr'>eius</span> <span class='ocrx_word' id='word_1_102' title='bbox 896 606 1022 638; x_wconf 86' lang='lat' dir='ltr'>curauit</span> <span class='ocrx_word' id='word_1_103' title='bbox 1039 601 1239 647; x_wconf 81' lang='lat' dir='ltr'>editionem3</span> <span class='ocrx_word' id='word_1_104' title='bbox 1264 601 1400 638; x_wconf 86' lang='lat' dir='ltr'>alteram</span> <span class='ocrx_word' id='word_1_105' title='bbox 1423 605 1489 639; x_wconf 89' lang='lat' dir='ltr'>aeri</span> <span class='ocrx_word' id='word_1_106' title='bbox 1513 600 1772 651; x_wconf 66' lang='lat' dir='ltr'>splendidissime</span> <span class='ocrx_word' id='word_1_107' title='bbox 1795 605 1842 638; x_wconf 89' lang='lat' dir='ltr'>in-</span> 
     </span>
     <span class='ocr_line' id='line_1_10' title="bbox 77 652 1841 706; baseline 0.002 -15"><span class='ocrx_word' id='word_1_108' title='bbox 77 653 193 694; x_wconf 78' lang='lat' dir='ltr'>cisam,</span> <span class='ocrx_word' id='word_1_109' title='bbox 218 655 354 691; x_wconf 84' lang='lat' dir='ltr'>alteram</span> <span class='ocrx_word' id='word_1_110' title='bbox 373 658 459 704; x_wconf 84' lang='lat' dir='ltr'>typis</span> <span class='ocrx_word' id='word_1_111' title='bbox 472 655 593 690; x_wconf 89' lang='lat' dir='ltr'>litteras</span> <span class='ocrx_word' id='word_1_112' title='bbox 613 654 736 690; x_wconf 83' lang='lat' dir='ltr'>codicis</span> <span class='ocrx_word' id='word_1_113' title='bbox 754 653 966 691; x_wconf 77' lang='lat' dir='ltr'>referentibus</span> <span class='ocrx_word' id='word_1_114' title='bbox 982 652 1192 704; x_wconf 77' lang='lat' dir='ltr'>descriptam,</span> <span class='ocrx_word' id='word_1_115' title='bbox 1219 657 1310 690; x_wconf 84' lang='lat' dir='ltr'>cuius</span> <span class='ocrx_word' id='word_1_116' title='bbox 1328 653 1496 705; x_wconf 83' lang='lat' dir='ltr'>inscriptio</span> <span class='ocrx_word' id='word_1_117' title='bbox 1516 655 1579 690; x_wconf 74' lang='lat' dir='ltr'>etl:</span> <span class='ocrx_word' id='word_1_118' title='bbox 1609 658 1841 706; x_wconf 71' lang='grc' dir='ltr'>Ανακςεοντος</span> 
     </span>
     <span class='ocr_line' id='line_1_11' title="bbox 77 707 1837 758; baseline -0.002 -10"><span class='ocrx_word' id='word_1_119' title='bbox 77 712 161 752; x_wconf 68' lang='lat' dir='ltr'>Trita</span> <span class='ocrx_word' id='word_1_120' title='bbox 176 715 414 756; x_wconf 72' lang='grc' dir='ltr'><strong><em>Συμποσιακοι</em></strong></span> <span class='ocrx_word' id='word_1_121' title='bbox 431 707 654 757; x_wconf 70' lang='grc' dir='ltr'>Ἠμιειμβιοι.</span> <span class='ocrx_word' id='word_1_122' title='bbox 709 708 923 742; x_wconf 69' lang='lat' dir='ltr'>Anacreontis</span> <span class='ocrx_word' id='word_1_123' title='bbox 948 708 1142 743; x_wconf 78' lang='lat' dir='ltr'>Conuiualia</span> <span class='ocrx_word' id='word_1_124' title='bbox 1165 709 1362 743; x_wconf 79' lang='lat' dir='ltr'>Semiambia.</span> <span class='ocrx_word' id='word_1_125' title='bbox 1398 709 1529 744; x_wconf 83' lang='lat' dir='ltr'>Romae</span> <span class='ocrx_word' id='word_1_126' title='bbox 1552 715 1642 753; x_wconf 80' lang='lat'>1783.</span> <span class='ocrx_word' id='word_1_127' title='bbox 1668 717 1703 750; x_wconf 86' lang='lat'>¹8</span> <span class='ocrx_word' id='word_1_128' title='bbox 1723 709 1837 758; x_wconf 70' lang='lat' dir='ltr'>plagg.</span> 
     </span>
     <span class='ocr_line' id='line_1_12' title="bbox 76 758 1837 811; baseline 0.001 -15"><span class='ocrx_word' id='word_1_129' title='bbox 76 758 138 796; x_wconf 85' lang='lat' dir='ltr'>fol.</span> <span class='ocrx_word' id='word_1_130' title='bbox 162 775 253 798; x_wconf 85' lang='lat' dir='ltr'>max.</span> <span class='ocrx_word' id='word_1_131' title='bbox 308 760 371 796; x_wconf 85' lang='lat' dir='ltr'>Sed</span> <span class='ocrx_word' id='word_1_132' title='bbox 392 772 526 809; x_wconf 71' lang='lat' dir='ltr'>Vtraque</span> <span class='ocrx_word' id='word_1_133' title='bbox 543 760 642 796; x_wconf 86' lang='lat' dir='ltr'>editio</span> <span class='ocrx_word' id='word_1_134' title='bbox 659 759 698 794; x_wconf 86' lang='lat' dir='ltr'>ab</span> <span class='ocrx_word' id='word_1_135' title='bbox 713 772 766 801; x_wconf 82' lang='lat' dir='ltr'>eo,</span> <span class='ocrx_word' id='word_1_136' title='bbox 799 763 856 808; x_wconf 89' lang='lat' dir='ltr'>qui</span> <span class='ocrx_word' id='word_1_137' title='bbox 881 760 960 795; x_wconf 75' lang='lat' dir='ltr'>iuste</span> <span class='ocrx_word' id='word_1_138' title='bbox 983 770 1015 797; x_wconf 89' lang='lat' dir='ltr'>et</span> <span class='ocrx_word' id='word_1_139' title='bbox 1034 759 1184 796; x_wconf 87' lang='lat' dir='ltr'>adcurate</span> <span class='ocrx_word' id='word_1_140' title='bbox 1208 759 1248 796; x_wconf 93' lang='lat' dir='ltr'>de</span> <span class='ocrx_word' id='word_1_141' title='bbox 1270 762 1375 808; x_wconf 88' lang='lat' dir='ltr'>pretio</span> <span class='ocrx_word' id='word_1_142' title='bbox 1403 759 1536 797; x_wconf 88' lang='lat' dir='ltr'>Codicis</span> <span class='ocrx_word' id='word_1_143' title='bbox 1561 761 1698 797; x_wconf 75' lang='lat' dir='ltr'>statuere</span> <span class='ocrx_word' id='word_1_144' title='bbox 1717 764 1837 811; x_wconf 87' lang='lat' dir='ltr'>cupiat,</span> 
     </span>
     <span class='ocr_line' id='line_1_13' title="bbox 77 810 1838 863; baseline 0.001 -15"><span class='ocrx_word' id='word_1_145' title='bbox 77 812 267 849; x_wconf 86' lang='lat' dir='ltr'>adhibeatur</span> <span class='ocrx_word' id='word_1_146' title='bbox 286 811 409 850; x_wconf 64' lang='lat' dir='ltr'>necti&#39;le</span> <span class='ocrx_word' id='word_1_147' title='bbox 423 812 478 854; x_wconf 77' lang='lat' dir='ltr'>est,</span> <span class='ocrx_word' id='word_1_148' title='bbox 506 824 680 863; x_wconf 82' lang='lat' dir='ltr'>propterea</span> <span class='ocrx_word' id='word_1_149' title='bbox 697 811 787 860; x_wconf 85' lang='lat' dir='ltr'>quod</span> <span class='ocrx_word' id='word_1_150' title='bbox 806 812 860 848; x_wconf 86' lang='lat' dir='ltr'>illa</span> <span class='ocrx_word' id='word_1_151' title='bbox 875 816 941 848; x_wconf 87' lang='lat' dir='ltr'>acri</span> <span class='ocrx_word' id='word_1_152' title='bbox 957 810 1056 848; x_wconf 87' lang='lat' dir='ltr'>incisa</span> <span class='ocrx_word' id='word_1_153' title='bbox 1079 815 1189 848; x_wconf 88' lang='lat' dir='ltr'>minus</span> <span class='ocrx_word' id='word_1_154' title='bbox 1219 811 1359 849; x_wconf 83' lang='lat' dir='ltr'>fideliter</span> <span class='ocrx_word' id='word_1_155' title='bbox 1380 814 1511 849; x_wconf 87' lang='lat' dir='ltr'>exhibet</span> <span class='ocrx_word' id='word_1_156' title='bbox 1536 824 1665 849; x_wconf 88' lang='lat' dir='ltr'>textum</span> <span class='ocrx_word' id='word_1_157' title='bbox 1689 815 1838 863; x_wconf 86' lang='lat' dir='ltr'>exempli</span> 
     </span>
     <span class='ocr_line' id='line_1_14' title="bbox 76 863 1835 916; baseline 0.001 -15"><span class='ocrx_word' id='word_1_158' title='bbox 76 863 200 915; x_wconf 73' lang='lat' dir='ltr'>scripti,</span> <span class='ocrx_word' id='word_1_159' title='bbox 225 864 276 901; x_wconf 88' lang='lat' dir='ltr'>sed</span> <span class='ocrx_word' id='word_1_160' title='bbox 292 878 409 902; x_wconf 85' lang='lat' dir='ltr'>omnes</span> <span class='ocrx_word' id='word_1_161' title='bbox 424 869 491 901; x_wconf 79' lang='lat' dir='ltr'>eius</span> <span class='ocrx_word' id='word_1_162' title='bbox 508 876 576 901; x_wconf 87' lang='lat' dir='ltr'>tam</span> <span class='ocrx_word' id='word_1_163' title='bbox 591 864 787 912; x_wconf 75' lang='lat' dir='ltr'>marginales</span> <span class='ocrx_word' id='word_1_164' title='bbox 805 878 904 914; x_wconf 67' lang='lat' dir='ltr'>quain</span> <span class='ocrx_word' id='word_1_165' title='bbox 920 865 1141 901; x_wconf 84' lang='lat' dir='ltr'>interlineares</span> <span class='ocrx_word' id='word_1_166' title='bbox 1156 864 1262 902; x_wconf 81' lang='lat' dir='ltr'>reddit</span> <span class='ocrx_word' id='word_1_167' title='bbox 1283 864 1463 907; x_wconf 69' lang='lat' dir='ltr'>lec&#39;iiones,</span> <span class='ocrx_word' id='word_1_168' title='bbox 1495 867 1529 901; x_wconf 91' lang='lat' dir='ltr'>in</span> <span class='ocrx_word' id='word_1_169' title='bbox 1554 867 1616 902; x_wconf 87' lang='lat' dir='ltr'>hac</span> <span class='ocrx_word' id='word_1_170' title='bbox 1639 879 1720 902; x_wconf 89' lang='lat' dir='ltr'>vero</span> <span class='ocrx_word' id='word_1_171' title='bbox 1745 870 1835 916; x_wconf 81' lang='lat' dir='ltr'>typis</span> 
     </span>
     <span class='ocr_line' id='line_1_15' title="bbox 76 916 1834 969; baseline 0 -15"><span class='ocrx_word' id='word_1_172' title='bbox 76 916 222 968; x_wconf 85' lang='lat' dir='ltr'>expressa</span> <span class='ocrx_word' id='word_1_173' title='bbox 238 918 318 955; x_wconf 88' lang='lat' dir='ltr'>liber</span> <span class='ocrx_word' id='word_1_174' title='bbox 332 917 475 966; x_wconf 72' lang='lat' dir='ltr'>scriptus,</span> <span class='ocrx_word' id='word_1_175' title='bbox 503 928 628 966; x_wconf 74' lang='lat' dir='ltr'>praeter</span> <span class='ocrx_word' id='word_1_176' title='bbox 646 931 806 966; x_wconf 88' lang='lat' dir='ltr'>perpauca</span> <span class='ocrx_word' id='word_1_177' title='bbox 822 918 948 967; x_wconf 78' lang='lat' dir='ltr'>aliquot</span> <span class='ocrx_word' id='word_1_178' title='bbox 962 917 1056 961; x_wconf 71' lang='lat' dir='ltr'>loca,</span> <span class='ocrx_word' id='word_1_179' title='bbox 1084 922 1227 967; x_wconf 78' lang='lat' dir='ltr'>integre,</span> <span class='ocrx_word' id='word_1_180' title='bbox 1255 916 1378 954; x_wconf 75' lang='lat' dir='ltr'>sincere</span> <span class='ocrx_word' id='word_1_181' title='bbox 1392 928 1422 953; x_wconf 88' lang='lat' dir='ltr'>et</span> <span class='ocrx_word' id='word_1_182' title='bbox 1437 927 1524 954; x_wconf 87' lang='lat' dir='ltr'>certa</span> <span class='ocrx_word' id='word_1_183' title='bbox 1540 918 1606 955; x_wconf 82' lang='lat' dir='ltr'>fide</span> <span class='ocrx_word' id='word_1_184' title='bbox 1622 917 1834 969; x_wconf 77' lang='lat' dir='ltr'>conspicitur.</span> 
     </span>
     <span class='ocr_line' id='line_1_16' title="bbox 77 968 1832 1021; baseline 0 -13"><span class='ocrx_word' id='word_1_185' title='bbox 77 969 263 1021; x_wconf 80' lang='lat' dir='ltr'>Copiosatn</span> <span class='ocrx_word' id='word_1_186' title='bbox 278 982 309 1007; x_wconf 89' lang='lat' dir='ltr'>et</span> <span class='ocrx_word' id='word_1_187' title='bbox 324 970 458 1007; x_wconf 64' lang='lat' dir='ltr'>dociam</span> <span class='ocrx_word' id='word_1_188' title='bbox 478 969 594 1005; x_wconf 82' lang='lat' dir='ltr'>dehac</span> <span class='ocrx_word' id='word_1_189' title='bbox 612 969 759 1005; x_wconf 81' lang='lat' dir='ltr'>editione</span> <span class='ocrx_word' id='word_1_190' title='bbox 773 970 969 1006; x_wconf 83' lang='lat' dir='ltr'>relationem</span> <span class='ocrx_word' id='word_1_191' title='bbox 996 970 1120 1006; x_wconf 73' lang='lat' dir='ltr'>videbis</span> <span class='ocrx_word' id='word_1_192' title='bbox 1145 974 1177 1006; x_wconf 92' lang='lat' dir='ltr'>in</span> <span class='ocrx_word' id='word_1_193' title='bbox 1201 969 1441 1020; x_wconf 87' lang='lat' dir='ltr'>Ephemeridd.</span> <span class='ocrx_word' id='word_1_194' title='bbox 1463 971 1525 1008; x_wconf 89' lang='lat' dir='ltr'>litt.</span> <span class='ocrx_word' id='word_1_195' title='bbox 1553 968 1832 1021; x_wconf 75' lang='lat' dir='ltr'>Argentoratenls.</span> 
     </span>
     <span class='ocr_line' id='line_1_17' title="bbox 58 1020 1833 1073; baseline 0 -13"><span class='ocrx_word' id='word_1_196' title='bbox 58 1038 105 1061; x_wconf 28' lang='lat' dir='ltr'>ra.</span> <span class='ocrx_word' id='word_1_197' title='bbox 123 1032 213 1068; x_wconf 71' lang='lat'>1784.</span> <span class='ocrx_word' id='word_1_198' title='bbox 234 1037 266 1072; x_wconf 87' lang='lat' dir='ltr'>p.</span> <span class='ocrx_word' id='word_1_199' title='bbox 288 1030 353 1064; x_wconf 83' lang='lat'>208</span> <span class='ocrx_word' id='word_1_200' title='bbox 373 1020 441 1072; x_wconf 70' lang='lat' dir='ltr'>sqq.</span> <span class='ocrx_word' id='word_1_201' title='bbox 479 1025 525 1070; x_wconf 84' lang='lat' dir='ltr'>[et</span> <span class='ocrx_word' id='word_1_202' title='bbox 542 1024 683 1072; x_wconf 79' lang='lat' dir='ltr'>Periergi</span> <span class='ocrx_word' id='word_1_203' title='bbox 701 1023 888 1072; x_wconf 84' lang='lat' dir='ltr'>Deltophili</span> <span class='ocrx_word' id='word_1_204' title='bbox 905 1023 988 1059; x_wconf 78' lang='lat' dir='ltr'>Bibl.</span> <span class='ocrx_word' id='word_1_205' title='bbox 1010 1025 1126 1059; x_wconf 86' lang='lat' dir='ltr'>Graec.</span> <span class='ocrx_word' id='word_1_206' title='bbox 1144 1033 1174 1059; x_wconf 85' lang='lat' dir='ltr'>et</span> <span class='ocrx_word' id='word_1_207' title='bbox 1198 1025 1266 1059; x_wconf 80' lang='lat' dir='ltr'>Lat.</span> <span class='ocrx_word' id='word_1_208' title='bbox 1295 1036 1326 1071; x_wconf 89' lang='lat' dir='ltr'>p.</span> <span class='ocrx_word' id='word_1_209' title='bbox 1342 1035 1378 1066; x_wconf 84' lang='lat'>14</span> <span class='ocrx_word' id='word_1_210' title='bbox 1397 1021 1457 1072; x_wconf 54' lang='grc' dir='ltr'>[ψ]</span> <span class='ocrx_word' id='word_1_211' title='bbox 1513 1022 1576 1059; x_wconf 89' lang='lat' dir='ltr'>Sed</span> <span class='ocrx_word' id='word_1_212' title='bbox 1599 1037 1774 1073; x_wconf 84' lang='lat' dir='ltr'>pergamus</span> <span class='ocrx_word' id='word_1_213' title='bbox 1791 1023 1833 1060; x_wconf 88' lang='lat' dir='ltr'>ad</span> 
     </span>
     <span class='ocr_line' id='line_1_18' title="bbox 73 1074 1834 1126; baseline -0.001 -14"><span class='ocrx_word' id='word_1_214' title='bbox 73 1075 301 1112; x_wconf 76' lang='lat' dir='ltr'>recensionem</span> <span class='ocrx_word' id='word_1_215' title='bbox 327 1076 524 1112; x_wconf 85' lang='lat' dir='ltr'>editionum.</span> <span class='ocrx_word' id='word_1_216' title='bbox 592 1078 629 1111; x_wconf 80' lang='lat' dir='ltr'>ln</span> <span class='ocrx_word' id='word_1_217' title='bbox 653 1074 879 1112; x_wconf 73' lang='lat' dir='ltr'>constituenda</span> <span class='ocrx_word' id='word_1_218' title='bbox 903 1089 981 1112; x_wconf 88' lang='lat' dir='ltr'>vero</span> <span class='ocrx_word' id='word_1_219' title='bbox 1006 1076 1137 1112; x_wconf 82' lang='lat' dir='ltr'>illarum</span> <span class='ocrx_word' id='word_1_220' title='bbox 1164 1074 1241 1112; x_wconf 87' lang='lat' dir='ltr'>serie</span> <span class='ocrx_word' id='word_1_221' title='bbox 1262 1084 1293 1111; x_wconf 88' lang='lat' dir='ltr'>et</span> <span class='ocrx_word' id='word_1_222' title='bbox 1321 1074 1527 1112; x_wconf 85' lang='lat' dir='ltr'>recensendis</span> <span class='ocrx_word' id='word_1_223' title='bbox 1560 1076 1773 1126; x_wconf 46' lang='lat' dir='ltr'>Ver-sionibus</span> <span class='ocrx_word' id='word_1_224' title='bbox 1795 1090 1834 1112; x_wconf 87' lang='lat' dir='ltr'>ae</span> 
     </span>
     <span class='ocr_line' id='line_1_19' title="bbox 77 1126 1832 1177; baseline -0.001 -11"><span class='ocrx_word' id='word_1_225' title='bbox 77 1129 323 1166; x_wconf 71' lang='lat' dir='ltr'>Commentariis</span> <span class='ocrx_word' id='word_1_226' title='bbox 340 1127 513 1177; x_wconf 76' lang='lat' dir='ltr'>diligenter</span> <span class='ocrx_word' id='word_1_227' title='bbox 528 1131 593 1163; x_wconf 88' lang='lat' dir='ltr'>iam</span> <span class='ocrx_word' id='word_1_228' title='bbox 614 1126 728 1164; x_wconf 83' lang='lat' dir='ltr'>versati</span> <span class='ocrx_word' id='word_1_229' title='bbox 746 1127 819 1164; x_wconf 92' lang='lat' dir='ltr'>sunt</span> <span class='ocrx_word' id='word_1_230' title='bbox 840 1129 974 1176; x_wconf 70' lang='lat' dir='ltr'>Harles.</span> <span class='ocrx_word' id='word_1_231' title='bbox 992 1131 1023 1164; x_wconf 90' lang='lat' dir='ltr'>in</span> <span class='ocrx_word' id='word_1_232' title='bbox 1042 1129 1222 1166; x_wconf 62' lang='lat' dir='ltr'>luti-oduei.</span> <span class='ocrx_word' id='word_1_233' title='bbox 1241 1132 1274 1164; x_wconf 91' lang='lat' dir='ltr'>in</span> <span class='ocrx_word' id='word_1_234' title='bbox 1293 1128 1377 1164; x_wconf 80' lang='lat' dir='ltr'>Hiss.</span> <span class='ocrx_word' id='word_1_235' title='bbox 1390 1130 1429 1163; x_wconf 80' lang='lat' dir='ltr'>G.</span> <span class='ocrx_word' id='word_1_236' title='bbox 1447 1131 1484 1165; x_wconf 87' lang='lat' dir='ltr'>L.</span> <span class='ocrx_word' id='word_1_237' title='bbox 1508 1142 1538 1177; x_wconf 90' lang='lat' dir='ltr'>p.</span> <span class='ocrx_word' id='word_1_238' title='bbox 1555 1141 1608 1175; x_wconf 85' lang='lat'>74.</span> <span class='ocrx_word' id='word_1_239' title='bbox 1637 1129 1781 1176; x_wconf 76' lang='lat' dir='ltr'>Fischer.</span> <span class='ocrx_word' id='word_1_240' title='bbox 1801 1139 1832 1164; x_wconf 86' lang='lat' dir='ltr'>et</span> 
     </span>
     <span class='ocr_line' id='line_1_20' title="bbox 72 1179 1833 1231; baseline 0 -13"><span class='ocrx_word' id='word_1_241' title='bbox 72 1183 178 1218; x_wconf 74' lang='lat' dir='ltr'>Born.</span> <span class='ocrx_word' id='word_1_242' title='bbox 197 1183 268 1217; x_wconf 73' lang='lat' dir='ltr'>VV.</span> <span class='ocrx_word' id='word_1_243' title='bbox 285 1182 362 1216; x_wconf 87' lang='lat' dir='ltr'>DD.</span> <span class='ocrx_word' id='word_1_244' title='bbox 377 1184 409 1216; x_wconf 90' lang='lat' dir='ltr'>in</span> <span class='ocrx_word' id='word_1_245' title='bbox 428 1179 686 1228; x_wconf 83' lang='lat' dir='ltr'>praefationibus</span> <span class='ocrx_word' id='word_1_246' title='bbox 700 1180 740 1217; x_wconf 89' lang='lat' dir='ltr'>ad</span> <span class='ocrx_word' id='word_1_247' title='bbox 757 1180 915 1217; x_wconf 82' lang='lat' dir='ltr'>editiones</span> <span class='ocrx_word' id='word_1_248' title='bbox 932 1181 971 1216; x_wconf 90' lang='lat' dir='ltr'>ab</span> <span class='ocrx_word' id='word_1_249' title='bbox 986 1181 1048 1217; x_wconf 83' lang='lat' dir='ltr'>illis</span> <span class='ocrx_word' id='word_1_250' title='bbox 1063 1192 1198 1231; x_wconf 87' lang='lat' dir='ltr'>paratas,</span> <span class='ocrx_word' id='word_1_251' title='bbox 1217 1194 1299 1231; x_wconf 89' lang='lat' dir='ltr'>quos</span> <span class='ocrx_word' id='word_1_252' title='bbox 1318 1184 1351 1216; x_wconf 92' lang='lat' dir='ltr'>in</span> <span class='ocrx_word' id='word_1_253' title='bbox 1361 1181 1601 1231; x_wconf 84' lang='lat' dir='ltr'>componendo</span> <span class='ocrx_word' id='word_1_254' title='bbox 1619 1181 1733 1218; x_wconf 77' lang='lat' dir='ltr'>nostro</span> <span class='ocrx_word' id='word_1_255' title='bbox 1751 1181 1833 1218; x_wconf 88' lang='lat' dir='ltr'>indi·</span> 
     </span>
     <span class='ocr_line' id='line_1_21' title="bbox 71 1233 1192 1283; baseline -0.001 -13"><span class='ocrx_word' id='word_1_256' title='bbox 71 1248 109 1270; x_wconf 91' lang='lat' dir='ltr'>ce</span> <span class='ocrx_word' id='word_1_257' title='bbox 126 1233 349 1269; x_wconf 83' lang='lat' dir='ltr'>adhibuimus.</span> <span class='ocrx_word' id='word_1_258' title='bbox 405 1236 558 1283; x_wconf 87' lang='lat' dir='ltr'>Princeps</span> <span class='ocrx_word' id='word_1_259' title='bbox 574 1236 680 1283; x_wconf 80' lang='lat' dir='ltr'>itaque</span> <span class='ocrx_word' id='word_1_260' title='bbox 695 1233 910 1270; x_wconf 74' lang='lat' dir='ltr'>Anacreontis</span> <span class='ocrx_word' id='word_1_261' title='bbox 931 1233 1032 1270; x_wconf 84' lang='lat' dir='ltr'>editio</span> <span class='ocrx_word' id='word_1_262' title='bbox 1049 1236 1192 1283; x_wconf 81' lang='lat' dir='ltr'>prodiit:</span> 
     </span>
    </p>
   </div>
   <div class='ocr_carea' id='block_1_3' title="bbox 73 1310 1831 1680">
    <p class='ocr_par' dir='ltr' id='par_1_3' title="bbox 73 1310 1831 1680">
     <span class='ocr_line' id='line_1_22' title="bbox 73 1310 1831 1363; baseline 0.001 -15"><span class='ocrx_word' id='word_1_263' title='bbox 73 1324 155 1359; x_wconf 74' lang='lat'>1554.</span> <span class='ocrx_word' id='word_1_264' title='bbox 181 1324 282 1360; x_wconf 87' lang='lat' dir='ltr'>opera</span> <span class='ocrx_word' id='word_1_265' title='bbox 303 1312 404 1347; x_wconf 69' lang='lat' dir='ltr'>Hem:</span> <span class='ocrx_word' id='word_1_266' title='bbox 420 1312 573 1358; x_wconf 74' lang='lat' dir='ltr'>Stephani</span> <span class='ocrx_word' id='word_1_267' title='bbox 589 1313 734 1348; x_wconf 86' lang='lat' dir='ltr'>Lutetiae</span> <span class='ocrx_word' id='word_1_268' title='bbox 752 1310 845 1350; x_wconf 88' lang='lat' dir='ltr'>Paris.</span> <span class='ocrx_word' id='word_1_269' title='bbox 861 1324 893 1356; x_wconf 75' lang='lat'>4.</span> <span class='ocrx_word' id='word_1_270' title='bbox 913 1315 1100 1354; x_wconf 52' lang='lat' dir='ltr'>,continens</span> <span class='ocrx_word' id='word_1_271' title='bbox 1118 1322 1245 1362; x_wconf 87' lang='lat' dir='ltr'>praeter</span> <span class='ocrx_word' id='word_1_272' title='bbox 1275 1314 1344 1349; x_wconf 88' lang='lat' dir='ltr'>LV.</span> <span class='ocrx_word' id='word_1_273' title='bbox 1370 1311 1482 1349; x_wconf 87' lang='lat' dir='ltr'>odaria</span> <span class='ocrx_word' id='word_1_274' title='bbox 1504 1313 1565 1349; x_wconf 86' lang='lat' dir='ltr'>alia</span> <span class='ocrx_word' id='word_1_275' title='bbox 1588 1325 1723 1363; x_wconf 87' lang='lat' dir='ltr'>quoque</span> <span class='ocrx_word' id='word_1_276' title='bbox 1745 1314 1831 1350; x_wconf 81' lang='lat' dir='ltr'>Ana-</span> 
     </span>
     <span class='ocr_line' id='line_1_23' title="bbox 176 1362 1830 1414; baseline 0.002 -15"><span class='ocrx_word' id='word_1_277' title='bbox 176 1366 319 1399; x_wconf 83' lang='lat' dir='ltr'>creontis</span> <span class='ocrx_word' id='word_1_278' title='bbox 334 1374 366 1399; x_wconf 93' lang='lat' dir='ltr'>et</span> <span class='ocrx_word' id='word_1_279' title='bbox 386 1362 495 1400; x_wconf 81' lang='lat' dir='ltr'>Alcaei</span> <span class='ocrx_word' id='word_1_280' title='bbox 511 1367 671 1408; x_wconf 78' lang='lat' dir='ltr'>carmina,</span> <span class='ocrx_word' id='word_1_281' title='bbox 698 1379 758 1400; x_wconf 90' lang='lat' dir='ltr'>nec</span> <span class='ocrx_word' id='word_1_282' title='bbox 775 1379 845 1400; x_wconf 88' lang='lat' dir='ltr'>non</span> <span class='ocrx_word' id='word_1_283' title='bbox 861 1364 930 1400; x_wconf 90' lang='lat' dir='ltr'>duo</span> <span class='ocrx_word' id='word_1_284' title='bbox 948 1366 1095 1414; x_wconf 80' lang='lat' dir='ltr'>Sapphus</span> <span class='ocrx_word' id='word_1_285' title='bbox 1113 1365 1236 1408; x_wconf 81' lang='lat' dir='ltr'>odaria,</span> <span class='ocrx_word' id='word_1_286' title='bbox 1266 1362 1512 1402; x_wconf 86' lang='lat' dir='ltr'>obseruationes</span> <span class='ocrx_word' id='word_1_287' title='bbox 1535 1365 1669 1402; x_wconf 80' lang='lat' dir='ltr'>editoris</span> <span class='ocrx_word' id='word_1_288' title='bbox 1693 1368 1726 1401; x_wconf 87' lang='lat' dir='ltr'>in</span> <span class='ocrx_word' id='word_1_289' title='bbox 1744 1367 1830 1402; x_wconf 81' lang='lat' dir='ltr'>Ana-</span> 
     </span>
     <span class='ocr_line' id='line_1_24' title="bbox 174 1416 1829 1467; baseline 0.002 -16"><span class='ocrx_word' id='word_1_290' title='bbox 174 1426 345 1452; x_wconf 88' lang='lat' dir='ltr'>creontem</span> <span class='ocrx_word' id='word_1_291' title='bbox 364 1427 397 1452; x_wconf 91' lang='lat' dir='ltr'>et</span> <span class='ocrx_word' id='word_1_292' title='bbox 412 1416 549 1452; x_wconf 84' lang='lat' dir='ltr'>latinam</span> <span class='ocrx_word' id='word_1_293' title='bbox 567 1420 872 1467; x_wconf 85' lang='lat' dir='ltr'>interpretationem</span> <span class='ocrx_word' id='word_1_294' title='bbox 890 1431 930 1462; x_wconf 81' lang='lat'>3¹-</span> <span class='ocrx_word' id='word_1_295' title='bbox 946 1418 1085 1454; x_wconf 85' lang='lat' dir='ltr'>odarum</span> <span class='ocrx_word' id='word_1_296' title='bbox 1106 1419 1144 1454; x_wconf 88' lang='lat' dir='ltr'>ab</span> <span class='ocrx_word' id='word_1_297' title='bbox 1167 1418 1288 1455; x_wconf 90' lang='lat' dir='ltr'>eodem</span> <span class='ocrx_word' id='word_1_298' title='bbox 1307 1420 1477 1467; x_wconf 86' lang='lat' dir='ltr'>Stephano</span> <span class='ocrx_word' id='word_1_299' title='bbox 1494 1422 1739 1455; x_wconf 82' lang='lat' dir='ltr'>concinnatam.</span> <span class='ocrx_word' id='word_1_300' title='bbox 1772 1417 1829 1466; x_wconf 89' lang='lat' dir='ltr'>[de</span> 
     </span>
     <span class='ocr_line' id='line_1_25' title="bbox 173 1467 1828 1521; baseline 0.001 -17"><span class='ocrx_word' id='word_1_301' title='bbox 173 1471 235 1504; x_wconf 86' lang='lat' dir='ltr'>hac</span> <span class='ocrx_word' id='word_1_302' title='bbox 252 1467 327 1507; x_wconf 85' lang='lat' dir='ltr'>edit.</span> <span class='ocrx_word' id='word_1_303' title='bbox 342 1483 372 1504; x_wconf 88' lang='lat' dir='ltr'>v.</span> <span class='ocrx_word' id='word_1_304' title='bbox 392 1469 483 1504; x_wconf 81' lang='lat' dir='ltr'>Dau.</span> <span class='ocrx_word' id='word_1_305' title='bbox 500 1470 643 1506; x_wconf 76' lang='lat' dir='ltr'>Clement</span> <span class='ocrx_word' id='word_1_306' title='bbox 666 1470 820 1506; x_wconf 81' lang='lat' dir='ltr'>Biblioth.</span> <span class='ocrx_word' id='word_1_307' title='bbox 840 1469 985 1507; x_wconf 87' lang='lat' dir='ltr'>curiense</span> <span class='ocrx_word' id='word_1_308' title='bbox 1002 1471 1184 1520; x_wconf 79' lang='lat' dir='ltr'>historique</span> <span class='ocrx_word' id='word_1_309' title='bbox 1198 1482 1229 1507; x_wconf 92' lang='lat' dir='ltr'>et</span> <span class='ocrx_word' id='word_1_310' title='bbox 1244 1474 1348 1521; x_wconf 89' lang='lat' dir='ltr'>critiq.</span> <span class='ocrx_word' id='word_1_311' title='bbox 1361 1471 1416 1508; x_wconf 87' lang='lat' dir='ltr'>des</span> <span class='ocrx_word' id='word_1_312' title='bbox 1432 1472 1526 1508; x_wconf 82' lang='lat' dir='ltr'>livres</span> <span class='ocrx_word' id='word_1_313' title='bbox 1542 1471 1689 1508; x_wconf 84' lang='lat' dir='ltr'>difficiles</span> <span class='ocrx_word' id='word_1_314' title='bbox 1704 1470 1722 1506; x_wconf 72' lang='grc' dir='ltr'>ἒι</span> <span class='ocrx_word' id='word_1_315' title='bbox 1739 1481 1828 1506; x_wconf 89' lang='lat' dir='ltr'>trou-</span> 
     </span>
     <span class='ocr_line' id='line_1_26' title="bbox 171 1521 1827 1573; baseline 0.002 -16"><span class='ocrx_word' id='word_1_316' title='bbox 171 1535 241 1569; x_wconf 79' lang='lat' dir='ltr'>ver,</span> <span class='ocrx_word' id='word_1_317' title='bbox 257 1532 340 1557; x_wconf 87' lang='lat' dir='ltr'>tom.</span> <span class='ocrx_word' id='word_1_318' title='bbox 357 1524 378 1556; x_wconf 88' lang='lat'>1.</span> <span class='ocrx_word' id='word_1_319' title='bbox 394 1534 424 1570; x_wconf 86' lang='lat' dir='ltr'>p.</span> <span class='ocrx_word' id='word_1_320' title='bbox 439 1530 512 1567; x_wconf 72' lang='lat'>287.</span> <span class='ocrx_word' id='word_1_321' title='bbox 530 1543 578 1549; x_wconf 92' lang='lat'>—</span> <span class='ocrx_word' id='word_1_322' title='bbox 607 1524 823 1559; x_wconf 67' lang='lat' dir='ltr'>Anacreontis</span> <span class='ocrx_word' id='word_1_323' title='bbox 845 1524 937 1558; x_wconf 75' lang='grc' dir='ltr'>Οαάε</span> <span class='ocrx_word' id='word_1_324' title='bbox 952 1524 1051 1560; x_wconf 77' lang='lat' dir='ltr'>latine</span> <span class='ocrx_word' id='word_1_325' title='bbox 1066 1522 1171 1560; x_wconf 72' lang='lat' dir='ltr'>fatstae</span> <span class='ocrx_word' id='word_1_326' title='bbox 1193 1524 1231 1560; x_wconf 87' lang='lat' dir='ltr'>ab</span> <span class='ocrx_word' id='word_1_327' title='bbox 1253 1525 1354 1560; x_wconf 80' lang='lat' dir='ltr'>Hclia</span> <span class='ocrx_word' id='word_1_328' title='bbox 1377 1525 1512 1560; x_wconf 67' lang='grc' dir='ltr'><em>Δηώ-επ</em></span> <span class='ocrx_word' id='word_1_329' title='bbox 1535 1524 1700 1573; x_wconf 73' lang='lat' dir='ltr'>Putsrlzs&#39;o,</span> <span class='ocrx_word' id='word_1_330' title='bbox 1729 1521 1827 1560; x_wconf 76' lang='lat' dir='ltr'>Paris.</span> 
     </span>
     <span class='ocr_line' id='line_1_27' title="bbox 170 1573 1827 1626; baseline 0.001 -16"><span class='ocrx_word' id='word_1_331' title='bbox 170 1573 257 1624; x_wconf 83' lang='lat' dir='ltr'>apud</span> <span class='ocrx_word' id='word_1_332' title='bbox 279 1573 493 1610; x_wconf 79' lang='lat' dir='ltr'>Richardum.</span> <span class='ocrx_word' id='word_1_333' title='bbox 513 1586 591 1623; x_wconf 83' lang='lat'>1555.</span> <span class='ocrx_word' id='word_1_334' title='bbox 608 1588 638 1620; x_wconf 76' lang='grc'>4.</span> <span class='ocrx_word' id='word_1_335' title='bbox 663 1574 727 1611; x_wconf 89' lang='lat' dir='ltr'>vid.</span> <span class='ocrx_word' id='word_1_336' title='bbox 750 1575 925 1613; x_wconf 74' lang='lat' dir='ltr'>Wdekind</span> <span class='ocrx_word' id='word_1_337' title='bbox 944 1579 1157 1612; x_wconf 82' lang='lat' dir='ltr'>Verzeichnis</span> <span class='ocrx_word' id='word_1_338' title='bbox 1175 1590 1243 1613; x_wconf 77' lang='lat' dir='ltr'>von</span> <span class='ocrx_word' id='word_1_339' title='bbox 1262 1591 1357 1614; x_wconf 90' lang='lat' dir='ltr'>raren</span> <span class='ocrx_word' id='word_1_340' title='bbox 1371 1579 1532 1613; x_wconf 81' lang='lat' dir='ltr'>Biichern.</span> <span class='ocrx_word' id='word_1_341' title='bbox 1556 1591 1588 1626; x_wconf 87' lang='lat' dir='ltr'>p.</span> <span class='ocrx_word' id='word_1_342' title='bbox 1611 1582 1682 1614; x_wconf 87' lang='lat'>106.</span> <span class='ocrx_word' id='word_1_343' title='bbox 1705 1577 1827 1612; x_wconf 79' lang='lat' dir='ltr'>Biblio-</span> 
     </span>
     <span class='ocr_line' id='line_1_28' title="bbox 169 1625 1721 1680; baseline 0.001 -17"><span class='ocrx_word' id='word_1_344' title='bbox 169 1630 301 1664; x_wconf 85' lang='lat' dir='ltr'>thecam</span> <span class='ocrx_word' id='word_1_345' title='bbox 319 1625 562 1664; x_wconf 75' lang='lat' dir='ltr'>Roloffianam.</span> <span class='ocrx_word' id='word_1_346' title='bbox 582 1638 665 1664; x_wconf 87' lang='lat' dir='ltr'>tom.</span> <span class='ocrx_word' id='word_1_347' title='bbox 681 1629 705 1663; x_wconf 80' lang='grc' dir='ltr'>Ι.</span> <span class='ocrx_word' id='word_1_348' title='bbox 724 1641 755 1677; x_wconf 86' lang='lat' dir='ltr'>p.</span> <span class='ocrx_word' id='word_1_349' title='bbox 775 1640 821 1673; x_wconf 80' lang='grc'>41.</span> <span class='ocrx_word' id='word_1_350' title='bbox 838 1629 890 1665; x_wconf 80' lang='lat' dir='ltr'>vbi</span> <span class='ocrx_word' id='word_1_351' title='bbox 907 1631 987 1664; x_wconf 89' lang='lat' dir='ltr'>etin</span> <span class='ocrx_word' id='word_1_352' title='bbox 1009 1629 1092 1666; x_wconf 90' lang='lat' dir='ltr'>Bibl.</span> <span class='ocrx_word' id='word_1_353' title='bbox 1111 1631 1236 1667; x_wconf 85' lang='lat' dir='ltr'>Bunau.</span> <span class='ocrx_word' id='word_1_354' title='bbox 1255 1632 1279 1666; x_wconf 86' lang='lat'>1.</span> <span class='ocrx_word' id='word_1_355' title='bbox 1295 1643 1329 1680; x_wconf 88' lang='lat' dir='ltr'>p.</span> <span class='ocrx_word' id='word_1_356' title='bbox 1345 1639 1394 1674; x_wconf 79' lang='lat'>82.</span> <span class='ocrx_word' id='word_1_357' title='bbox 1411 1629 1557 1680; x_wconf 81' lang='lat' dir='ltr'>signatur</span> <span class='ocrx_word' id='word_1_358' title='bbox 1571 1644 1600 1666; x_wconf 89' lang='lat' dir='ltr'>a.</span> <span class='ocrx_word' id='word_1_359' title='bbox 1620 1629 1721 1676; x_wconf 64' lang='lat'>1556]</span> 
     </span>
    </p>
   </div>
   <div class='ocr_carea' id='block_1_4' title="bbox 66 1704 1828 2089">
    <p class='ocr_par' dir='ltr' id='par_1_4' title="bbox 66 1704 1828 1902">
     <span class='ocr_line' id='line_1_29' title="bbox 66 1704 1828 1757; baseline -0.001 -13"><span class='ocrx_word' id='word_1_360' title='bbox 66 1710 154 1754; x_wconf 69' lang='lat'>¹1556.</span> <span class='ocrx_word' id='word_1_361' title='bbox 178 1704 252 1742; x_wconf 90' lang='lat' dir='ltr'>ibid.</span> <span class='ocrx_word' id='word_1_362' title='bbox 269 1712 302 1746; x_wconf 87' lang='lat'>8.</span> <span class='ocrx_word' id='word_1_363' title='bbox 330 1718 407 1741; x_wconf 85' lang='lat' dir='ltr'>cura</span> <span class='ocrx_word' id='word_1_364' title='bbox 425 1705 520 1742; x_wconf 84' lang='lat' dir='ltr'>Guil.</span> <span class='ocrx_word' id='word_1_365' title='bbox 537 1706 677 1743; x_wconf 81' lang='lat' dir='ltr'>Morelli</span> <span class='ocrx_word' id='word_1_366' title='bbox 692 1715 723 1743; x_wconf 87' lang='lat' dir='ltr'>et</span> <span class='ocrx_word' id='word_1_367' title='bbox 739 1707 877 1742; x_wconf 77' lang='lat' dir='ltr'>Roberti</span> <span class='ocrx_word' id='word_1_368' title='bbox 896 1707 1064 1755; x_wconf 69' lang='lat' dir='ltr'>Stephani,</span> <span class='ocrx_word' id='word_1_369' title='bbox 1090 1721 1169 1744; x_wconf 90' lang='lat' dir='ltr'>cum</span> <span class='ocrx_word' id='word_1_370' title='bbox 1188 1706 1361 1747; x_wconf 86' lang='lat' dir='ltr'>obseruatt.</span> <span class='ocrx_word' id='word_1_371' title='bbox 1377 1710 1423 1745; x_wconf 88' lang='lat' dir='ltr'>H.</span> <span class='ocrx_word' id='word_1_372' title='bbox 1442 1708 1597 1757; x_wconf 85' lang='lat' dir='ltr'>Stephani</span> <span class='ocrx_word' id='word_1_373' title='bbox 1619 1705 1742 1744; x_wconf 62' lang='lat' dir='ltr'>adiecta</span> <span class='ocrx_word' id='word_1_374' title='bbox 1757 1720 1828 1743; x_wconf 87' lang='lat' dir='ltr'>ver-</span> 
     </span>
     <span class='ocr_line' id='line_1_30' title="bbox 169 1758 1826 1809; baseline 0 -14"><span class='ocrx_word' id='word_1_375' title='bbox 169 1758 263 1795; x_wconf 79' lang='lat' dir='ltr'>sione</span> <span class='ocrx_word' id='word_1_376' title='bbox 275 1758 378 1794; x_wconf 86' lang='lat' dir='ltr'>latina</span> <span class='ocrx_word' id='word_1_377' title='bbox 393 1761 548 1794; x_wconf 89' lang='lat' dir='ltr'>omnium</span> <span class='ocrx_word' id='word_1_378' title='bbox 567 1761 753 1795; x_wconf 88' lang='lat' dir='ltr'>carminum</span> <span class='ocrx_word' id='word_1_379' title='bbox 770 1759 809 1795; x_wconf 91' lang='lat' dir='ltr'>ab</span> <span class='ocrx_word' id='word_1_380' title='bbox 827 1761 906 1795; x_wconf 81' lang='lat' dir='ltr'>Elia</span> <span class='ocrx_word' id='word_1_381' title='bbox 922 1762 1059 1798; x_wconf 77' lang='lat' dir='ltr'>Audrea</span> <span class='ocrx_word' id='word_1_382' title='bbox 1075 1759 1265 1809; x_wconf 86' lang='lat' dir='ltr'>(Putschio)</span> <span class='ocrx_word' id='word_1_383' title='bbox 1288 1758 1450 1798; x_wconf 56' lang='lat' dir='ltr'>conferta.</span> <span class='ocrx_word' id='word_1_384' title='bbox 1503 1763 1583 1797; x_wconf 77' lang='lat' dir='ltr'>Non</span> <span class='ocrx_word' id='word_1_385' title='bbox 1599 1760 1644 1796; x_wconf 86' lang='lat' dir='ltr'>est</span> <span class='ocrx_word' id='word_1_386' title='bbox 1666 1773 1756 1796; x_wconf 89' lang='lat' dir='ltr'>noua</span> <span class='ocrx_word' id='word_1_387' title='bbox 1778 1772 1826 1795; x_wconf 88' lang='lat' dir='ltr'>re·</span> 
     </span>
     <span class='ocr_line' id='line_1_31' title="bbox 167 1808 1825 1865; baseline 0 -17"><span class='ocrx_word' id='word_1_388' title='bbox 167 1809 291 1852; x_wconf 68' lang='lat' dir='ltr'>censio,</span> <span class='ocrx_word' id='word_1_389' title='bbox 320 1808 375 1846; x_wconf 91' lang='lat' dir='ltr'>sed</span> <span class='ocrx_word' id='word_1_390' title='bbox 392 1821 520 1847; x_wconf 88' lang='lat' dir='ltr'>tantum</span> <span class='ocrx_word' id='word_1_391' title='bbox 535 1814 689 1861; x_wconf 88' lang='lat' dir='ltr'>repetitio</span> <span class='ocrx_word' id='word_1_392' title='bbox 703 1814 858 1863; x_wconf 83' lang='lat' dir='ltr'>principis</span> <span class='ocrx_word' id='word_1_393' title='bbox 874 1811 1040 1851; x_wconf 87' lang='lat' dir='ltr'>editionis.</span> <span class='ocrx_word' id='word_1_394' title='bbox 1090 1815 1129 1850; x_wconf 86' lang='lat' dir='ltr'>In</span> <span class='ocrx_word' id='word_1_395' title='bbox 1143 1814 1274 1865; x_wconf 84' lang='lat' dir='ltr'>aliquot</span> <span class='ocrx_word' id='word_1_396' title='bbox 1287 1825 1415 1850; x_wconf 87' lang='lat' dir='ltr'>tantum</span> <span class='ocrx_word' id='word_1_397' title='bbox 1430 1813 1515 1849; x_wconf 83' lang='lat' dir='ltr'>locis</span> <span class='ocrx_word' id='word_1_398' title='bbox 1523 1813 1688 1849; x_wconf 67' lang='lat' dir='ltr'>Montius</span> <span class='ocrx_word' id='word_1_399' title='bbox 1700 1823 1825 1849; x_wconf 83' lang='lat' dir='ltr'>textum</span> 
     </span>
     <span class='ocr_line' id='line_1_32' title="bbox 166 1875 320 1902; baseline 0.006 -1"><span class='ocrx_word' id='word_1_400' title='bbox 166 1875 320 1902; x_wconf 85' lang='lat' dir='ltr'>mutauit.</span> 
     </span>
    </p>

    <p class='ocr_par' dir='ltr' id='par_1_5' title="bbox 67 1929 1823 2089">
     <span class='ocr_line' id='line_1_33' title="bbox 67 1929 1823 1984; baseline -0.002 -13"><span class='ocrx_word' id='word_1_401' title='bbox 67 1935 167 1984; x_wconf 75' lang='lat'>[1566.</span> <span class='ocrx_word' id='word_1_402' title='bbox 196 1935 303 1969; x_wconf 79' lang='lat' dir='ltr'>Lutet.</span> <span class='ocrx_word' id='word_1_403' title='bbox 321 1929 418 1967; x_wconf 70' lang='lat' dir='ltr'>Paris.</span> <span class='ocrx_word' id='word_1_404' title='bbox 440 1933 471 1967; x_wconf 90' lang='lat' dir='ltr'>in</span> <span class='ocrx_word' id='word_1_405' title='bbox 488 1935 533 1967; x_wconf 90' lang='grc'>16.</span> <span class='ocrx_word' id='word_1_406' title='bbox 551 1934 584 1968; x_wconf 91' lang='lat' dir='ltr'>in</span> <span class='ocrx_word' id='word_1_407' title='bbox 602 1933 1029 1982; x_wconf 66' lang='lat' dir='ltr'>HennStephaniCollec‘l.</span> <span class='ocrx_word' id='word_1_408' title='bbox 1043 1934 1170 1971; x_wconf 88' lang='lat' dir='ltr'>Pindari</span> <span class='ocrx_word' id='word_1_409' title='bbox 1190 1945 1221 1970; x_wconf 91' lang='lat' dir='ltr'>et</span> <span class='ocrx_word' id='word_1_410' title='bbox 1238 1933 1445 1984; x_wconf 85' lang='lat' dir='ltr'>reliquorum</span> <span class='ocrx_word' id='word_1_411' title='bbox 1462 1935 1671 1978; x_wconf 77' lang='lat' dir='ltr'>Lyricorum.</span> <span class='ocrx_word' id='word_1_412' title='bbox 1724 1931 1823 1969; x_wconf 77' lang='lat' dir='ltr'>Addi-</span> 
     </span>
     <span class='ocr_line' id='line_1_34' title="bbox 163 1984 1819 2036; baseline -0.001 -14"><span class='ocrx_word' id='word_1_413' title='bbox 163 1986 211 2023; x_wconf 89' lang='lat' dir='ltr'>dit</span> <span class='ocrx_word' id='word_1_414' title='bbox 226 1986 410 2032; x_wconf 86' lang='lat' dir='ltr'>Stephanus</span> <span class='ocrx_word' id='word_1_415' title='bbox 427 1985 553 2033; x_wconf 86' lang='lat' dir='ltr'>aliquot</span> <span class='ocrx_word' id='word_1_416' title='bbox 571 1984 650 2021; x_wconf 74' lang='lat' dir='ltr'>odas</span> <span class='ocrx_word' id='word_1_417' title='bbox 675 1999 713 2021; x_wconf 82' lang='lat' dir='ltr'>ex</span> <span class='ocrx_word' id='word_1_418' title='bbox 736 1986 828 2022; x_wconf 81' lang='lat' dir='ltr'>Eliae</span> <span class='ocrx_word' id='word_1_419' title='bbox 852 1985 1002 2024; x_wconf 79' lang='lat' dir='ltr'>Andreae</span> <span class='ocrx_word' id='word_1_420' title='bbox 1024 1989 1312 2036; x_wconf 74' lang='lat' dir='ltr'>interpretatione,</span> <span class='ocrx_word' id='word_1_421' title='bbox 1340 1996 1436 2035; x_wconf 86' lang='lat' dir='ltr'>atque</span> <span class='ocrx_word' id='word_1_422' title='bbox 1463 1987 1667 2022; x_wconf 66' lang='lat' dir='ltr'>coniecturas</span> <span class='ocrx_word' id='word_1_423' title='bbox 1691 1998 1726 2035; x_wconf 88' lang='lat' dir='ltr'>p.</span> <span class='ocrx_word' id='word_1_424' title='bbox 1742 1997 1819 2030; x_wconf 81' lang='lat'>430.</span> 
     </span>
     <span class='ocr_line' id='line_1_35' title="bbox 170 2036 1413 2089; baseline -0.002 -14"><span class='ocrx_word' id='word_1_425' title='bbox 170 2037 237 2075; x_wconf 82' lang='lat' dir='ltr'>vid.</span> <span class='ocrx_word' id='word_1_426' title='bbox 255 2038 406 2074; x_wconf 81' lang='lat' dir='ltr'>Clemeut.</span> <span class='ocrx_word' id='word_1_427' title='bbox 423 2037 445 2072; x_wconf 90' lang='lat' dir='ltr'>l.</span> <span class='ocrx_word' id='word_1_428' title='bbox 463 2050 493 2073; x_wconf 87' lang='lat' dir='ltr'>c.</span> <span class='ocrx_word' id='word_1_429' title='bbox 509 2050 542 2086; x_wconf 91' lang='lat' dir='ltr'>p.</span> <span class='ocrx_word' id='word_1_430' title='bbox 561 2046 633 2082; x_wconf 81' lang='lat'>287.</span> <span class='ocrx_word' id='word_1_431' title='bbox 649 2047 679 2073; x_wconf 86' lang='lat' dir='ltr'>et</span> <span class='ocrx_word' id='word_1_432' title='bbox 693 2040 854 2088; x_wconf 58' lang='lat' dir='ltr'>Fregitag.</span> <span class='ocrx_word' id='word_1_433' title='bbox 871 2037 993 2089; x_wconf 85' lang='lat' dir='ltr'>Adpar.</span> <span class='ocrx_word' id='word_1_434' title='bbox 1009 2039 1105 2077; x_wconf 85' lang='lat' dir='ltr'>litter.</span> <span class='ocrx_word' id='word_1_435' title='bbox 1123 2043 1192 2077; x_wconf 83' lang='lat'>111.-</span> <span class='ocrx_word' id='word_1_436' title='bbox 1202 2053 1236 2089; x_wconf 82' lang='lat' dir='ltr'>p.</span> <span class='ocrx_word' id='word_1_437' title='bbox 1250 2042 1312 2085; x_wconf 86' lang='lat'>566</span> <span class='ocrx_word' id='word_1_438' title='bbox 1328 2036 1413 2089; x_wconf 64' lang='lat' dir='ltr'>sqq]</span> 
     </span>
    </p>
   </div>
   <div class='ocr_carea' id='block_1_5' title="bbox 0 640 60 2110">
    <p class='ocr_par' dir='ltr' id='par_1_6' title="bbox 0 640 60 2110">
     <span class='ocr_line' id='line_1_36' title="bbox 0 640 60 2110; baseline 0 0"><span class='ocrx_word' id='word_1_439' title='bbox 0 640 60 2110; x_wconf 95' lang='lat' dir='ltr'> </span> 
     </span>
    </p>
   </div>
   <div class='ocr_carea' id='block_1_6' title="bbox 35 2113 1821 2457">
    <p class='ocr_par' dir='ltr' id='par_1_7' title="bbox 35 2113 1821 2273">
     <span class='ocr_line' id='line_1_37' title="bbox 35 2113 1821 2167; baseline -0.002 -12"><span class='ocrx_word' id='word_1_440' title='bbox 35 2115 49 2148; x_wconf 60' lang='lat' dir='ltr'>i·</span> <span class='ocrx_word' id='word_1_441' title='bbox 65 2123 151 2167; x_wconf 81' lang='lat'><strong>¹567·</strong></span> <span class='ocrx_word' id='word_1_442' title='bbox 179 2120 354 2164; x_wconf 68' lang='lat' dir='ltr'>Antwerp.</span> <span class='ocrx_word' id='word_1_443' title='bbox 378 2123 410 2157; x_wconf 85' lang='lat'>8.</span> <span class='ocrx_word' id='word_1_444' title='bbox 439 2128 478 2151; x_wconf 89' lang='lat' dir='ltr'>ex</span> <span class='ocrx_word' id='word_1_445' title='bbox 507 2114 643 2151; x_wconf 86' lang='lat' dir='ltr'>officina</span> <span class='ocrx_word' id='word_1_446' title='bbox 675 2115 893 2160; x_wconf 72' lang='lat' dir='ltr'>plantiniana,</span> <span class='ocrx_word' id='word_1_447' title='bbox 930 2119 963 2154; x_wconf 86' lang='lat' dir='ltr'>in</span> <span class='ocrx_word' id='word_1_448' title='bbox 985 2131 1128 2167; x_wconf 88' lang='lat' dir='ltr'>corpore</span> <span class='ocrx_word' id='word_1_449' title='bbox 1154 2119 1363 2164; x_wconf 68' lang='lat' dir='ltr'>Lyricorum.</span> <span class='ocrx_word' id='word_1_450' title='bbox 1398 2113 1488 2152; x_wconf 89' lang='lat' dir='ltr'>conf.</span> <span class='ocrx_word' id='word_1_451' title='bbox 1514 2115 1566 2153; x_wconf 88' lang='lat' dir='ltr'>die</span> <span class='ocrx_word' id='word_1_452' title='bbox 1591 2130 1676 2153; x_wconf 89' lang='lat' dir='ltr'>neue</span> <span class='ocrx_word' id='word_1_453' title='bbox 1699 2115 1821 2166; x_wconf 81' lang='lat' dir='ltr'>philol.</span> 
     </span>
     <span class='ocr_line' id='line_1_38' title="bbox 166 2166 1817 2220; baseline 0 -14"><span class='ocrx_word' id='word_1_454' title='bbox 166 2169 324 2206; x_wconf 81' lang='lat' dir='ltr'>Biblioth.</span> <span class='ocrx_word' id='word_1_455' title='bbox 343 2178 424 2203; x_wconf 83' lang='lat' dir='ltr'>tom.</span> <span class='ocrx_word' id='word_1_456' title='bbox 444 2170 466 2203; x_wconf 82' lang='grc' dir='ltr'>Ι.</span> <span class='ocrx_word' id='word_1_457' title='bbox 482 2180 516 2216; x_wconf 88' lang='lat' dir='ltr'>p.</span> <span class='ocrx_word' id='word_1_458' title='bbox 534 2180 578 2212; x_wconf 80' lang='lat'>71.</span> <span class='ocrx_word' id='word_1_459' title='bbox 607 2166 661 2214; x_wconf 88' lang='lat' dir='ltr'>[ad</span> <span class='ocrx_word' id='word_1_460' title='bbox 672 2170 927 2219; x_wconf 80' lang='lat' dir='ltr'>Stephanianam</span> <span class='ocrx_word' id='word_1_461' title='bbox 939 2168 1085 2220; x_wconf 66' lang='lat' dir='ltr'>exprell‘a</span> <span class='ocrx_word' id='word_1_462' title='bbox 1098 2170 1153 2207; x_wconf 85' lang='lat' dir='ltr'>est.</span> <span class='ocrx_word' id='word_1_463' title='bbox 1172 2169 1421 2218; x_wconf 75' lang='lat' dir='ltr'>Vid.Freytag.</span> <span class='ocrx_word' id='word_1_464' title='bbox 1441 2168 1594 2220; x_wconf 67' lang='lat' dir='ltr'>Adparet.</span> <span class='ocrx_word' id='word_1_465' title='bbox 1611 2169 1742 2206; x_wconf 81' lang='lat' dir='ltr'>litterar.</span> <span class='ocrx_word' id='word_1_466' title='bbox 1759 2171 1817 2206; x_wconf 76' lang='grc' dir='ltr'>ΠΙ.</span> 
     </span>
     <span class='ocr_line' id='line_1_39' title="bbox 165 2217 418 2273; baseline 0.02 -12"><span class='ocrx_word' id='word_1_467' title='bbox 165 2236 239 2273; x_wconf 86' lang='lat' dir='ltr'>pag.</span> <span class='ocrx_word' id='word_1_468' title='bbox 262 2225 334 2268; x_wconf 81' lang='lat'>568.</span> <span class='ocrx_word' id='word_1_469' title='bbox 356 2217 418 2269; x_wconf 88' lang='lat' dir='ltr'>sq.]</span> 
     </span>
    </p>

    <p class='ocr_par' dir='ltr' id='par_1_8' title="bbox 164 2298 1818 2457">
     <span class='ocr_line' id='line_1_40' title="bbox 278 2298 1818 2350; baseline 0.003 -18"><span class='ocrx_word' id='word_1_470' title='bbox 278 2300 331 2345; x_wconf 79' lang='lat' dir='ltr'>[In</span> <span class='ocrx_word' id='word_1_471' title='bbox 344 2298 456 2345; x_wconf 45' lang='lat' dir='ltr'>Vidini</span> <span class='ocrx_word' id='word_1_472' title='bbox 473 2298 676 2334; x_wconf 76' lang='lat' dir='ltr'>Carminibus</span> <span class='ocrx_word' id='word_1_473' title='bbox 702 2311 814 2334; x_wconf 76' lang='lat' dir='ltr'>nouem</span> <span class='ocrx_word' id='word_1_474' title='bbox 839 2299 1013 2346; x_wconf 70' lang='lat' dir='ltr'>illustrium</span> <span class='ocrx_word' id='word_1_475' title='bbox 1024 2301 1228 2347; x_wconf 77' lang='lat' dir='ltr'>feminarum</span> <span class='ocrx_word' id='word_1_476' title='bbox 1251 2306 1282 2335; x_wconf 87' lang='lat' dir='ltr'>et</span> <span class='ocrx_word' id='word_1_477' title='bbox 1307 2301 1526 2348; x_wconf 71' lang='lat' dir='ltr'>Lyricorum,</span> <span class='ocrx_word' id='word_1_478' title='bbox 1561 2299 1619 2347; x_wconf 92' lang='lat' dir='ltr'>(de</span> <span class='ocrx_word' id='word_1_479' title='bbox 1640 2313 1708 2350; x_wconf 89' lang='lat' dir='ltr'>quo</span> <span class='ocrx_word' id='word_1_480' title='bbox 1731 2299 1818 2338; x_wconf 84' lang='lat' dir='ltr'>libro</span> 
     </span>
     <span class='ocr_line' id='line_1_41' title="bbox 164 2350 1818 2403; baseline 0.001 -15"><span class='ocrx_word' id='word_1_481' title='bbox 164 2351 238 2388; x_wconf 78' lang='lat' dir='ltr'>vide</span> <span class='ocrx_word' id='word_1_482' title='bbox 254 2351 294 2387; x_wconf 86' lang='lat' dir='ltr'>ad</span> <span class='ocrx_word' id='word_1_483' title='bbox 313 2351 466 2386; x_wconf 78' lang='lat' dir='ltr'>Alcaeum</span> <span class='ocrx_word' id='word_1_484' title='bbox 485 2350 627 2399; x_wconf 81' lang='lat' dir='ltr'>notata‚)</span> <span class='ocrx_word' id='word_1_485' title='bbox 656 2364 685 2400; x_wconf 88' lang='lat' dir='ltr'>p.</span> <span class='ocrx_word' id='word_1_486' title='bbox 704 2363 755 2394; x_wconf 80' lang='lat'>123</span> <span class='ocrx_word' id='word_1_487' title='bbox 772 2372 823 2378; x_wconf 87' lang='lat'><strong>—</strong></span> <span class='ocrx_word' id='word_1_488' title='bbox 839 2364 906 2399; x_wconf 80' lang='lat'>¹39.</span> <span class='ocrx_word' id='word_1_489' title='bbox 925 2355 1182 2402; x_wconf 83' lang='lat' dir='ltr'>praemittuntur</span> <span class='ocrx_word' id='word_1_490' title='bbox 1197 2363 1343 2388; x_wconf 87' lang='lat' dir='ltr'>veterum</span> <span class='ocrx_word' id='word_1_491' title='bbox 1366 2355 1401 2388; x_wconf 88' lang='lat' dir='ltr'>in</span> <span class='ocrx_word' id='word_1_492' title='bbox 1425 2355 1544 2388; x_wconf 83' lang='lat' dir='ltr'>Anacr.</span> <span class='ocrx_word' id='word_1_493' title='bbox 1567 2355 1818 2403; x_wconf 82' lang='lat' dir='ltr'>epigrammata,</span> 
     </span>
     <span class='ocr_line' id='line_1_42' title="bbox 166 2401 1817 2457; baseline 0.001 -17"><span class='ocrx_word' id='word_1_494' title='bbox 166 2415 197 2441; x_wconf 87' lang='lat' dir='ltr'>et</span> <span class='ocrx_word' id='word_1_495' title='bbox 213 2418 246 2453; x_wconf 84' lang='lat' dir='ltr'>p.</span> <span class='ocrx_word' id='word_1_496' title='bbox 260 2416 316 2447; x_wconf 82' lang='lat'>130</span> <span class='ocrx_word' id='word_1_497' title='bbox 338 2425 384 2430; x_wconf 90' lang='lat'><strong>—</strong></span> <span class='ocrx_word' id='word_1_498' title='bbox 403 2417 460 2450; x_wconf 75' lang='lat'>¹5¹·</span> <span class='ocrx_word' id='word_1_499' title='bbox 488 2405 553 2439; x_wconf 86' lang='lat' dir='ltr'>eius</span> <span class='ocrx_word' id='word_1_500' title='bbox 571 2404 654 2438; x_wconf 75' lang='lat' dir='ltr'>odae</span> <span class='ocrx_word' id='word_1_501' title='bbox 673 2415 702 2438; x_wconf 87' lang='lat' dir='ltr'>et</span> <span class='ocrx_word' id='word_1_502' title='bbox 717 2401 915 2452; x_wconf 76' lang='lat' dir='ltr'>fragmenta,</span> <span class='ocrx_word' id='word_1_503' title='bbox 942 2413 1038 2455; x_wconf 72' lang='lat' dir='ltr'>(quae</span> <span class='ocrx_word' id='word_1_504' title='bbox 1053 2407 1197 2456; x_wconf 83' lang='lat' dir='ltr'>genuina</span> <span class='ocrx_word' id='word_1_505' title='bbox 1213 2406 1354 2452; x_wconf 84' lang='lat' dir='ltr'>habuit,)</span> <span class='ocrx_word' id='word_1_506' title='bbox 1382 2403 1525 2456; x_wconf 79' lang='lat' dir='ltr'>denique</span> <span class='ocrx_word' id='word_1_507' title='bbox 1550 2419 1581 2457; x_wconf 85' lang='lat' dir='ltr'>p.</span> <span class='ocrx_word' id='word_1_508' title='bbox 1599 2419 1661 2452; x_wconf 82' lang='lat'>320</span> <span class='ocrx_word' id='word_1_509' title='bbox 1678 2427 1728 2434; x_wconf 88' lang='lat'><em>—</em></span> <span class='ocrx_word' id='word_1_510' title='bbox 1743 2413 1817 2450; x_wconf 83' lang='lat'>328.</span> 
     </span>
    </p>
   </div>
   <div class='ocr_carea' id='block_1_7' title="bbox 165 2453 1821 2559">
    <p class='ocr_par' dir='ltr' id='par_1_9' title="bbox 165 2453 1821 2559">
     <span class='ocr_line' id='line_1_43' title="bbox 165 2453 798 2511; baseline -0.005 -17"><span class='ocrx_word' id='word_1_511' title='bbox 165 2457 395 2494; x_wconf 76' lang='lat' dir='ltr'>adnotationes</span> <span class='ocrx_word' id='word_1_512' title='bbox 410 2458 570 2494; x_wconf 82' lang='lat' dir='ltr'>inAnacr.</span> <span class='ocrx_word' id='word_1_513' title='bbox 585 2453 798 2511; x_wconf 67' lang='lat' dir='ltr'>fragmenta]</span> 
     </span>
     <span class='ocr_line' id='line_1_44' title="bbox 1643 2514 1821 2559; baseline 0 -11"><span class='ocrx_word' id='word_1_514' title='bbox 1643 2515 1731 2559; x_wconf 83' lang='lat'>1586.</span> <span class='ocrx_word' id='word_1_515' title='bbox 1757 2514 1821 2549; x_wconf 86' lang='lat' dir='ltr'>Lu-</span> 
     </span>
    </p>
   </div>
  </div>
 </body>
</html>
