2183 2747
0 132 74 163 '‘fl-¹·
99 139 183 167 ⁹³⁴0
460 129 523 170 DE
576 127 942 168 INCREDIBILIBVS.
1150 126 1225 164 Lib.
1247 128 1276 164 Ῑ.
1306 140 1330 165 c.
1350 127 1459 168 XXI.
1680 141 1752 181 137

0 232 93 283 phato
111 228 198 267 forte
212 230 339 279 repetiit
355 241 546 275 anonymus
563 224 744 264 Allatianus
759 224 800 262 de
816 222 1057 262 incredibilibus
1073 237 1145 275 cap.
1162 237 1192 269 4.
1220 227 1314 277 Qae
1331 239 1410 263 vero
1424 226 1567 263 Tzetzcs
1583 227 1622 264 ad
1639 232 1747 276 Lyco.

0 286 156 321 ›hrouem
171 296 188 319 e
207 282 320 319 nostro
344 282 452 325 habet,
469 281 592 317 exstant
615 282 647 316 in
665 280 849 329 Palaephati
872 278 984 314 libello
1001 291 1028 312 c.
1046 279 1076 313 6.
1132 276 1224 314 Idem
1245 290 1344 330 caput
1366 276 1495 330 respicit
1516 282 1587 316 Ioh.
1605 284 1746 320 'su-tzcs

0 329 78 375 'Chil.
96 337 134 371 X.
150 349 180 372 v.
194 339 267 380 426.
296 336 351 385 qui
367 333 534 371 interdum
551 332 769 383 expositiones
785 329 969 382 Palaephati
991 332 1092 366 reiicit
1113 341 1144 367 et
1163 334 1314 381 exagitat.
1369 331 1670 383 Qunadmodum
1687 338 1748 372 Lu.

0 386 130 427 lonicus
153 391 181 424 V
185 391 252 425 iucs
271 401 405 439 quoque
425 402 495 424 non
520 389 661 423 omnino
683 384 805 422 sinistre
829 384 1064 434 Palaephatum
1093 386 1270 420 Poetarum
1293 382 1419 421 fabulas
1439 385 1480 422 ad
1504 398 1748 436 congruentem

57 441 159 478 udam
175 441 327 478 historiae
343 454 380 476 ac
393 443 533 478 veritatis
549 439 806 491 applicationem
821 435 995 474 traduxilse
1010 433 1193 488 professus,
1227 436 1334 481 addit,
1363 441 1396 474 in
1413 439 1583 475 nonnullis
1600 440 1677 476 alias
1693 440 1746 478 de.

0 454 90 533 mre
103 508 181 532 eum
195 496 411 538 coniecturas,
426 494 504 530 alias
519 491 643 529 fallere.
698 493 868 534 Ceterum,
884 487 1013 534 confer,
1029 488 1054 525 ss
1068 488 1187 541 placet,
1209 492 1370 527 thetzae
1385 492 1472 528 Chil.
1490 495 1560 528 VII.
1586 508 1614 529 v.
1631 507 1667 530 10
1678 508 1744 541 -19-

0 557 23 586 :t
39 547 126 585 Chil.
143 549 201 585 1x.
217 562 248 584 v.
267 560 330 593 411.
347 545 409 598 seq.
441 561 519 583 cum
540 546 726 595 Palaephati
741 558 768 579 c.
785 547 807 581 1.
822 542 908 581 Chil.
924 546 961 587 1.‚
975 550 1078 589 v.558.
1107 556 1186 579 cum
1200 557 1228 578 c.
1245 551 1289 588 8.,
1306 544 1394 582 Chil.
1412 548 1451 582 11.
1467 559 1496 582 v.
1513 553 1586 591 838.
1612 557 1643 584 et
1657 546 1744 584 Chil.

0 601 47 640 [Χ.
59 615 89 638 v.
105 614 179 647 410.
197 614 275 638 cum
291 615 319 637 c.
335 613 399 648 4i.‚
426 598 639 651 Apostolium
653 600 790 635 Centur.
806 610 834 634 2.
851 610 947 647 prou.
965 598 1022 639 86.
1036 609 1115 632 cum
1136 610 1164 632 c.
1183 599 1238 641 46.

6 692 204 722 eodieasMSS.
254 683 327 717 VII.
382 679 564 728 [Plurimos
587 676 684 716 codd.
710 680 777 713 iam
797 677 1001 712 memorauit
1015 673 1056 710 cl.
1075 675 1250 722 Fischerus
1268 678 1301 711 in
1318 673 1575 726 praefationibus
1592 674 1664 714 suis.
1691 678 1745 708 --‘

0 733 16 759 '
32 730 118 759 ΨΜ·
277 736 317 771 In
338 733 418 769 Bibl.
442 736 567 770 Veneta
586 734 629 769 D.
645 733 754 768 Marci
780 729 909 765 testibus
923 729 1168 777 Bongiouanno
1189 739 1222 764 et
1238 730 1378 766 Zanetto
1399 732 1434 765 in
1451 730 1557 766 Catal.
1579 744 1654 780 pag.
1675 744 1742 777 273.

279 785 354 823 cod.
378 800 449 833 509.
470 790 504 822 in
528 784 588 823 sol.
609 786 748 820 chartac.
773 780 891 818 saeculi
914 783 1040 817 circiter
1057 783 1128 816 XV.
1151 785 1318 825 continet,
1344 792 1473 833 praeter
1492 786 1616 833 Orphei
1635 787 1744 834 Argo-

0 838 119 873 nautica
141 848 173 874 et
193 839 275 883 alia,
303 837 490 888 Palaephati
509 839 677 881 historias,
711 838 806 873 huius
826 832 1061 884 inscriptionis:
1091 837 1128 873 ἐκ
1150 835 1218 873 τῶν
1239 833 1490 885 παλαιφάτε,
1517 837 1597 888 περὶ
1618 839 1743 888 kaft&

0 887 160 941 ἰςχαὶων.
190 912 240 919 —-
292 891 417 928 Ibidem
436 905 511 941 pag.
528 904 603 936 277-
620 888 694 925 cod.
711 901 770 935 513.
788 890 928 923 chartac.
947 885 1063 922 saeculi
1080 890 1157 922 circ.
1173 889 1262 924 XIV.
1278 900 1309 933 4.
1339 890 1534 935 Palaestram
1548 892 1586 924 de
1601 902 1662 924 nou
1679 903 1744 926 crc-

0 942 99 978 ieudis
122 946 329 991 antiquorum
339 945 481 992 fabulis.
538 943 680 979 Illorum
707 951 820 977 tamen
844 940 1050 989 diligentiam
1072 937 1258 989 effugerant
1279 940 1348 977 duo
1376 939 1552 992 opuscula,
1589 957 1672 992 quae
1696 946 1742 979 in-

0 991 64 1030 'unt
83 998 117 1030 in
137 995 211 1032 cod.
235 1008 310 1044 490.
336 1000 372 1032 in
392 997 558 1045 Catalogo
580 1009 656 1045 pag.
680 996 750 1038 256.
777 993 974 1043 significato,
1003 1006 1125 1043 nempe
1151 994 1292 1030 Cornuti
1313 1007 1397 1044 opus
1411 993 1452 1030 de
1467 1006 1583 1031 natura
1598 994 1743 1034 deorum

0 1057 183 1097 ntegrum,
220 1059 252 1085 et
279 1052 334 1094 46.
363 1052 470 1100 prima
502 1051 607 1098 capita
636 1046 850 1092 Palaeplum',
890 1046 929 1082 ab
955 1043 1047 1081 editis
1080 1045 1228 1082 multum
1259 1043 1482 1098 discrepantia.
1509 1050 1540 1083 ‘v.
1575 1049 1744 1097 Villoison

0 1099 115 1136 ¹anecd.
136 1113 255 1150 graeca
273 1105 312 1138 11.
330 1116 361 1152 p.
382 1113 510 1145 243.——
539 1099 625 1137 Cod.
640 1101 767 1136 Matrit.
786 1101 867 1148 regii
888 1099 927 1134 ab
945 1099 1069 1133 Iriarto
1091 1096 1224 1148 copiose
1244 1096 1397 1150 descripti
1413 1103 1480 1136 iarn
1501 1098 1597 1150 supra
1612 1105 1742 1138 mentio

0 1149 74 1188 *aaa
97 1153 152 1189 est.
184 1174 236 1182 -
293 1153 457 1190 Codicem
480 1155 685 1196 Rauianum,
727 1154 901 1202 antiquum
917 1147 989 1186 satis
1013 1151 1223 1201 bonumque,
1264 1165 1364 1203 quem
1387 1152 1592 1189 Christianus
1616 1155 1741 1191 Rauius

0 1204 280 1256 Constantinopoli
303 1204 415 1243 secum
435 1206 606 1250 attulerat,
631 1207 803 1241 Martinus
820 1205 1030 1246 Brunmrus,
1057 1201 1224 1240 Profeffor
1237 1217 1434 1254 graecarum
1449 1206 1635 1242 litteramm
1651 1206 1741 1256 apud

0 1253 210 1307 Vpsalienses,
236 1258 332 1295 valde
352 1259 501 1296 laudauit
523 1263 557 1295 in
577 1256 792 1310 praefatione.
821 1277 872 1284 —
926 1259 964 1291 In
981 1256 1062 1291 Bibl.
1080 1258 1298 1293 Laurentiaim
1322 1256 1535 1294 adso-uantur
1555 1259 1743 1296 Florentiae

0 1305 55 1346 ho
75 1309 222 1356 codices3
247 1311 328 1348 alter
348 1314 638 1355 membranaceus,
665 1308 747 1347 saec.
766 1312 853 1346 XIV.
873 1312 908 1344 in
921 1317 949 1352 8.
975 1311 1031 1358 qui
1055 1311 1201 1345 continet
1222 1307 1348 1346 fabulas
1370 1308 1424 1346 sex
1445 1321 1477 1347 et
1499 1310 1741 1361 quadraginta;

0 1359 271 1409 fija-chartaceus
293 1368 326 1401 in
343 1378 374 1410 4.
395 1363 475 1402 saec.
494 1367 565 1401 XV.
585 1367 641 1414 qui
656 1362 790 1407 desinit,
819 1373 852 1398 vt
864 1361 1156 1411 Cantabrigienfis,
1184 1365 1218 1397 in
1242 1359 1383 1413 septimo
1397 1373 1429 1399 et
1443 1361 1608 1400 tricesimo
1623 1368 1740 1414 capite.

0 1422 22 1452 κ
35 1415 188 1465 Catalog.
215 1417 289 1454 bibl.
305 1420 458 1455 Laurent.
481 1429 565 1460 tom.
581 1421 621 1454 11.
645 1429 720 1467 pag.
738 1428 807 1462 319.
825 1425 858 1451 et
870 1417 949 1461 609.
977 1435 1027 1441 —-
1080 1417 1169 1450 Inter
1188 1414 1286 1451 codd.
1305 1417 1402 1452 MSS.
1425 1418 1457 1451 V
1459 1415 1600 1453 ossianos
1615 1420 1648 1452 in
1663 1417 1740 1454 bibl.

0 1463 195 1517 lugdunensi
209 1470 376 1521 (Catalog.
391 1486 423 1522 p.
443 1483 515 1516 403.
534 1485 566 1508 n.
583 1472 646 1516 aa.)
663 1471 707 1507 est
722 1468 935 1519 Palaephatus
952 1467 1029 1518 περὶ
1048 1464 1183 1508 alutem
1202 1469 1339 1520 ἱςοξιῶν.
1394 1468 1488 1506 Alios
1504 1468 1633 1506 codices
1647 1473 1742 1520 quin-

0 1531 51 1572 [ηε
71 1520 217 1558 aVossio
235 1537 314 1560 cum
336 1523 430 1560 editis
455 1525 543 1560 libris
569 1523 729 1565 collatos,
756 1535 902 1572 quorum
924 1520 1108 1556 lectionum
1133 1518 1263 1570 sylloge
1286 1520 1375 1557 sitin
1391 1521 1508 1558 eadem
1528 1522 1739 1566 bibliotheca,

0 1583 233 1628 Pmmemorat
253 1576 408 1626 Goerfius
422 1576 463 1613 ad
478 1579 640 1627 Porphyr.
668 1579 705 1612 Λ.
719 1576 794 1611 ΝΝ.
815 1587 891 1625 pag.
911 1585 970 1619 115.
997 1583 1134 1608 notante
1149 1574 1303 1621 Fischer-o
1318 1576 1351 1609 in
1366 1572 1574 1624 praefatione
1586 1588 1662 1625 pag.
1679 1578 1738 1611 lV.

0 1626 28 1662 h
43 1626 158 1663 eadem
180 1628 396 1673 bibliotheca,
437 1630 557 1676 (Catal.
581 1642 656 1679 pag.
683 1628 773 1673 269.)
792 1627 837 1663 est
858 1625 933 1662 edit.
948 1624 1134 1661 Bafileenfis
1155 1628 1249 1661 variis
1269 1625 1466 1662 lectionibus
1488 1625 1613 1663 codicis
1634 1625 1737 1663 cuius.

0 1675 66 1715 lam
83 1682 156 1716 MS.
182 1692 307 1717 ornata.
336 1703 388 1710 —
439 1685 478 1719 In
493 1682 572 1718 Bibl.
589 1680 756 1731 Augustae
771 1679 933 1716 Vindelic.
957 1682 1002 1725 (v.
1021 1679 1144 1726 Reiseri
1163 1678 1304 1728 catalog.
1322 1693 1353 1729 p.
1371 1681 1440 1726 86.)
1466 1676 1540 1715 sunt
1564 1682 1598 1715 in
1622 1678 1738 1717 codice

0 1731 134 1781 luodam
157 1734 395 1783 Mythologiae
414 1733 456 1771 de
478 1735 620 1785 Pelope,
661 1736 832 1783 Cecrope,
867 1731 1091 1774 Alcmaeone,
1125 1731 1291 1775 Hercule,
1331 1733 1492 1774 Saturno,
1528 1733 1661 1768 Graecis
1682 1746 1738 1770 ex-

0 1786 228 1833 ›ugnantibus,
261 1788 373 1830 Rhea,
407 1789 546 1831 Cerere,
581 1786 729 1830 Semele,
760 1788 891 1835 Magis,
923 1785 1128 1827 Thracibus,
1156 1786 1316 1834 Orpheo,
1345 1783 1440 1826 Sole,
1470 1786 1597 1821 Hecate
1613 1795 1672 1822 etc.
1696 1788 1737 1824 111

0 1836 106 1874 odem
127 1838 299 1875 volumine
320 1840 433 1888 Psello
453 1839 494 1876 ad
509 1840 715 1878 Michaelem
732 1841 970 1880 Conmenum,
997 1839 1112 1884 (Ψέλε
1136 1835 1222 1889 πξός
1245 1834 1302 1877 ‘rav
1316 1833 1475 1886 Μιχαὴλ
1497 1833 1553 1877 τᾶν
1576 1834 1736 1887 Κόμνηνον

0 1887 181 1940 {eminam
205 1887 376 1943 ὣοὶφσξοι)
398 1894 585 1930 tribuuntur
605 1895 711 1942 capita
736 1895 824 1928 varia
843 1890 1034 1940 theologica
1057 1900 1088 1926 et
1107 1889 1260 1940 physica,
1287 1894 1320 1926 in
1344 1893 1392 1926 his
1408 1888 1519 1927 fabula
1532 1891 1571 1926 de
1588 1891 1735 1928 Amazo-

0 1944 96 1986 nibus,
124 1957 208 1994 quae
221 1944 324 1994 vulgo
343 1942 533 1982 adscribitur
549 1945 759 1995 Palaephato.
813 1943 939 1980 Codice
963 1942 1022 1979 illo
1038 1941 1109 1979 vsus
1126 1943 1169 1979 est
1190 1943 1229 1978 cl.
1254 1940 1391 1979 Fischer.
1419 1963 1470 1971 —
1523 1945 1561 1979 In
1577 1944 1732 1983 Biblioth.

0 1993 70 2032 »lim
85 1996 249 2040 Palatina,
277 2011 365 2033 nunc
387 2000 544 2035 Vaticana
569 1997 672 2048 (apud
685 1998 839 2046 Sylburg.
861 2011 893 2047 p.
912 1997 980 2041 44.)
1004 2010 1035 2031 n.
1054 2008 1141 2043 143:
1171 1998 1220 2031 Ex
1244 1995 1431 2047 Palaephati
1453 1993 1610 2032 fabulosis
1634 1996 1735 2034 histo.

0 2049 40 2084 ἱίε
55 2051 90 2085 in
103 2061 132 2094 4.
150 2059 181 2084 et
198 2063 230 2085 n.
248 2053 322 2094 360.
338 2049 428 2096 (ibid.
445 2065 477 2101 p.
496 2053 582 2098 109.)
601 2050 813 2101 Palaephatus
832 2049 873 2085 de
894 2049 960 2086 fide
973 2049 1155 2084 carentibus
1171 2049 1323 2093 historiis,
1350 2063 1428 2085 cum
1443 2051 1578 2086 auc‘tore
1593 2048 1634 2086 de
1651 2049 1734 2100 lapi-

0 2097 78 2138 libus
101 2112 132 2138 et
146 2106 290 2151 gemmis
307 2105 426 2139 XXVI.
451 2117 598 2154 quomm
612 2106 739 2154 primus
756 2101 956 2150 Crystallus,
983 2101 1169 2152 postremus
1187 2101 1452 2145 Chalcedonius,
1479 2098 1614 2152 aliisque
1636 2099 1736 2153 opus·

0 2152 78 2190 tulis.
131 2151 254 2191 Forsan
273 2155 428 2192 alteruter
445 2158 570 2194 horum
586 2157 810 2192 Palatinoruni
831 2155 874 2191 est
895 2158 920 2191 is
943 2153 1067 2196 codex,
1095 2157 1151 2204 qui
1167 2168 1185 2189 a
1199 2154 1320 2191 Tollio
1333 2168 1408 2204 pag.
1426 2157 1496 2196 168.
1511 2165 1732 2199 memoratur,

0 2202 30 2241 le
51 2219 118 2256 quo
144 2217 256 2244 autem
278 2207 319 2243 cl.
334 2205 518 2245 Fischer'in
540 2207 674 2259 praefat.
697 2213 824 2259 primae
847 2206 996 2244 editionis
1018 2206 1101 2243 nihil
1127 2210 1315 2258 comperire
1329 2207 1384 2243 fibi
1409 2204 1532 2243 licuisse
1556 2205 1733 2258 scripserat.

0 2258 103 2295 huno
125 2260 199 2309 post
216 2263 337 2296 iterum
359 2259 400 2297 de
420 2263 484 2298 hoc
504 2260 778 2313 suspiciunculam
799 2259 959 2297 adseram.
991 2280 1042 2286 —-
1092 2261 1130 2295 In
1153 2261 1394 2308 Muntfimconii
1421 2260 1500 2295 Bibl.
1524 2260 1735 2297 bibliotheca-

0 2321 64 2346 ·um
78 2313 175 2347 MSS.
197 2316 391 2349 nominatur
408 2327 484 2364 pag.
507 2328 578 2360 107.
600 2330 631 2351 n.
643 2322 749 2362 ³930·
764 2314 840 2350 bibl.
858 2316 1051 2349 vaticanae:
1097 2313 1245 2360 Palefati
1264 2314 1362 2349 Parii
1378 2313 1521 2362 Prierfi1
1534 2314 1732 2362 fragmenta

0 2359 39 2399 ie'
57 2362 197 2400 historiis
217 2365 469 2403 incredibilibus.
482 2389 533 2395 —
549 2367 624 2403 ibid.
640 2382 715 2418 pag.
737 2370 812 2413 642.
830 2369 869 2402 A.
885 2370 919 2401 in
933 2365 1013 2401 Bibl.
1031 2363 1219 2401 Bodleiaua.
1237 2380 1269 2401 n.
1287 2378 1333 2410 71.
1348 2386 1399 2394 —-
1415 2366 1456 2401 ib.
1473 2379 1504 2415 p.
1522 2369 1596 2410 670.
1616 2380 1647 2401 n.
1663 2378 1738 2411 442.

0 2415 31 2450 in
48 2415 129 2451 Bibl.
148 2418 338 2467 Cantabrig.
354 2439 406 2446 —
422 2418 498 2455 ibid.
513 2434 544 2469 p.
561 2433 638 2465 770.
660 2436 692 2456 n.
712 2423 762 2457 26.
780 2423 813 2457 in
834 2420 896 2454 bib.
916 2414 1010 2454 Paris.
1035 2431 1102 2466 reg.
1125 2418 1312 2469 Palaephati
1333 2417 1491 2466 allegoria
1514 2415 1742 2455 fabulosarum

0 2471 238 2515 narrationum,
261 2481 296 2509 vt
319 2466 466 2509 Veneto&
489 2471 635 2526 aliosque
652 2473 731 2512 ibid.
753 2474 943 2510 nominatos
967 2472 1131 2508 omittam.
1160 2490 1212 2500 -
1263 2472 1303 2509 In
1315 2470 1469 2508 Biblioth.
1487 2467 1644 2508 Escurial.
1666 2471 1743 2507 teste

965 2526 1021 2561 Aa
1048 2536 1067 2559 2
1665 2527 1744 2561 Ant.
