2183 2747
0 163 51 192 vot.
63 165 79 191 Ι.
99 173 125 199 p.
135 172 180 197 ¹⁴⁴

449 163 512 200 DE
565 163 930 201 INCREDIBILIBVS.
1101 163 1174 200 Lib.
1194 164 1221 202 Ῑ.
1251 160 1420 203 ε.’ΧΧΙῙ.

1686 185 1750 219 ¹95

0 264 29 299 in
47 261 225 310 Allegoriis
243 257 329 296 hisce
344 274 375 310 p.
391 272 459 307 425.
476 258 553 296 edit.
573 260 897 298 Amstelodamenfis.
952 261 1097 309 Sallustii·
1112 259 1305 313 Philosophi
1323 266 1356 299 in
1370 263 1530 300 Heracliti
1547 265 1752 315 problemata

0 314 179 351 Homerica
202 311 422 350 summai-ium
438 315 511 349 MS.
537 311 648 350 vidill'e
668 311 696 351 se
718 318 750 350 in
765 314 845 350 Bibl.
867 312 948 350 Lud.
967 316 1091 364 Saregi,
1118 314 1264 352 Perusiae
1279 327 1310 352 et
1333 318 1489 354 Vmbriae
1507 317 1683 368 praefecti,
1708 331 1752 359 te.

0 365 95 404 lhtur
114 366 216 403 Iustus
245 368 415 417 Rycquius
438 366 584 416 Epistola
608 368 726 403 XXIX.
749 366 791 403 ad
811 369 969 404 Marcum
989 366 1163 404 Velseruin
1180 366 1223 404 ὅ).

30 459 201 501 &mn-„-
262 447 318 482 111.
373 444 514 481 Libellus
537 444 620 481 alter
641 445 680 481 dc
701 446 938 481 incredibilibus
958 443 1078 482 diuisus
1105 450 1137 483 in
1160 451 1264 498 capita
1282 449 1384 484 XXII.
1407 462 1509 498 quem
1527 463 1544 485 a
1559 449 1666 486 Galeo
1682 449 1756 501 post

0 494 213 558 ιζ’·ηόύῶ·
292 498 455 536 Allatium
478 501 511 534 in
525 497 636 534 lucem
653 498 779 536 editum
804 497 968 542 diximus,
994 499 1128 536 nullum
1143 503 1285 538 auctoris
1303 515 1429 537 nomeu
1449 503 1545 538 habet
1558 503 1755 553 praefixum„

285 550 451 602 Equidem
468 551 675 595 Eussatliius,
703 562 737 587 vt
752 552 854 602 paulo
876 563 951 588 ante
965 551 1125 596 indicaui,
1153 554 1285 590 testatur
1306 554 1479 590 Characem
1495 554 1662 605 quendam
1678 557 1755 608 qu-32

285 603 420 646 ω’πίςων
449 601 604 654 scripsiil'e
629 604 702 654 post
722 605 932 642 Heraclitum
959 619 995 641 ac
1018 605 1276 657 Palaephatum3
1319 609 1426 657 itaque
1457 605 1608 658 suspicari
1639 609 1756 659 aliquis

0 656 122 712 posset,
149 661 336 696 Characem
357 656 421 695 ess'e
440 657 528 694 illius
545 657 648 693 libelli
663 659 834 694 auctorem
845 686 854 701 ,
882 657 942 695 nisi
958 671 1029 708 cap.
1047 670 1087 704 ις.
1105 670 1136 696 et
1156 663 1201 696 16.
1223 660 1270 695 bis
1285 658 1473 700 laudaretur
1489 664 1621 698 Charax
1637 665 1667 701 ἐν
1681 661 1757 705 (ΕΛ-

40 800 71 834 ι’)
94 801 248 838 Qioniam
270 809 334 830 non
355 797 433 828 adeo
455 796 550 828 multa
571 795 660 833 sunt,
684 807 761 838 quae
789 797 854 829 Va-

0 843 83 886 teſsus
104 846 136 874 in
151 841 433 875 Emmdatiouibus
457 848 514 872 etc.
531 851 547 870 a
571 843 660 872 Petro
679 843 853 871 Burmanno

0 886 179 918 Amstelaed.
198 886 314 928 publici
336 888 411 915 iuris
423 885 509 916 faeti,
532 884 681 926 disputat,
707 894 735 915 ct
750 888 851 915 Burin.

0 931 89 962 docta
112 934 195 961 auxit
218 939 307 966 nota,
342 940 376 960 ea
408 930 464 960 huc
490 939 506 958 a
536 940 583 959 me
614 928 756 959 translata
782 928 852 965 effe,

0 978 121 1017 paucis,
157 985 246 1010 reor,
283 975 341 1004 erit
368 972 537 1004 molestum.
595 971 732 1013 l'a'ifius
758 975 852 1012 igitur

1 1029 64 1061 cap.
83 1021 134 1049 lx.
150 1017 203 1048 lib.
219 1021 241 1050 1.
257 1018 294 1048 dc
313 1019 424 1048 Critica
445 1026 510 1058 pag.
536 1026 594 1055 ¹57-
621 1016 694 1047 haec
718 1016 851 1046 animad-

3 1065 105 1093 vertit.
164 1061 372 1099 „Heraclides
395 1060 542 1092 Positicus
564 1059 705 1091 Criticus.
758 1060 853 1092 Liber

2 1106 40 1137 de
47 1106 220 1146 Allegon'is
233 1105 407 1135 Homericis
422 1102 578 1134 nuffar-em
593 1102 687 1134 habet
701 1103 853 1134 iuniorem

0 1148 210 1180 Heraclidem.
223 1146 329 1176 ίαὸιοω
341 1157 410 1189 pro·
417 1147 582 1187 allegoria.
605 1145 733 1187 Scripta
741 1147 853 1178 critica

0 1190 178 1223 Heraclidis
197 1191 326 1222 Pontici.

44 1237 137 1272 „Fuit
155 1237 245 1265 etiam
265 1237 347 1265 inter
361 1235 491 1265 Criticos
506 1232 686 1264 Heraclides
701 1235 854 1270 Ponticus,

0 1281 54 1322 qui
68 1277 163 1309 multa
177 1279 215 1310 de
231 1287 295 1309 arte
312 1281 505 1318 grammatica
519 1285 548 1308 et
562 1279 715 1309 rhetorica
731 1276 853 1319 scripsit.

0 1321 81 1360 Nam
107 1323 144 1353 de
170 1326 306 1353 Homero
329 1331 359 1352 et
374 1321 558 1353 Archilocho
585 1321 680 1352 libros
697 1322 791 1359 duos,
816 1321 854 1351 de

14 1365 153 1398 elutione
179 1368 398 1404 Quaestionum
412 1368 646 1397 Homericarum
669 1366 758 1396 binos
780 1367 854 1396 item

15 1411 114 1448 ‘bi-os,
144 1410 335 1452 totidemque
355 1411 392 1440 de
414 1412 544 1441 Homeri
567 1418 597 1440 et
612 1409 736 1440 Hesiodi
757 1415 855 1440 aetate

1 1453 141 1497 scripfiss‘e
162 1455 343 1497 perhibetur
357 1464 373 1484 a
394 1456 528 1485 Laertio.
575 1456 665 1485 Certe
683 1455 744 1484 Dio
761 1454 855 1488 Chry-

0 1497 146 1530 sostomus
169 1501 202 1529 in
219 1501 368 1530 Oratione
390 1501 468 1529 Lm.
485 1497 681 1529 Heraclidem
696 1500 855 1528 Ponticum

1 1544 84 1574 inter
103 1554 153 1574 eos
177 1541 312 1574 recenset
332 1541 550 1585 philosophos,
582 1544 637 1583 qui
658 1541 696 1572 de
718 1544 855 1572 Homero

2 1585 164 1628 scripsere,
200 1597 332 1628 eumque
358 1585 500 1617 laudibus
532 1596 623 1626 atque
651 1586 855 1616 admiratione

5 1630 184 1673 prosequuti
198 1630 275 1661 sunt.
319 1632 405 1661 Extat
420 1631 513 1661 hodie
528 1628 699 1661 Heraclidis
722 1628 801 1660 liber
817 1629 854 1659 de

6 1673 168 1713 Allegoriis
196 1676 388 1710 Homericis,
427 1673 475 1704 sed
502 1675 540 1705 ab
567 1673 665 1704 altero
692 1671 856 1704 Heraclide

3 1717 101 1749 multo
117 1721 287 1749 recentiore
310 1717 504 1760 conscriptus.
549 1720 584 1749 In
609 1725 645 1748 eo
669 1719 753 1747 enim
776 1716 857 1747 libro

5 1764 110 1793 Crete·
129 1764 349 1793 Grammaticus
375 1769 405 1792 et
426 1762 599 1793 Herodicus
622 1763 750 1792 Cratetis
771 1761 857 1791 audi-

0 1814 72 1842 tor,
97 1815 128 1836 et
141 1805 342 1836 Callimachus
365 1815 394 1836 et
411 1809 518 1836 Aratus
540 1808 758 1841 nominantur,
779 1815 856 1846 quos

7 1851 119 1880 constat
142 1848 231 1889 longe
255 1851 318 1892 post
342 1849 514 1880 Heraclidis
533 1849 616 1881 illius
645 1851 757 1880 veteris
779 1858 857 1879 aeta-

4 1903 66 1925 tem
89 1893 234 1924 floruisse.
285 1893 331 1923 Ad
356 1894 428 1923 haec
451 1892 618 1933 ἐλληομάσ
637 1903 768 1928 nomen,
804 1895 858 1934 qui

5 1936 114 1968 titulus
131 1939 171 1968 est
188 1936 271 1973 libri,
296 1939 377 1967 inter
393 1940 564 1968 recentiora
578 1939 666 1979 ponit
682 1936 858 1968 Plutarchus

0 1984 40 2012 ·in
55 1980 136 2012 libro
150 1982 188 2012 de
204 1980 335 2012 lectione
351 1983 523 2017 Poetarum,
539 1984 617 2024 [pag.
636 1992 678 2019 ¹9-
699 1980 747 2020 Ε.]
763 1991 858 2022 quum

0 2028 129 2066 antiqui
153 2024 272 2054 όπὸιοιαι
294 2035 350 2066 pro
370 2025 481 2055 'eodem
508 2026 610 2056 dicere
636 2023 782 2058 solerent;
821 2025 858 2055 fic

10 2078 91 2100 certe
117 2067 256 2110 loquitur
278 2067 361 2099 Plato
386 2071 419 2100 in
442 2070 536 2100 Libro
553 2072 590 2101 11.
615 2069 652 2100 de
672 2068 791 2111 republ.
806 2067 858 2099 sub

0 2115 117 2144 finem:
140 2110 231 2153 Ἥρωι
247 2109 274 2141 δί
285 2110 384 2147 hap-⁸¹1
399 2121 454 2144 etc.
470 2122 499 2144 et
507 2113 596 2145 Philo
609 2113 647 2144 de
662 2112 773 2144 Efferus
789 2112 857 2144 scri-

7 2157 91 2188 bens.
146 2156 309 2199 Scripserat
329 2159 418 2188 etiam
443 2157 621 2189 Heraclides
652 2159 791 2188 Ponticus
816 2165 857 2187 te-

1 2202 50 2231 ·sse
66 2203 187 2232 Laertio
203 2201 241 2231 de
260 2202 380 2231 Poetica
393 2208 423 2232 et
435 2201 473 2232 de
491 2205 589 2233 Poetis
614 2200 727 2232 librum
753 2211 857 2231 vnum.

11 2247 55 2275 De
69 2247 166 2277 tribus
182 2246 337 2284 Tragicis‚
361 2245 391 2275 id
407 2245 459 2282 est,
482 2245 642 2281 Aeschylo,
663 2243 813 2287 Sophocle
829 2252 859 2275 et

11 2290 156 2332 Euripide
179 2288 294 2320 librum
314 2299 424 2323 vunnu
459 2292 595 2331 itemque
615 2290 652 2320 de
673 2299 735 2319 arte
757 2290 858 2319 rheto-

8 2335 72 2363 rica
89 2333 260 2373 dialogum3
291 2335 346 2373 qui
367 2335 543 2372 Protagoras
564 2333 802 2368 inscribebatur,
828 2342 861 2363 vt

8 2387 72 2408 non
80 2380 235 2408 immerito
250 2379 281 2406 in
291 2378 474 2407 Criticorum
483 2379 603 2408 theatro
616 2376 716 2408 locum
732 2377 785 2407 fibi
797 2378 859 2406 vin-

5 2420 126 2451 'dieetJ‘
179 2422 332 2451 Hactenus
357 2420 454 2452 Hm.
479 2421 623 2464 Valesius.
668 2423 858 2451 Burmannus

9 2473 86 2494 vero
109 2465 145 2494 ad
167 2465 261 2495 verba
284 2463 461 2496 Heraclidis
483 2463 535 2497 lib.
561 2466 597 2496 de
613 2463 775 2504 Aliegori'is
801 2474 856 2494 etc.

10 2508 86 2539 hanc
99 2507 209 2551 scripsit
224 2508 451 2539 adnotationem
463 2520 468 2537 :

999 712 1051 747 Bb
1079 723 1096 746 2
1671 725 1759 760 ληνα-

950 797 1130 835 „Heraclidi
1153 800 1278 829 Pontico
1297 797 1414 830 librum
1439 801 1518 830 hunc
1536 800 1759 841 Allegoriarum

905 843 1140 873 Homericaruni
1159 842 1308 873 adtribuit
1330 843 1498 881 Gesiieriis,
1523 848 1609 876 cuius
1628 857 1715 877 error
1740 857 1756 876 a

906 889 981 917 viris
999 887 1093 917 doctis
1116 887 1236 916 abunde
1251 895 1370 917 notatus
1394 889 1444 918 est.
1491 890 1582 926 Qiod
1609 892 1757 921 existimat

906 929 1050 968 Valesius,
1073 931 1228 960 auctorem
1244 930 1327 961 illius
1344 930 1444 973 scripti
1460 931 1547 963 fuisse
1563 934 1758 965 Heraclidem

906 977 1080 1011 Iuniorem,
1123 977 1176 1016 qui
1197 973 1371 1013 Caligulae,
1403 975 1544 1013 Claudii,
1569 986 1598 1008 et
1623 980 1758 1009 Neronis

906 1026 1043 1059 teniporc
1059 1021 1146 1053 vixit,
1171 1020 1203 1047 in
1223 1028 1259 1048 eo
1278 1019 1328 1049 sibi
1347 1017 1564 1050 adsentientem
1581 1023 1671 1053 habet
1687 1022 1758 1053 Vos-

907 1061 979 1091 fiuni
998 1061 1050 1093 lib.
1069 1065 1090 1092 1.
1107 1062 1143 1092 de
1163 1063 1227 1091 Hist
1253 1072 1296 1101 gr.
1314 1072 1377 1104 cap.
1397 1073 1425 1100 9.
1448 1065 1536 1094 Certe
1561 1066 1697 1096 camdeni
1718 1067 1757 1096 ob

907 1104 1051 1141 caussam,
1073 1108 1146 1146 quia
1161 1104 1274 1136 scilicet
1290 1108 1320 1135 in
1336 1117 1373 1136 eo
1388 1107 1490 1143 multi,
1513 1111 1569 1148 qui
1585 1110 1649 1151 post
1666 1112 1759 1139 Hera-

907 1147 994 1179 clidis
1012 1152 1127 1179 Pontici
1147 1158 1274 1180 ‹ietatem
1298 1152 1450 1187 vixerunt,
1475 1153 1617 1188 citantur,
1641 1152 1759 1184 foetum

909 1193 988 1222 hunc
1005 1194 1059 1234 ipsi
1076 1194 1229 1223 abiudicat
1243 1197 1334 1224 ctiam
1351 1197 1510 1235 Menagius
1532 1196 1569 1226 ad
1587 1198 1759 1235 Diogenem

908 1238 1064 1266 Laertium
1090 1235 1142 1268 lib.
1161 1239 1198 1266 V.
1217 1240 1248 1267 in
1267 1238 1429 1268 Heraclide
1447 1249 1511 1280 pag.
1532 1251 1571 1270 m.
1598 1251 1654 1277 ¹32·
1700 1241 1759 1272 Sed

909 1287 939 1311 et
956 1281 1026 1310 huic
1047 1289 1227 1319 argumento
1247 1281 1331 1311 addit
1354 1281 1483 1319 Galeas,
1515 1286 1568 1324 qui
1588 1283 1757 1324 Allegorias

908 1325 959 1355 has
976 1326 1056 1354 inter
1073 1323 1226 1366 Opuscula
1242 1325 1448 1365 Mythologica
1470 1335 1499 1356 ct
1514 1328 1632 1362 Physica
1648 1328 1759 1366 edidit,

908 1370 940 1399 in
959 1370 1050 1398 initio
1067 1376 1220 1404 notarum,
1254 1378 1318 1410 pag.
1330 1374 1424 1408 407.“
1458 1370 1653 1401 Heraclidem
1670 1371 1760 1403 illum

909 1420 1044 1442 veterem
1058 1411 1145 1442 fuisse
1159 1410 1364 1446 Platonicum3
1389 1414 1468 1444 huuc
1484 1422 1584 1444 autem
1594 1413 1760 1454 Allegoria-

909 1466 977 1486 rum
999 1457 1156 1486 auctorem
1180 1467 1242 1486 non
1265 1464 1381 1487 tantum
1404 1468 1466 1488 non
1489 1460 1570 1489 inter
1590 1458 1760 1490 Platonicos

909 1499 966 1531 esse
981 1499 1192 1533 referendum;
1217 1499 1265 1530 sed
1280 1508 1309 1530 et
1325 1508 1429 1531 contra
1447 1500 1601 1532 Platonem
1623 1503 1699 1533 hanc
1717 1504 1761 1534 di-

909 1543 1124 1585 sceptationem
1144 1542 1295 1585 scripsisse.
1358 1543 1449 1575 Illuin
1475 1554 1576 1576 autem
1598 1549 1760 1588 antiquum

909 1586 1105 1618 Heraclidem
1120 1589 1279 1618 Ponticum
1308 1589 1395 1618 innui
1418 1596 1492 1629 puto
1508 1599 1524 1617 a
1540 1589 1647 1619 Proclo
1667 1589 1719 1621 lib.
1735 1594 1758 1622 1.

910 1633 1080 1662 comment.
1097 1633 1128 1661 in
1142 1632 1309 1661 Timaeum
1326 1630 1474 1667 Platonis,
1497 1635 1582 1662 cuius
1600 1632 1700 1664 locum
1715 1633 1758 1664 su-

910 1685 964 1717 pra
982 1677 1012 1705 in
1030 1676 1089 1705 sine
1107 1677 1212 1717 capitis
1235 1677 1336 1715 quinti
1359 1675 1504 1716 produxit
1517 1675 1660 1707 Valesius.
1707 1679 1761 1708 Ce-

910 1728 1011 1750 terum
1027 1722 1091 1753 Leo
1106 1718 1250 1754 Allatius‚
1275 1720 1368 1748 Lucas
1387 1718 1560 1750 Holstenius
1575 1719 1690 1762 aliique
1709 1731 1760 1753 au-

911 1765 1050 1794 ctoritate
1071 1763 1158 1793 codd.
1182 1764 1274 1793 MSSt.
1296 1761 1491 1793 Heraclitum
1500 1768 1513 1797 ,'
1539 1775 1601 1794 non
1619 1764 1764 1796 Heracli-

911 1807 977 1839 dem
990 1807 1163 1838 vocandum
1185 1806 1241 1836 esse
1259 1805 1356 1836 libelii
1371 1807 1460 1837 huius
1484 1809 1639 1839 auctorem
1662 1811 1760 1840 existi-

912 1859 1013 1887 mant,
1035 1861 1167 1891 quorum
1190 1849 1365 1880 sententiani
1383 1849 1518 1892 sequitur
1533 1852 1590 1882 cel.
1605 1853 1759 1884 Fabricius

912 1898 945 1926 in
958 1897 990 1926 B.
1005 1894 1102 1926 G.lib.
1120 1897 1142 1926 1.
1167 1904 1230 1935 cap.
1247 1904 1290 1924 22.
1307 1894 1378 1924 vide
1395 1902 1424 1924 et
1440 1897 1555 1926 Kristeri
1571 1898 1645 1927 Hiss.
1661 1899 1758 1928 critic.

913 1941 1059 1975 Homeri,
1082 1939 1156 1969 Sc&
1174 1940 1239 1968 vu.
1257 1948 1321 1979 pag.
1339 1949 1394 1975 1¹9·
1417 1941 1538 1969 Praeter
1550 1939 1644 1971 libros
1659 1949 1761 1972 autem

913 1983 950 2014 de
971 1985 1089 2013 poetica
1114 1991 1143 2012 et
1164 1984 1284 2017 Poetis,
1319 1982 1356 2012 de
1386 1983 1482 2013 tribus
1498 1985 1640 2024 Tragicis
1667 1993 1695 2015 ct
1721 1985 1760 2014 de

914 2029 984 2057 Arte
998 2028 1169 2061 rhetorica,
1194 2036 1269 2066 quos
1287 2028 1318 2055 in
1336 2027 1396 2055 fine
1419 2029 1524 2069 capitis
1540 2037 1687 2059 memorat
1703 2031 1759 2059 Va-

913 2069 1019 2106 lesius,
1054 2073 1144 2100 ctiam
1170 2069 1301 2110 plurima
1326 2068 1384 2100 alia
1406 2069 1561 2112 scripserat
1582 2071 1760 2102 Heraclide·

913 2117 1072 2150 Ponticus,
1111 2123 1189 2154 quae
1219 2112 1352 2144 recenset
1378 2117 1421 2145 Io.
1448 2116 1560 2145 lonsius
1583 2118 1615 2146 in
1635 2117 1759 2146 erudito

911 2169 1004 2199 opere
1027 2159 1064 2188 de
1085 2159 1229 2199 Scriptor.
1253 2158 1354 2188 histor.
1380 2157 1488 2199 philos.
1514 2159 1566 2190 lib.
1587 2163 1609 2190 1.
1632 2170 1696 2202 cap.
1716 2170 1758 2199 17.

912 2202 994 2233 Alius
1010 2200 1186 2232 Heraclides
1202 2203 1331 2232 Criticus
1348 2201 1396 2232 seu
1415 2205 1633 2234 Grammaticus
1649 2207 1762 2234 citatur

910 2256 927 2275 a
943 2247 1094 2287 Stephano
1109 2247 1228 2281 Byzant.
1244 2247 1275 2275 in
1292 2256 1366 2276 voce
1391 2247 1478 2279 Μὲφε
1499 2248 1568 2277 Sela.
1589 2247 1666 2278 alins
1686 2250 1761 2278 item

912 2291 952 2319 est
972 2286 1143 2328 Ἡρακλείδης
1168 2289 1305 2328 Κριτικδς,
1327 2292 1413 2320 cuius
1437 2301 1514 2331 opus
1535 2292 1593 2330 ’tufa’
1612 2292 1661 2319 τόν
1680 2293 1704 2320 ἔν
1725 2291 1762 2327 τῇ

913 2331 1011 2362 ἑλλάδι
1029 2334 1131 2362 πόλεων
1155 2335 1226 2364 citat
1241 2332 1383 2374 Apollon.
1399 2333 1541 2368 Dyscolus
1558 2337 1632 2366 Hist.
1650 2336 1760 2366 Mirab.

913 2387 975 2419 cap.
996 2387 1036 2414 19.
1053 2385 1085 2407 vt
1102 2378 1182 2407 [effic
1193 2375 1430 2418 pro‘HsquJca'dyr
1446 2378 1566 2417 κρητιιξς
1582 2378 1656 2417 legit
1673 2378 1759 2410 Olca-

913 2424 975 2451 rius
1005 2421 1041 2450 ad
1064 2420 1200 2451 Philostr.
1227 2420 1280 2451 lib.
1296 2422 1334 2451 11.
1351 2421 1388 2451 de
1404 2423 1482 2451 Vitis
1499 2423 1625 2463 Sophist.
1649 2425 1758 2454 XXVI.

912 2475 978 2508 pag.
1003 2468 1089 2495 612.“
1138 2466 1288 2495 Ha&enus
1315 2465 1525 2496 Burmannus.
1572 2466 1657 2496 Adde
1684 2466 1763 2496 Mot-

911 2511 1007 2540 lerum
1017 2511 1046 2538 in
1058 2508 1353 2551 Homonymoscopia
1363 2517 1417 2539 etc.
1428 2520 1473 2540 ur.
1482 2510 1576 2542 XXX.
1583 2521 1612 2552 p.
1620 2517 1681 2546 308.
1698 2508 1762 2551 sqq.

1735 2560 1766 2586 et
