2183 2747
317 145 378 183 348
482 138 556 174 Lib.
566 136 616 176 11.
642 149 668 175 c.
684 148 713 174 ε.
1017 138 1209 177 ΗοΜΕιυ
1244 139 1367 177 imis„
2142 126 2170 177 f·

319 247 473 286 quoque,
501 238 534 271 in
550 232 652 286 praes.
665 233 707 271 ad
725 231 928 280 odysseam,
955 235 1033 272 loco
1049 236 1198 287 quodam
1216 238 1371 274 Platonis
1386 240 1421 273 in
1435 236 1563 288 Hippia
1577 238 1617 274 II.
1645 241 1755 275 minus
1779 239 1867 276 rede
1893 237 2076 285 intenesto,
2151 234 2183 282 ’,ς

321 289 360 324 ab
376 287 488 331 Iliade,
515 299 620 338 putat,
648 291 679 324 vi
695 298 727 325 ct
743 289 912 324 virtutibus
929 292 1068 339 poeticis
1086 287 1231 339 superari
1248 288 1452 336 odysseam:
1480 289 1572 341 quod
1589 290 1749 328 iudicium
1767 305 1869 342 quam
1885 289 2006 328 salsum
2025 291 2075 335 fit,
2155 287 2162 295 ’
2178 295 2183 299 ’

320 340 489 391 praeclare
509 344 577 377 iam
596 339 736 378 ostendit
754 339 862 376 Wmd
882 344 929 376 im
945 339 1100 378 Versuch.
1115 353 1174 381 etc.
1195 357 1226 393 p.
1249 354 1286 386 14
1303 340 1370 394 sqq.
1393 353 1425 380 et
1447 340 1575 380 sensum
1597 344 1663 381 loci
1690 344 1849 381 Platonici
1873 347 2002 396 optime
2022 356 2079 380 ex·

322 394 457 445 plicuit,
483 392 640 444 idemque
654 393 695 430 de
713 394 883 429 veneribus
900 406 1086 445 ornatuque
1103 393 1268 441 Odysseae
1284 394 1506 446 intelligenter
1520 410 1558 432 ac
1578 394 1734 434 subtiliter
1751 395 1905 434 disseruit.
1959 399 2077 447 Neque

322 459 388 496 ego
402 460 583 496 vmquam,
609 444 702 483 saluo
723 449 817 484 omni
839 460 919 497 erga
945 450 1138 496 Longinum
1162 447 1310 498 pudore,
1339 451 1435 485 huius
1459 451 1653 486 auetoritate
1675 453 1888 487 commoneri
1909 452 2017 500 potui,
2042 458 2078 486 vt

325 500 411 536 illius
428 497 660 536 subscriberem
680 497 873 542 sententiae,
903 510 958 535 aut
980 503 1107 536 ratione
1130 497 1289 537 scribendi
1310 504 1344 537 in
1361 511 1501 552 vtroque
1523 506 1670 540 carmine
1692 500 1819 540 diuersa
1835 515 1948 539 motus
1968 500 2079 539 effice·

323 566 417 595 rem,
444 550 626 599 Odysseam
644 553 683 588 ab
699 555 854 588 Homero
872 549 967 594 sene,
993 563 1109 588 contra
1126 553 1166 590 ab
1181 552 1241 590 illo
1260 557 1394 590 iuniore
1409 554 1511 590 Iliada
1536 554 1600 592 ell'e
1622 555 1864 607 compositam:
1891 554 1999 605 neque
2020 567 2078 591 an-

324 616 354 641 te
371 608 564 655 Longinum
582 606 686 648 vllus,
715 616 876 655 quantum
892 602 978 648 scio,
1005 607 1039 642 in
1055 604 1172 642 ea’dem
1191 604 1332 643 versatus
1345 606 1390 643 est
1411 606 1545 644 haeresi.
1606 611 1670 645 Cui
1694 622 1847 660 pugnae,
1874 611 1980 651 rixae,
2005 619 2078 658 per·
2092 635 2101 643 r
2141 619 2158 636 ἰ

323 670 440 708 petuae
457 659 590 702 turbae,
617 658 751 694 vulnera
766 656 966 707 caedesque,
994 655 1111 695 feruor
1134 656 1296 710 furorque
1321 663 1511 709 agentium,
1541 660 1677 698 audacia
1700 673 1731 698 et
1756 659 1936 698 sublimitas
1962 671 2077 697 rerum
2128 705 2130 710 λ
2164 698 2165 702 ,

323 712 590 762 verborumque,
615 710 711 746 color
733 713 895 747 orationis
920 714 1068 748 maxime
1092 710 1240 755 viuidus,
1272 709 1428 749 sensuum
1451 724 1549 764 atque
1569 711 1763 751 adfec‘tuum
1786 713 1948 750 tumultus
1973 710 2077 764 quasi,

324 775 355 800 et
378 763 441 799 alia
455 793 464 807 ‚
492 778 575 815 quae
596 767 748 799 animum
774 765 859 800 mire
881 775 1143 808 commoueant,
1168 767 1319 815 inprimis
1333 765 1484 816 placent,
1507 766 1583 810 ille,
1616 779 1719 818 puto,
1753 765 1892 804 Iliadem
1914 762 2078 817 praeferet
2119 814 2122 815 ⁷

324 814 499 863 Odysseae.
552 819 578 852 E
592 818 760 852 contrario
778 818 835 866 qui
852 814 1034 854 delectatur
1047 815 1118 854 lusu
1136 820 1260 867 ingenii
1274 818 1468 862 moderato,
1495 822 1560 855 vita
1579 829 1611 856 et
1627 821 1720 857 rebus
1736 819 1924 857 domesticis
1944 821 2080 855 hamm-

324 882 389 919 que
407 868 671 906 vicissitudinibus
687 878 718 905 et
731 870 990 912 narrationibus,
1017 869 1146 906 dicendi
1162 884 1284 920 genere
1299 869 1456 908 sedatiore
1471 882 1503 908 et
1517 871 1668 922 placido,
1694 883 1727 910 et
1745 883 1857 909 tamen
1871 870 2004 922 lepido,
2030 868 2079 907 fa·

325 932 419 964 ceto,
446 935 505 958 nec
522 936 591 958 non
614 932 753 965 ornato,
780 921 894 958 multis
917 920 1037 959 fabulis
1057 924 1290 974 erroribusque
1313 925 1496 960 hominum
1520 928 1697 969 immixtis,
1724 925 1781 962 ille
1801 924 1947 962 laudabit
1970 919 2080 970 Odys:
2130 965 2135 970 ,

328 972 425 1010 seam.
486 975 537 1010 Sic
559 972 617 1010 suo
639 978 778 1025 quisque
798 972 891 1011 sensu
918 974 1106 1026 iudicioque
1125 975 1273 1013 ducetur.
1336 978 1412 1026 Ego
1438 991 1518 1014 vero
1541 977 1691 1015 admiror
1717 979 1917 1022 vbertatem,
1941 974 2078 1014 fflicira-

327 1038 394 1063 tem
420 1038 518 1078 atque
539 1024 732 1063 facilitatem
752 1029 877 1077 ingenii
898 1030 1062 1065 homerici
1087 1032 1122 1065 in
1145 1030 1241 1066 rebus
1265 1028 1399 1066 diuersis
1423 1042 1499 1082 apte
1519 1030 1740 1082 explicandis,
1771 1028 1848 1068 scite
1874 1028 2099 1083 ordinandis,-

325 1082 451 1130 riteque
467 1077 679 1130 exsequendis
696 1091 794 1131 atque
808 1080 1017 1118 exornandis.
1069 1082 1162 1125 Ilias,
1188 1085 1222 1118 in
1238 1096 1302 1133 qua
1325 1081 1447 1119 summi
1471 1085 1588 1120 heroes
1611 1083 1770 1120 dimicant
1790 1082 2000 1134 caduntque,
2031 1084 2080 1118 ira

327 1132 463 1168 Achillis
485 1136 601 1169 omnia
623 1131 737 1170 miscet
760 1144 792 1170 et
809 1135 998 1184 perturbat,
1020 1133 1065 1170 dii
1090 1134 1236 1185 deaeque
1249 1135 1348 1172 coelo
1369 1133 1591 1180 descendunt,
1619 1140 1739 1188 pugnis
1759 1134 1940 1180 intersunt,
1966 1134 2082 1172 vulne·
2140 1173 2142 1175 .

326 1196 399 1220 rant
424 1196 455 1221 et
479 1185 714 1229 vulnerantur,
741 1189 923 1237 omniaque
943 1184 1098 1223 ferociter
1123 1187 1342 1238 audacsterque
1363 1200 1585 1240 peraguntur,
1613 1191 1798 1240 requirebat
1821 1192 2010 1226 orationem
2033 1188 2082 1224 rei
2131 1191 2133 1195 ’

326 1237 548 1286 magnitudini
564 1237 871 1275 adcommodatam.
923 1241 1022 1276 Poeta
1037 1243 1137 1289 igitur
1152 1239 1262 1277 debuit
1277 1240 1430 1278 audacius
1451 1239 1602 1292 surgere,
1627 1254 1659 1279 et
1675 1241 1744 1280 scre
1761 1244 1932 1278 cothurnis
1955 1239 2082 1277 incede-

327 1304 371 1326 re.
427 1291 464 1326 In
479 1288 622 1337 Odyssea
638 1302 748 1328 autem
765 1305 814 1327 res
829 1291 1047 1335 domesticae,
1074 1307 1225 1335 amores,
1253 1308 1466 1345 erroresque,
1493 1295 1610 1330 callida
1629 1295 1764 1332 confilia
1780 1306 1811 1331 et
1826 1294 1930 1331 multa
1947 1294 2009 1330 alia
2025 1305 2081 1330 co-

328 1346 412 1378 mice
435 1357 538 1392 paene
560 1355 772 1390 enarrantur3
799 1355 831 1380 et
854 1342 1025 1395 speculum
1051 1345 1140 1396 quasi
1160 1349 1244 1382 vitae
1266 1349 1439 1390 heroicae,
1461 1346 1662 1384 domesticae
1684 1360 1716 1385 et
1737 1347 1842 1384 ciuilis
1863 1361 1934 1384 non
1956 1349 2080 1389 nunus.

327 1409 428 1445 quam
448 1394 604 1446 simplicis
621 1408 756 1434 naturae
772 1397 954 1436 exhibetur.
1006 1400 1106 1434 Poeta
1123 1401 1224 1448 igitur
1246 1396 1351 1450 ipsam
1376 1412 1511 1437 naturae
1535 1399 1780 1450 simplicitatem
1802 1397 1890 1450 sequi
1913 1413 1951 1436 ac
1974 1399 2082 1436 verbis

327 1451 530 1498 exprimere,
558 1450 598 1485 ab
623 1453 716 1486 omni
741 1453 899 1486 orationis
923 1448 1002 1486 fuco
1025 1451 1203 1496 abstinere,
1235 1463 1268 1489 et
1287 1466 1366 1489 vero
1389 1450 1514 1504 saepius
1535 1453 1671 1490 induere
1699 1451 1834 1490 soccum
1855 1452 1986 1495 debuit,
2018 1463 2080 1487 nee

327 1502 543 1550 potuitaltius
559 1499 691 1551 surgere
713 1517 749 1537 ac
773 1500 924 1552 spiritum
946 1500 1085 1541 sumere.
1138 1507 1238 1555 Atqui
1261 1505 1370 1542 nostra
1392 1517 1424 1542 et
1445 1508 1616 1542 maiorum
1644 1506 1834 1543 nostrorum
1858 1509 1922 1541 vita
1943 1504 2081 1553 longius

327 1553 412 1589 abest
428 1554 466 1588 ab
486 1556 614 1590 heroica
630 1566 734 1591 aetate
750 1566 846 1606 atque
859 1553 1110 1598 consuetudine,
1138 1557 1270 1594 viuendi
1285 1557 1471 1609 agendique
1486 1558 1665 1595 domcslica
1681 1573 1785 1610 eaque
1802 1557 1955 1610 simplici,
1976 1568 2080 1608 quam

328 1618 361 1642 vt
378 1620 495 1642 omnes
510 1620 632 1658 eaeque
649 1610 810 1644 minimae
828 1612 985 1645 orationis
1005 1613 1037 1645 in
1052 1607 1198 1654 odyss'ea
1212 1624 1366 1654 veneres,
1392 1625 1523 1655 mores,
1549 1610 1667 1647 iudicia
1691 1614 1868 1661 omnisque
1888 1613 1952 1647 vita
1971 1612 2080 1660 priua·
2095 1654 2098 1658 ¹

328 1668 358 1694 ta
378 1661 529 1695 heroicae
547 1664 657 1696 aet-atis
676 1660 774 1710 plene
794 1659 972 1710 cognosci,
995 1664 1083 1699 redte
1106 1659 1214 1698 sentiri
1239 1674 1338 1713 atque
1359 1662 1514 1700 adcurate
1534 1662 1704 1700 diiudicari
1727 1662 1857 1714 possint.
1911 1664 2079 1699 Hominu

328 1713 446 1760 igitur,
472 1712 589 1799 quibus
606 1712 678 1762 ipsis
696 1716 858 1749 cecinerat
874 1726 990 1764 pocta,
1017 1728 1077 1751 nec
1095 1718 1194 1751 etiam
1211 1715 1325 1751 multis
1341 1713 1474 1752 saeculis
1490 1716 1565 1766 post
1579 1716 1675 1752 illum
1696 1719 1869 1759 vixerunt,
1895 1711 2092 1762 Odyssean.

330 1767 457 1800 maiore
488 1762 584 1800 ossan
599 1780 676 1801 cum
694 1763 803 1803 fruciu
819 1769 988 1816 animique
1006 1766 1227 1804 delec'iatione
1238 1767 1350 1804 audire
1367 1780 1423 1805 aut
1441 1768 1551 1818 legere
1566 1780 1740 1818 poterant,
1767 1783 1868 1819 quam
1885 1779 1971 1805 aetas
1992 1765 2086 1804 mus,

329 1825 364 1851 to
382 1813 500 1859 serior,
526 1820 617 1853 cuius
633 1832 743 1853 mores
760 1832 861 1868 quam
881 1822 1027 1855 maxime
1049 1817 1182 1856 differre
1206 1831 1236 1856 et
1257 1820 1413 1857 cultiores
1436 1822 1506 1858 fieri
1531 1833 1724 1872 coeperunt.
1775 1821 1864 1858 Bella
1889 1831 2000 1857 autem
2022 1831 2085 1858 em

331 1881 472 1918 rumque
488 1872 554 1904 vim
571 1881 601 1906 et
616 1869 843 1906 esurit-limem,
863 1875 1022 1922 quoniam
1038 1871 1185 1921 quotidie
1200 1872 1452 1922 propemodum
1468 1873 1616 1910 videmus
1631 1873 1740 1910 adhuc
1753 1885 1810 1910 aut
1824 1874 1988 1923 legimus3
2005 1871 2088 1909 lli·

332 1920 441 1955 multo
465 1919 593 1957 facilior
616 1923 651 1958 sit
676 1923 843 1960 intelleciu
869 1934 900 1960 et
923 1923 1069 1974 pluribus
1093 1924 1208 1974 placet.
1277 1927 1449 1962 Homerus
1471 1938 1583 1963 autem
1609 1925 1632 1963 si
1655 1925 1774 1973 Vlylsis
1796 1940 1924 1963 errores
1947 1923 1980 1962 sa
2021 1945 2027 1955 ·
2058 1926 2086 1965 2'

333 1971 452 2008 eodem
480 1974 570 2016 nilo,
597 1972 747 2018 feruore,
776 1975 948 2016 modoque
974 1974 1186 2026 persequutus
1207 1975 1334 2021 fuisset,
1359 1993 1427 2029 quo
1454 1979 1588 2016 Achillis
1612 1982 1696 2015 iram
1720 1982 1929 2030 beroumque
1950 1984 2059 2029 pug‘*

332 2022 517 2075 descripsit;
541 2039 595 2063 aut
610 2040 745 2068 contra,
773 2027 795 2064 si
813 2029 885 2064 Ilias
901 2028 1016 2065 eadem
1036 2028 1180 2079 fingendi
1201 2027 1423 2082 scribendique
1439 2035 1586 2075 ratione,
1609 2046 1709 2082 quam
1727 2046 1879 2069 amamus
1894 2030 2015 2068 laudan
2038 2049 2050 2057 ‚⁴
2080 2051 2082 2053 >

334 2090 398 2127 que
416 2081 446 2112 in
466 2078 628 2124 Odyssea,
656 2079 761 2117 fuisset
778 2080 943 2130 exposita,
969 2096 1070 2133 quam
1101 2081 1257 2118 ridiculus
1282 2081 1463 2134 salsusque,
1489 2088 1584 2120 omni
1603 2082 1693 2121 sensu
1717 2086 1807 2128 iusli,
1836 2084 1962 2135 pulcri,
2012 2091 2055 2113 -·'·
2082 2103 2084 2107 ,

333 2142 399 2175 quc
415 2129 581 2179 deilituyus
597 2132 760 2169 videretur
776 2145 893 2183 poeta,
922 2148 982 2171 nec
1001 2149 1075 2171 eam
1093 2146 1252 2179 aetatem,
1277 2138 1507 2173 auctoritatem
1528 2141 1703 2188 omni-que
1727 2141 1798 2175 aeui
1822 2137 1990 2173 admirati·
2009 2157 2012 2165 ·
2031 2160 2039 2163 ›‹

334 2179 684 2233 suillctconleluutus.
737 2188 831 2236 Qac
856 2201 960 2236 quum
985 2190 1025 2223 ira
1050 2186 1128 2230 sint,
1156 2201 1193 2223 ex
1215 2186 1327 2224 forma
1351 2193 1568 2240 orationeque
1588 2193 1753 2239 vtriusque
1775 2193 1929 2226 carminis
1950 2189 1983 2226 di
2017 2212 2028 2218 «
2078 2215 2080 2218 ψ

334 2247 403 2270 non
419 2246 528 2271 tutum
545 2251 726 2288 verumque
744 2237 826 2274 sumi
844 2240 947 2288 prust
964 2251 1214 2289 argumentum,
1236 2239 1418 2287 odyiseam
1433 2244 1472 2278 ab
1492 2245 1647 2279 Homero
1664 2241 1807 2286 seniore-3
1835 2245 1875 2279 ab
1892 2241 1952 2278 illo
1967 2254 2008 2278 au
2032 2266 2039 2271 -

335 2289 461 2322 iuniore
479 2287 576 2324 iliada
593 2288 655 2326 esse
672 2290 906 2340 compositam.
962 2294 1073 2329 Immo
1092 2306 1168 2329 vero
1185 2296 1293 2329 maior
1311 2297 1431 2344 ingenii
1448 2293 1595 2331 fertilitas
1611 2306 1642 2330 et
1657 2295 1752 2346 lepor
1765 2296 1936 2339 iuuenilis,
2071 2334 2078 2347 .

334 2352 411 2388 PU,
440 2354 498 2375 uec
516 2344 622 2389 impar
638 2346 794 2378 orationis
811 2348 906 2394 copia
923 2357 952 2381 et
970 2343 1106 2381 suauitas
1122 2346 1227 2381 elucet
1245 2360 1282 2382 ex
1301 2345 1455 2393 Odyss'ea.
1509 2350 1691 2384 Enimuero
1717 2347 1756 2384 ad
1784 2351 1843 2384 rite
1867 2351 1972 2397 interp
2071 2354 2100 2373 ”’“

333 2390 415 2426 dum
434 2392 752 2444 intelligendunque
770 2408 945 2447 vtrnmque
959 2412 1093 2435 carmen
1111 2400 1174 2433 hoc
1194 2410 1405 2449 praeceptum
1423 2414 1439 2435 a
1463 2402 1589 2435 Woudio
1610 2403 1642 2436 in
1661 2401 1745 2437 libro
1758 2404 1907 2449 egregio,
1933 2413 1952 2436 a
1966 2410 2021 2435 me
2043 2406 2047 2408 ’
2095 2436 2110 2452 v

333 2442 524 2494 prolusione
540 2446 744 2494 academica,
779 2451 991 2501 Praecognita
1021 2451 1186 2502 quaedam
1208 2449 1249 2487 de
1268 2453 1538 2504 interpretatione
1557 2455 1721 2497 Homeri,
1754 2454 1937 2504 Edwgue,
1979 2445 2099 2502 W

1945 2499 2092 2552 uun-⁶2·-
