2183 2747
555 157 747 194 HOMERI
779 158 1028 196 EDITIONES
1064 160 1287 197 GRAECAE.
1415 162 1487 197 Lib.
1497 163 1548 197 II.
1565 175 1587 198 e.
1597 175 1629 209 5.
1734 177 1793 209 4¹3

46 256 222 304 Porphyrii
239 264 270 291 et
284 254 427 290 aliorum
447 251 527 290 saec.
545 255 631 290 xlv.
652 253 772 305 scripto
787 253 851 291 vid.
870 256 1032 290 Matthaei
1047 256 1088 290 V.
1107 257 1147 292 C.
1173 254 1277 306 praef.
1301 255 1340 292 ad
1359 257 1515 307 Syntipac·
1529 255 1642 293 Persae
1665 256 1791 294 fabulas

43 308 144 342 an.
162 306 319 343 accedunt
336 307 467 342 Scholia
485 306 602 342 inedita
620 309 782 357 Porphyr.
800 318 861 343 etc.
883 306 923 343 ad
942 306 1033 343 Iliad.
1050 314 1100 347 Ω.
1124 307 1208 358 Lips.
1227 314 1307 353 1781.
1339 311 1388 345 Ex
1407 310 1491 346 libro
1510 308 1628 360 scripto
1647 310 1790 346 cundem

44 361 86 395 V.
103 361 144 398 D.
160 359 290 395 Scholia
315 359 355 395 ad
372 358 462 394 Iliad.
478 375 512 398 τ.
531 357 662 395 edidiss'e
685 361 783 396 tribus
807 362 1049 399 Commentatt.
1066 361 1182 397 Dresd.
1206 372 1237 397 et
1257 359 1405 398 Misenae
1430 366 1520 407 1786.
1542 375 1572 407 4.
1606 361 1702 412 supra
1725 367 1791 398 iam

40 424 223 449 monitum.

147 477 348 515 Enimuero,
375 487 582 525 quamquam
599 471 759 510 immensa
776 471 845 510 fere
862 477 908 510 vis
924 473 967 510 est
987 473 1142 510 codicum
1166 485 1349 511 msstorum
1373 476 1659 511 Homericorum:
1687 476 1720 510 hi
1746 484 1790 510 ta-

40 541 120 563 men
134 541 254 577 parum
271 526 380 563 valent
395 526 434 562 ad
453 539 588 576 poetam
606 526 662 578 ipsi
686 526 903 563 reddendum.
958 529 1045 562 Nam
1063 540 1169 577 neque
1184 526 1297 570 Iliada,
1326 541 1432 578 neque
1450 525 1649 573 Odyss‘eam,
1677 530 1789 577 prouti

41 593 81 616 ex
98 582 234 628 ingenio
251 593 391 629 oreque,
418 591 473 616 aut
488 594 504 615 a
523 576 625 615 manu
642 581 783 615 Homeri
801 577 969 629 profeclac
985 578 1063 619 fint,
1090 593 1130 615 ex
1147 579 1208 615 illis
1224 579 1323 616 codd.
1338 583 1486 630 accipere
1500 578 1683 630 postumus,
1723 582 1787 615 Ne-

40 645 105 682 que
120 630 299 668 secundum
314 635 421 683 prima
442 633 614 682 exempla,
642 631 818 682 quomodo
845 634 1013 682 primum,
1039 631 1154 668 litteris
1176 632 1328 668 nondum
1351 631 1523 683 perfec‘lis‚
1551 632 1693 668 necdum
1718 631 1788 681 ple-

41 687 110 727 nis,
136 682 441 727 suerintexaratae‚
468 683 746 734 poisuutressitui.
800 686 898 721 Noua
921 687 1012 720 enim
1035 686 1241 721 Graecorum
1263 683 1420 736 scriptura
1446 695 1477 721 et
1503 685 1649 735 pluribus
1673 684 1786 719 litteris

40 740 202 780 inuentis,
227 739 333 773 variae
351 748 384 773 vt
401 740 567 774 orirentur
584 740 802 778 mutationes,
829 735 953 773 necesse
971 735 1041 772 fuit.
1094 739 1224 773 Textus
1241 751 1322 774 vero
1343 736 1437 774 valde
1459 749 1632 787 corruptus
1656 747 1711 772 aut
1739 740 1787 772 in-

39 789 218 840 terpolatus
243 801 311 825 erat
333 803 391 839 per
413 787 613 840 rhapsodos,
647 788 727 836 (vid.
747 789 937 838 Villoifimii
960 789 1111 838 Prolegg.
1127 791 1312 826 Homerica
1333 803 1434 840 pagg.
1451 802 1500 834 34.
1518 802 1563 835 35.
1587 801 1617 826 et
1642 792 1691 835 56.
1720 789 1785 834 57.)

40 856 99 891 per
115 840 372 891 metaphrasium
392 853 450 878 etc.
468 845 617 879 nudiores
635 854 731 892 atque
745 840 983 890 antiquiffimos
999 841 1229 878 recenlionum
1245 841 1433 879 conditores
1454 843 1602 892 aliosque
1624 853 1679 877 aut
1695 844 1783 876 incu-

39 897 85 929 ria
103 894 323 930 librariorum.
379 898 484 945 Atque
504 898 555 930 liic
573 897 655 930 mihi
672 894 856 930 commode
872 892 1039 930 inserenda
1059 894 1225 938 videntur,
1253 908 1336 944 quae
1349 895 1410 932 cel.
1431 895 1650 943 ls'illoisonias
1677 897 1709 929 in
1734 893 1785 929 lit-

38 950 112 982 teris
127 960 234 997 nuper
249 944 370 995 (mens.
391 947 452 983 lul.
472 948 580 993 1789.)
599 946 639 982 ad
653 961 708 982 me
723 945 825 985 datis,
852 945 950 983 doffte
977 949 1126 988 notauit,
1153 957 1184 983 et
1203 946 1352 983 addenda
1374 948 1456 983 bene
1479 946 1582 982 duxit.
1635 945 1783 988 „Daniel

39 998 193 1034 Heinsius
208 998 248 1035 de
263 998 474 1048 Tragoediae
489 999 722 1035 constitutione
739 1014 772 1049 p.
790 1004 857 1043 167.
875 1013 906 1034 et
925 1002 992 1039 168.
1009 998 1085 1035 edit.
1105 997 1264 1035 secundae
1278 998 1385 1049 Lugd.
1402 1001 1468 1034 Bat.
1495 1003 1585 1042 1643.
1639 1001 1783 1034 Virtutes

36 1062 173 1101 vterque
187 1052 386 1103 (Sophocles
400 1062 431 1087 et
444 1053 616 1101 Virgilius)
634 1053 831 1087 Homericas
845 1050 1014 1100 expressit:
1043 1050 1153 1087 sordes
1168 1063 1198 1087 et
1216 1055 1351 1101 ineptias
1369 1054 1668 1101 grammaticorum
1691 1064 1784 1100 prae·

37 1103 195 1147 tumuit,
218 1118 302 1154 quae
317 1118 386 1140 non
401 1117 503 1154 pauca
526 1118 614 1140 nunc
635 1118 652 1139 a
674 1104 763 1139 mala
783 1117 886 1139 manu
910 1107 942 1139 in
965 1105 1099 1140 aurstore
1121 1107 1273 1139 maximo
1290 1114 1479 1140 occurrunt.
1518 1106 1628 1154 Qam
1643 1105 1781 1151 exiguus

36 1156 81 1192 est
97 1156 293 1203 Aristonem,
316 1160 370 1206 qui
388 1156 488 1192 hodie
503 1156 623 1199 exstat,
649 1156 690 1191 de
708 1159 836 1206 poetica
852 1156 1007 1195 libellus?
1031 1167 1188 1192 ettamen
1204 1157 1278 1192 loca
1295 1157 1421 1206 aliquot
1437 1157 1477 1191 ab
1498 1169 1538 1192 eo
1560 1155 1781 1202 adducuntur,

61 1223 121 1244 uae
140 1212 172 1244 in
189 1209 297 1244 nostra
311 1222 380 1244 non
398 1211 543 1244 inuenitis
559 1208 722 1253 editione3
747 1220 782 1244 vt
800 1207 840 1244 de
857 1208 1031 1244 Plutarcho
1049 1209 1181 1258 aliisque
1197 1209 1280 1244 nihil
1295 1222 1383 1244 nunc
1399 1207 1557 1244 dicamus.
1599 1207 1688 1257 Qid
1706 1221 1780 1243 cen-

35 1222 105 1296 pes?
158 1261 336 1296 carnifices
351 1257 506 1310 profecto
525 1261 572 1296 isli
590 1275 660 1297 non
676 1263 870 1297 Homerum
893 1261 1005 1303 nobis,
1035 1258 1087 1296 sed
1116 1262 1258 1296 Homeri
1284 1263 1498 1297 vmbraticam
1522 1263 1705 1310 imaginem
1725 1259 1780 1295 de-

35 1312 172 1359 derunt,
199 1311 281 1348 dum
309 1326 371 1363 pro
393 1309 451 1349 suo
474 1317 611 1363 quisque
633 1314 766 1349 arbitrio
791 1324 846 1349 aut
868 1324 1016 1355 mutant,
1042 1324 1098 1349 aut
1121 1325 1306 1363 reponunt,
1333 1324 1388 1349 aut
1403 1317 1552 1356 eiiciunt,
1580 1326 1663 1362 quae
1686 1312 1779 1347 libet:

33 1377 179 1414 quorum
197 1368 252 1415 qui
269 1364 411 1414 religiosi
427 1369 574 1401 maxime
594 1365 695 1402 videri
711 1367 906 1408 voluerunt,
935 1367 1058 1408 verbis,
1085 1379 1168 1415 quae
1190 1366 1347 1415 leguntur
1368 1367 1441 1402 alibi
1464 1377 1599 1413 poetae,
1631 1364 1778 1413 singulos

31 1415 197 1460 desectus,
224 1428 324 1468 prout
340 1419 572 1462 occurrebant,
595 1430 652 1454 aut
668 1418 800 1455 lacunas
817 1417 1068 1468 suppleuerunt‚
1092 1417 1178 1454 vnde
1195 1429 1243 1454 tot
1260 1416 1373 1454 inserta
1390 1429 1421 1454 et
1436 1421 1545 1468 inepta
1562 1417 1778 1459 hemistichia.

32 1483 116 1520 quae
130 1470 212 1505 nihil
228 1473 338 1506 minus
355 1484 456 1520 quam
473 1473 669 1515 cohaerent,
697 1483 730 1506 vt
745 1474 826 1506 mihi
849 1474 976 1521 optima
993 1473 1138 1507 Homeri
1163 1470 1264 1506 editio
1280 1472 1503 1520 virgilianum
1527 1483 1650 1520 poema
1670 1467 1776 1504 videa-

32 1533 94 1558 tur.
147 1525 317 1559 Haeremus
333 1523 450 1559 Daniel
467 1523 629 1560 Heinsius.
684 1526 746 1559 His
761 1523 848 1560 addo
862 1522 1018 1559 disertum
1037 1524 1204 1570 Aeschinis
1218 1523 1462 1563 testimonium,
1491 1527 1543 1572 qui
1571 1526 1603 1557 in
1620 1524 1777 1557 'oratione

30 1585 147 1610 contra
164 1577 387 1611 Timarchum
404 1590 437 1625 p.
458 1589 520 1619 ¹4¹·
541 1587 625 1613 tom.
647 1577 704 1613 ΙΙΙ.
721 1576 795 1612 edit.
812 1577 923 1612 Reisk.
948 1572 1012 1627 Ka}
1031 1573 1247 1626 reiv⁶0pen4>ov
1264 1574 1444 1616 πολλάκις
1465 1578 1496 1613 ἓν
1518 1575 1564 1620 τῆ
1582 1569 1699 1613 Ἰλιάδι
1722 1574 1776 1610 λέ·-

30 1643 162 1674 Ὺοντοι,
191 1624 256 1679 πξὲ
271 1629 318 1668 r?
333 1644 367 1667 τι
389 1629 455 1667 τῶν
472 1625 670 1676 μελλέντων
687 1629 852 1676 ’γενέσθαι
864 1641 871 1648 ·

462 1687 543 1721 Φήμη
565 1684 594 1715 δ’
614 1687 646 1716 ἐς
667 1686 781 1728 στρατᾶν
803 1683 885 1720 ἦλθε.
919 1706 953 1714 .-

31 1743 83 1778 vbi
109 1743 253 1791 Taylor:
277 1741 407 1781 ..multa
427 1741 513 1791 apud
531 1753 655 1778 veteres
671 1753 868 1786 occurrunt,
893 1756 976 1792 quae
994 1744 1027 1777 in
1043 1741 1177 1788 vulgata
1197 1742 1340 1777 Homeri
1356 1739 1498 1777 editione
1516 1753 1584 1777 non
1607 1741 1773 1789 reperiun-

30 1806 92 1831 tur.
146 1798 222 1831 Dixi
239 1795 332 1831 alibi:
357 1797 435 1830 Hoc
450 1807 560 1830 tamen
579 1798 703 1830 mirum
725 1795 789 1840 est,
817 1794 907 1844 quod
925 1793 1011 1830 dicat
1027 1792 1201 1830 Aeschines
1227 1795 1283 1829 has
1307 1806 1403 1829 voces
1413 1794 1657 1841 saepenumero,
1684 1800 1773 1830 πολ-

30 1845 153 1888 λάκις,
181 1850 214 1882 in
235 1845 332 1882 11³adc
352 1845 436 1895 legi,
459 1861 562 1896 quum
583 1861 745 1896 nusquam
762 1847 860 1883 hodie
881 1846 967 1896 apud
985 1861 1061 1882 eum
1081 1858 1267 1883 occurrant.
1324 1843 1412 1881 Infra
1432 1845 1518 1881 idem
1542 1844 1662 1880 ibidem
1686 1845 1772 1892 Tay-

29 1904 80 1937 Ior
97 1915 127 1947 p.
147 1912 208 1941 15²-
224 1903 411 1934 varietatem
426 1928 435 1941 ‚
463 1913 532 1934 non
553 1897 707 1949 profecto
731 1899 862 1942 leuem,
888 1913 952 1949 qua
978 1901 1017 1935 ab
1040 1899 1235 1935 editionibus
1260 1900 1403 1933 Homeri
1427 1896 1562 1933 discedit
1585 1895 1770 1938 Aeschines,

29 1951 102 1989 satis
116 1967 192 1989 cum
213 1951 401 2002 diligentia,
425 1965 496 1987 non
518 1962 628 1987 tamen
650 1949 799 1995 summa,
825 1951 1025 1988 adnotarunt
1046 1954 1190 1988 Homeri
1213 1950 1362 1986 editores.
1423 1952 1591 1987 Hactenus
1615 1950 1769 1996 Villoiso-

30 2008 118 2047 nisu,
146 2008 185 2040 V.
203 2007 242 2041 C.
296 2004 405 2039 Plures
422 2015 534 2039 tamen
549 2007 579 2039 in
599 2015 685 2040 textu
701 2007 900 2041 mutationes
918 2005 1001 2041 olim
1019 2008 1085 2040 iam
1104 2002 1209 2040 faistae
1226 2002 1297 2038 sunt
1314 2017 1370 2051 per
1392 2016 1511 2038 manus
1533 2001 1769 2038 emendatrices

28 2061 219 2108 criticasque
235 2055 536 2092 Alexandrinorum
553 2056 744 2094 doctorum.
799 2056 851 2094 Ad
870 2056 940 2093 illas
963 2057 1166 2106 aliquantum
1192 2053 1436 2104 cognoscendas
1459 2066 1490 2091 et
1511 2053 1550 2090 ad
1575 2052 1769 2104 perspicien-

28 2109 131 2152 dum,
159 2123 227 2159 quo
254 2108 360 2145 modo
384 2112 485 2144 critici
511 2120 633 2146 veteres
655 2111 848 2146 Homerum
872 2109 1090 2145 intellexerint
1105 2120 1136 2144 et
1151 2107 1375 2149 diiudicarint‚
1405 2118 1460 2143 aut
1476 2121 1539 2157 qua
1562 2110 1688 2142 ratione
1707 2117 1768 2141 tra-

28 2164 145 2200 starint
168 2162 233 2199 siue
255 2176 326 2198 rem
350 2164 495 2196 criticam
519 2163 662 2198 Homeri
691 2161 757 2199 siue
773 2162 931 2199 lec'liones
949 2161 1060 2197 dubias
1076 2159 1232 2202 fals-asne,
1260 2160 1466 2209 permultum
1485 2158 1641 2196 conducit
1661 2158 1767 2194 codex

30 2217 171 2252 Venetus
189 2213 486 2265 praestantiffimus.
541 2216 614 2264 Qa
637 2227 773 2264 propter
798 2214 838 2251 cl.
855 2216 1020 2261 Κοιρρεη,
1050 2214 1144 2258 (iiber
1159 2215 1305 2248 Homers
1326 2213 1435 2248 Leben
1450 2223 1510 2248 etc.
1530 2226 1563 2262 p.
1583 2224 1624 2256 51.
1651 2212 1701 2246 vbi
1725 2209 1766 2246 de

27 2271 135 2305 «ιι-ἱεῖσα
153 2279 270 2318 poetae
285 2265 483 2303 emendandi
498 2269 624 2303 ratione
638 2266 763 2304 erudite
781 2266 884 2316 agiu)
900 2264 1048 2301 adsentiri
1066 2279 1213 2314 nequeo,
1240 2265 1423 2304 arbitranti,
1450 2275 1596 2305 textum,
1622 2277 1690 2313 quo
1704 2276 1767 2299 nos

26 2323 72 2357 vti
86 2318 248 2363 solemus,
275 2333 352 2355 eum
378 2316 459 2361 effe,
486 2322 541 2368 qui
565 2333 603 2355 ex
628 2333 685 2356 ore
708 2317 797 2369 quafi
816 2317 986 2354 cuiusdam
1011 2315 1165 2367 rhapsodi
1188 2314 1296 2352 suisset
1316 2328 1469 2367 exceptus
1491 2327 1523 2353 et
1543 2314 1665 2365 scripto
1687 2329 1766 2352 con-

27 2372 192 2424 (ignatus,
224 2376 257 2408 in
283 2385 382 2421 quem
407 2382 519 2406 tamen
540 2369 671 2407 fuissent
693 2369 809 2407 sensim
831 2369 1015 2420 sensimque
1038 2370 1145 2406 illatae
1173 2371 1472 2418 grammaticorum
1504 2368 1764 2410 emendationes,

28 2439 106 2463 eum
121 2429 220 2474 igitur
238 2422 299 2460 esse
324 2434 535 2465 contextum,
563 2437 661 2474 quem
682 2427 891 2473 grammatici
915 2420 1063 2458 dixissent
1088 2418 1147 2466 τήν
1166 2417 1285 2465 κοινὴν,
1313 2433 1368 2457 aut
1380 2420 1451 2460 τοὶς
1465 2418 1593 2461 παίσας
1609 2416 1763 2460 ἐκὸἑσε-ις.

26 2479 116 2517 Nam
132 2481 217 2516 inter
230 2473 414 2528 rhapsodos
429 2478 579 2527 antiquos
598 2487 628 2514 et
643 2475 848 2514 recensiones
866 2486 963 2523 atque
978 2475 1178 2526 exemplaria
1200 2478 1500 2525 grammaticorum
1515 2474 1660 2524 longum
1681 2484 1763 2508 tem-

895 2528 920 2566 F
934 2524 980 2564 ff
1000 2538 1019 2571 3
1672 2528 1763 2577 poris
