2183 2747
221 153 276 194 518
381 143 452 181 Lib.
463 142 488 179 I
485 142 513 178 I.
529 153 553 178 c.
560 151 589 186 5.
766 134 1015 175 COMMENT
1021 137 1128 174 ARIA
1161 132 1428 174 DEPERDITA
1793 135 1859 165 voi.
1866 137 1889 165 1.
1900 137 1928 171 b.
1936 138 1982 172 ις’)

338 240 516 287 Νῐῑι])Ῐιονί
537 234 708 274 cuiusdam
736 234 978 286 expositionem
1002 237 1036 270 in
1052 236 1090 270 X.
1111 236 1236 284 priores
1259 232 1359 268 libros
1383 230 1504 268 Iliados
1525 232 1692 276 Homeri,
1717 235 1753 269 in
1776 233 1984 276 membrana,

334 297 368 330 in
392 291 616 342 Plut2XV111.
632 291 824 325 Marci-anae
844 289 992 324 biblioth.
1013 286 1108 323 tradit
1134 288 1200 321 Jac.
1218 286 1305 322 Psii'l.
1329 285 1527 335 Thomafim',
1555 299 1632 336 pag.
1650 298 1706 330 40.
1728 285 1882 322 Biblioth.
1897 288 1983 323 ven.

335 345 399 383 Sed
415 347 504 382 hunc
522 344 644 380 librum
663 342 763 379 hodie
785 340 976 383 desiderari,
1001 343 1045 377 ait
1066 339 1202 386 Villois.
1219 338 1307 375 Prol.
1326 340 1471 375 Homer.
1494 353 1526 389 p.
1541 352 1588 383 14·
1621 339 1748 385 Harl]

230 417 360 455 EXXX.
385 416 490 451 OEN
501 415 581 450 OM
592 413 687 449 Avs
716 409 908 447 Gadarenfis
925 406 1146 457 Philosophus
1161 409 1328 454 Cynicus,
1351 411 1407 460 qui
1425 407 1542 460 paullo
1559 420 1634 445 ante
1651 409 1879 460 Porphyrium
1895 409 1986 450 vixit,

336 466 459 518 scripsit
473 465 550 519 ‘ne-qi
565 467 627 511 τῆς
641 461 884 514 καθ”Ὀμηξον
902 463 1132 512 φιλοσοφίας.
1160 459 1252 497 Suid.
1870 490 1873 494 .

286 529 324 576 [P
335 533 363 565 A
374 530 413 564 Μ
425 528 492 562 ΡΗ
504 528 514 560 l
525 527 636 567 LVS,
660 527 777 559 citatur
792 525 824 557 in
842 519 974 557 scholiis
989 522 1098 557 Marc.
1114 519 1156 556 ad
1172 521 1192 558 l.
1209 523 1241 556 6.
1256 532 1335 556 cum
1352 521 1446 557 Nicia
1457 548 1468 563 ,
1497 518 1537 556 ad
1554 516 1590 558 ὥ.
1607 527 1640 562 8.
1663 519 1748 557 adde
1764 519 1899 570 Vmois.
1909 521 1988 556 Pro-

335 581 401 630 leg.
418 581 561 616 Homer.
587 593 617 628 p.
634 590 683 621 30.
708 573 793 611 infra
813 574 881 611 vol.
899 575 972 611 Vll.
995 589 1026 624 p.
1043 579 1098 614 68.
1128 573 1231 609 Harl.

285 639 514 677 PARMEN
526 636 691 677 ISCVS,
720 636 868 675 criticus,
898 635 931 668 in
947 630 1051 668 schol.
1069 634 1178 669 Marc.
1196 629 1237 667 ad
1249 627 1296 670 θ’.
1315 642 1376 676 5¹3-
1393 633 1511 667 citatur
1526 631 1626 667 lectio
1645 630 1850 667 Aristarchea
1863 644 1903 667 ex
1919 634 1986 668 eius

343 692 430 728 libro
452 687 492 729 ια’
516 687 601 741 πςός
622 684 815 740 Kena-vina,
841 689 908 723 eius
923 687 1149 736 interpretatio
1165 697 1239 721 voc.
1258 680 1451 735 πρότμησις
1474 682 1514 719 ad
1533 682 1626 720 Iliad.
1645 690 1687 723 A.
1705 696 1780 729 424.
1810 684 1912 721 Harl.

287 751 510 788 PARMEN
519 750 611 784 ION
621 776 631 790 ,
659 746 675 785 ὅ
697 743 988 798 Γλωσσόγςαφος
1008 742 1163 780 laudatur
1179 747 1213 779 iu
1238 740 1341 780 schol.
1361 745 1473 780 Marc.
1494 742 1535 780 ad
1553 739 1590 784 α’.
1607 755 1675 790 591.
1700 743 1821 789 Harl]

238 821 384 859 LXXXI.
418 821 440 855 P
451 822 479 855 A
490 820 520 854 N
529 820 557 853 Λ
565 819 591 853 Ε
599 817 636 852 T
646 819 697 852 1V
706 818 727 852 S
753 818 892 853 Cratetis
914 814 1081 851 Mallotae
1102 810 1293 864 discipulus.

240 889 404 928 Lxxxli.
428 887 782 924 PARTHENIVS
810 883 997 927 Nicae'nsis,
1024 897 1092 934 quo
1107 885 1246 920 nomine
1262 896 1280 918 a
1299 884 1495 918 Camerario
1510 878 1748 917 adnumeretur
1765 882 1822 924 iis,
1849 882 1906 931 qui
1921 880 1994 918 Ho-

344 955 476 978 merum
503 939 722 982 illustrarunt,
750 938 904 974 nondum
924 940 1086 988 comperi.
1142 935 1329 972 Eussatliius
1350 934 1486 986 quidem
1515 932 1617 970 semel
1647 938 1834 985 iterumque
1859 944 1891 970 et
1920 943 1996 970 ante

343 1008 422 1032 eum
443 996 629 1030 Athenaeus
653 1007 670 1028 e
692 993 868 1027 Parthenio
890 991 1001 1027 lucem
1028 987 1183 1026 adferunt
1208 989 1311 1024 verbis
1336 987 1533 1040 quibusdam
1554 989 1767 1033 Homericis;
1794 984 1847 1023 sed
1864 988 1996 1022 Parthe-

304 1089 308 1093 ,
342 1051 437 1084 nium
464 1044 619 1092 Dionysii
641 1048 860 1082 Grainmatici
882 1042 1084 1094 discipulum
1108 1041 1318 1091 intelligunt,
1345 1044 1437 1078 cuius
1458 1043 1583 1079 librum
1604 1040 1683 1092 περὶ
1706 1041 1773 1080 τῶν
1795 1040 1902 1092 παραὶ
1924 1045 1996 1079 τοῖς·

342 1104 494 1153 ἱςοςικοῖς
506 1098 631 1151 λέξεων
653 1098 765 1135 laudat
790 1097 878 1134 idem
896 1097 1085 1135 Athenaeus
1100 1096 1185 1132 libro
1204 1098 1260 1132 xi.

241 1172 414 1210 Lxxxui.
441 1169 711 1206 PERSAEVS
738 1170 882 1205 Zenonis
899 1170 994 1203 Citiei
1012 1164 1188 1216 discipulus
1204 1163 1277 1215 post
1291 1163 1493 1214 Magistrum
1510 1160 1607 1199 suum
1626 1162 1791 1200 nonnulla
1809 1162 1849 1199 ad
1866 1164 1997 1200 Home·

344 1237 421 1260 rum
454 1221 690 1273 explicandum
725 1232 756 1258 et
787 1218 900 1257 secum
934 1218 1185 1256 conciliandum
1212 1215 1367 1268 scripfiffe
1399 1216 1538 1253 traditur
1568 1230 1587 1252 a
1615 1218 1728 1254 Dione
1751 1213 1996 1264 Chrysostomo

341 1279 435 1312 Orat.
453 1288 499 1322 53.

291 1334 693 1386 [PHERECYDES,
725 1329 946 1372 Atheniensis,
973 1333 1007 1365 in
1030 1327 1133 1365 schol.
1160 1332 1242 1365 min.
1266 1326 1306 1365 ad
1332 1325 1451 1374 odyss.
1469 1323 1507 1366 α’.
1535 1339 1604 1372 2²3·
1638 1323 1683 1367 λ’.
1701 1339 1772 1372 320.
1788 1338 1854 1374 325.
1876 1337 1936 1365 ete.
1962 1329 1997 1364 in

342 1386 447 1424 schol.
464 1390 580 1423 Venet.
597 1385 638 1422 ad
655 1385 746 1422 Iliad.
762 1382 811 1429 β’.
831 1397 886 1431 99.
900 1384 1011 1426 aliter,
1037 1397 1074 1419 ac
1089 1382 1311 1425 Aristarchus,
1339 1379 1570 1432 Apollodorus
1583 1390 1615 1416 et
1632 1380 1841 1417 Ptolemaeus
1854 1381 1998 1432 explicat

347 1439 499 1481 ἐΰκτιτον
523 1435 627 1479 αἰπύ·
655 1438 694 1475 ad
720 1438 812 1474 Iliad.
829 1434 878 1476 π’.
903 1449 965 1481 175.
986 1447 1047 1472 etc.
1102 1438 1154 1472 De
1183 1437 1249 1471 hoc
1278 1433 1469 1480 Pherecyde
1498 1431 1683 1470 doctissime
1705 1431 1848 1484 disputat
1869 1434 1913 1471 cl.
1934 1434 1998 1471 Fr.

351 1495 443 1531 Guil.
460 1495 566 1530 Stnrz
586 1495 619 1527 iu
641 1491 746 1527 libro:
776 1488 971 1536 Pherecydis
996 1487 1206 1537 fragmenta,
1235 1491 1341 1524 Gerae
1365 1496 1456 1534 ¹789-
1472 1489 1548 1523 mai.
1567 1494 1599 1528 8.
1622 1500 1696 1537 pag.
1713 1491 1754 1523 62
1769 1484 1838 1538 sqq.
1861 1498 1893 1523 et
1913 1491 1999 1523 inter

346 1545 536 1596 fragmenta
565 1543 782 1590 Pherecydis,
806 1545 846 1579 ab
860 1543 920 1578 illo
937 1545 1008 1578 viro
1026 1540 1264 1578 huiiianill'inio
1282 1539 1458 1589 diligenter
1480 1539 1640 1586 collecta,
1667 1538 1739 1576 sunt
1755 1554 1890 1590 quoque
1912 1540 2000 1582 loca,

348 1604 382 1636 in
397 1600 512 1649 quibus
534 1600 677 1634 Homeri
695 1594 802 1633 versus
820 1597 983 1646 verbaque
998 1595 1223 1646 explicantur,
1251 1604 1282 1630 et
1300 1607 1318 1629 a
1336 1593 1494 1629 veteribus
1515 1589 1692 1629 scholiallis
1716 1593 1755 1628 ab
1780 1595 1914 1630 interitu
1936 1589 1999 1630 ser-

344 1663 418 1689 vata
436 1648 519 1688 sunt.
550 1651 649 1686 Harl.
1469 1689 1479 1695 .

296 1710 630 1762 [PHlLEMON,
665 1709 797 1743 criticus
817 1706 1070 1746 celeberrimus,
1111 1716 1265 1755 tempore
1289 1701 1488 1742 Alexandri,
1531 1700 1654 1753 scripsit
1687 1700 1891 1754 σύμμικτοι,
1923 1703 2002 1743 teste

348 1763 540 1811 Porphyrio
564 1765 595 1797 in
619 1760 750 1810 Qaess.
769 1752 950 1801 lioiiiei·.⁶8.
982 1756 1074 1795 conf.
1093 1759 1226 1806 Villocs.
1246 1758 1439 1806 prolegom.
1456 1757 1562 1795 Hom.
1586 1770 1619 1806 p.
1634 1770 1683 1803 3⁴-

298 1822 624 1873 [PuiLi-:MOM
651 1820 768 1856 auclor
782 1820 889 1854 Lexici
907 1816 1039 1857 inediti,
1066 1819 1099 1852 in
1119 1830 1187 1866 quo
1204 1818 1411 1852 Athenaeum
1436 1830 1475 1851 ae
1495 1817 1680 1851 Luciaiium
1705 1814 1835 1859 laudat,
1859 1828 1891 1852 ct
1908 1815 2000 1866 quod

350 1874 551 1922 Etymolog.
570 1875 620 1910 Μ.
645 1874 761 1909 auctor
784 1870 824 1906 ad
846 1872 983 1906 verbum
1007 1867 1100 1919 saepe
1124 1866 1301 1918 descripsit.
1358 1870 1446 1905 lliius
1470 1868 1614 1918 plurima
1630 1862 1807 1919 excerpta,
1842 1870 2001 1906 haetenus

350 1926 490 1970 inedita,
517 1927 558 1962 cl.
577 1926 750 1974 Villoisbn.
765 1927 798 1959 iii
815 1927 901 1959 notis
917 1922 957 1959 ad
974 1922 1148 1973 Apollonii
1166 1924 1242 1959 Lex.
1260 1924 1354 1958 hom.
1380 1922 1524 1972 qualibet
1546 1920 1720 1957 occalioiie
1745 1920 1819 1957 data
1838 1919 2000 1972 deposuit.

350 1976 506 2017 Diuersus
528 1978 572 2016 est
594 1992 612 2014 a
639 1977 788 2028 quodam
810 1976 1016 2019 Philemone,
1040 1977 1079 2011 ab
1098 1977 1270 2012 Athenaeo
1292 1975 1465 2025 aliquoties
1487 1973 1640 2015 laudato,
1666 1978 1721 2023 qui
1747 1972 1869 2024 scripsit
1882 1972 2002 2032 Λέξεσι·
2054 1992 2060 2001 ·

354 2030 509 2072 oiri-imis
531 2047 547 2068 a
571 2032 671 2067 Suida
694 2040 908 2067 memoratas.
943 2028 1017 2064 vide
1036 2029 1227 2077 Villoifhnii
1251 2029 1444 2078 Prolegum.
1469 2026 1511 2065 ad
1534 2026 1707 2078 Apollonii
1726 2029 1802 2065 Lex.
1822 2042 1854 2079 p.
1871 2030 1913 2074 67
1933 2032 2001 2079 iqq.

349 2086 449 2121 Harl.

301 2143 518 2191 [PillLET
532 2143 607 2180 AS,
635 2141 745 2183 Cous,
771 2144 913 2177 criticus,
940 2143 1178 2190 grammaticus
1194 2150 1225 2175 et
1240 2149 1349 2189 poeta,
1378 2138 1558 2174 Ptolemaei
1575 2137 1778 2187 Philadelphi
1796 2152 1911 2189 praece
1937 2150 2000 2180 tor.

354 2192 475 2243 scripsit
501 2193 629 2242 Gloffin
646 2194 845 2229 Homericus.
883 2192 946 2228 vid.
964 2194 1187 2232 Athenaeum,
1222 2193 1293 2228 libr.
1313 2192 1368 2226 ix.
1392 2204 1422 2241 p.
1441 2198 1507 2234 383.
1543 2192 1751 2237 l’orpliijrius
1775 2191 1814 2227 ad
1840 2191 1896 2226 llia
1924 2221 1931 2228 .
1949 2191 1999 2238 φ’.

355 2250 425 2283 126.
451 2261 481 2296 p.
499 2248 575 2289 468.
602 2243 702 2282 schol.
720 2249 836 2284 Vener,
850 2259 1017 2282 memorat
1042 2249 1109 2281 eius
1132 2244 1386 2295 expositionem.
1414 2242 1488 2279 ibid.
1506 2241 1583 2280 veis.
1601 2247 1667 2280 126.
1688 2245 1830 2280 Philetas
1848 2256 1881 2281 et
1905 2244 2003 2281 Calli·

345 2299 475 2346 stratus
492 2300 632 2333 citantur
648 2309 679 2334 et
695 2296 890 2335 refutantur.
949 2298 1160 2346 Aristarchus
1177 2296 1299 2348 scripsit
1314 2295 1401 2346 πςὲς
1415 2297 1573 2345 abditi-riv
1592 2293 1839 2347 σύγγραμμα,
1863 2300 1895 2332 in
1910 2293 2002 2335 scho-

357 2352 405 2387 liis
429 2352 606 2386 Marcianis
631 2350 813 2388 laudatum.
850 2350 913 2387 vitl.
934 2351 1108 2400 lf'i'lloison.
1129 2350 1284 2399 Prolegg.
1303 2351 1410 2385 Hom.
1434 2363 1464 2399 p.
1479 2358 1531 2390 28.
1550 2362 1579 2385 et
1599 2351 1754 2398 Prole-gg.
1771 2349 1812 2385 ad
1828 2349 2000 2399 Apollonii

351 2407 428 2441 Lex.
445 2418 477 2453 p.
494 2415 528 2438 εει
545 2400 590 2452 sq.
620 2404 737 2440 Suidas
755 2415 837 2441 tom.
856 2405 910 2438 lll-
929 2419 961 2455 p.
979 2407 1060 2440 600.
1089 2405 1198 2453 ibique
1215 2403 1338 2439 Kussen
1382 2402 1511 2452 ,Yonpi'i
1538 2400 1604 2438 ind.
1633 2401 1673 2438 ad
1689 2401 1838 2438 addenda
1852 2403 2002 2438 Theocr.

352 2458 387 2494 li.
406 2470 434 2492 v.
451 2454 490 2492 ad
511 2454 576 2491 vol.
597 2456 636 2490 ll.
655 2469 687 2506 p.
705 2468 773 2501 723.
805 2458 987 2495 Burmanni
1006 2459 1044 2492 11.
1063 2468 1133 2492 iiot.
1150 2455 1192 2492 ad
1209 2458 1356 2506 Propert.
1377 2455 1417 2491 11.
1435 2454 1586 2503 eleg-25,
1602 2466 1646 2498 3¹·
1669 2469 1700 2504 p.
1718 2457 1786 2498 466
1803 2451 1848 2502 sq.
1875 2452 1999 2498 Horu]
