2183 2747
834 118 1183 133 ---.-.-..
1845 132 1891 160 xz

113 207 229 249 valde
254 209 440 260 molesta,
472 207 576 250 vtilis
604 219 645 250 et
671 209 877 250 necess'aria
909 210 1137 257 videbatur3
1175 211 1260 252 aliis
1294 211 1590 265 superuacanea.
1663 217 1744 259 Alii
1769 219 1889 264 alium

113 269 317 319 ordinem,
358 269 434 309 iiue
459 269 676 309 secundum
704 272 895 323 temporis
926 273 1141 321 rationem,
1172 270 1249 312 siue
1276 287 1387 312 more
1414 276 1463 314 G.
1483 279 1507 315 1.
1526 275 1647 315 Xs'oss'ii
1672 277 1887 323 secundum

113 341 244 368 rerum
268 340 307 368 et
336 328 602 370 doeirinarum
625 342 853 382 argumenta
880 330 1149 383 postulabant3
1179 331 1241 371 alii
1267 332 1497 384 censebant,
1527 333 1793 379 Fabricianum
1820 356 1886 381 or-

114 387 248 428 dinem
278 389 352 429 effe
381 392 545 429 minime
573 389 817 431 mutandum.
878 390 1160 432 Heimmnnus
1183 393 1223 431 in
1247 390 1377 432 fronte
1403 393 1460 434 sui
1479 395 1648 449 exempli
1666 397 1883 452 scripserat:

112 479 128 495 „
143 447 319 490 dcfidero
344 452 382 488 in
402 450 718 502 praestantissimo
738 450 818 491 hoc
835 464 976 503 opere,
1006 450 1044 491 h.
1063 465 1096 491 e.
1116 453 1154 491 in
1171 464 1221 491 eo
1242 452 1422 493 adnotata
1442 452 1552 495 fuisse
1574 456 1713 497 vellem
1748 465 1779 508 1)
1794 460 1884 501 Elo-

109 510 171 560 gia
197 508 436 550 seleffissima
466 509 515 550 de
533 523 777 566 vnoquoque
798 510 976 564 aucffore,
1016 511 1140 565 qualia
1161 513 1348 564 congeffit
1365 513 1541 556 Bluntius
1557 519 1595 555 in
1613 518 1779 560 Censura
1799 520 1882 568 sua:

110 571 148 616 2)
180 568 351 609 Iudicem
381 583 523 611 eorum
547 570 750 621 locorum,
780 585 880 627 quac
904 585 923 611 a
950 572 1119 622 criticis,
1153 586 1185 612 e.
1202 586 1256 624 gr.
1287 575 1325 612 in
1342 576 1500 615 Gruteri
1527 575 1704 619 thesauro
1729 582 1880 635 critico,

109 625 266 668 fuerunt
295 629 506 671 emendata
530 629 591 670 vel
623 630 825 681 illustrata,
858 630 920 671 vel
949 630 1126 671 nondum
1154 630 1264 672 fuere
1291 634 1472 675 adnotata
1503 637 1541 676 in
1565 639 1880 689 praestantissima

110 691 300 743 cuiusque
331 688 501 730 aridioris
533 691 753 737 editione,“
816 691 936 741 Vide,
970 704 1087 746 quam
1114 691 1265 733 diuerla
1295 691 1443 734 fuerint
1476 695 1688 738 hominum
1718 701 1878 753 iudicia,

109 761 208 804 quae
229 750 396 790 candide
421 749 551 791 retuli!

226 872 449 910 Heumanni
482 869 666 910 desideria
699 869 806 911 haud
833 873 962 926 iniqua
989 871 1081 922 effe,
1120 886 1203 929 non
1227 886 1352 925 neg03
1389 884 1505 929 atque
1533 875 1773 933 aliquatenus
1799 883 1875 924 stu-

107 928 197 977 dui,
230 927 303 968 illis
325 930 484 968 mederi.
545 935 691 969 Verum
710 933 814 970 enim
837 946 953 976 vero,
985 935 1072 988 quia
1093 931 1269 974 Bluntius
1288 936 1325 973 in
1342 933 1512 987 plurium
1533 938 1586 977 est
1603 940 1804 994 manibus,
1835 954 1876 985 et

108 986 348 1027 editionibus
368 988 498 1029 multis
523 990 806 1030 recentioribus
831 994 1025 1043 praemitti
1054 987 1179 1032 solent
1204 994 1368 1041 iudicia,
1402 1008 1551 1048 praeter
1570 1012 1650 1038 rem
1671 1011 1787 1056 atque
1805 1017 1873 1043 ne-

106 1047 330 1098 cessitatem,
362 1046 521 1089 Bluntio
539 1048 701 1102 aliisque
720 1050 955 1104 compilatis,
985 1051 1093 1091 nolui
1116 1051 1200 1092 libri
1217 1052 1380 1103 molem,
1412 1057 1532 1107 perse
1550 1060 1761 1113 grandem,
1792 1076 1873 1104 am·

104 1104 297 1158 pbficare,
338 1120 467 1162 eoque
493 1107 689 1160 marsupio
721 1120 920 1150 emtorum
949 1114 1130 1151 iniuriam
1161 1111 1394 1166 fraudesque
1416 1113 1558 1158 facere.
1620 1121 1728 1160 Tum
1757 1120 1870 1174 plena

104 1168 287 1206 onmium
311 1165 507 1217 locorum,
526 1181 625 1222 quae
644 1181 663 1207 a
686 1169 842 1210 Criticis
861 1168 938 1210 fiue
963 1184 1033 1224 per
1049 1171 1308 1220 occalionem,
1328 1172 1405 1213 siue
1423 1177 1463 1214 in
1488 1175 1741 1229 singularibus
1761 1181 1870 1224 libel-

101 1224 147 1263 lis
172 1225 375 1266 emendata
402 1227 489 1267 iiiut
507 1238 572 1267 aut
592 1226 793 1279 illustrata,
825 1233 1159 1271 commemoratio
1185 1233 1237 1271 est
1256 1235 1353 1272 mire
1373 1234 1531 1276 molesta
1553 1247 1591 1276 et
1616 1252 1675 1279 res
1696 1241 1843 1283 infinita
1857 1259 1869 1291 ς

100 1297 228 1339 neque
254 1285 406 1339 semper
427 1287 641 1328 necessaria.
704 1290 862 1330 Gruteri
884 1301 1014 1331 autem
1038 1290 1102 1331 fax
1125 1293 1257 1331 critica
1282 1290 1329 1332 ab
1355 1293 1570 1336 editoribus
1589 1310 1625 1337 vt
1649 1299 1869 1351 plurimum

101 1346 178 1384 iam
202 1344 374 1386 adhibita
407 1347 471 1387 est.
551 1349 793 1389 Criticorum
827 1360 976 1400 tamen,
1016 1362 1217 1406 quotquot
1248 1353 1289 1391 in
1322 1366 1448 1393 meam
1481 1358 1868 1414 venient-notitiam,

101 1416 220 1456 opera
247 1407 285 1445 in
302 1406 565 1447 sanandis‘aut
589 1407 829 1460 explicandis
845 1409 1023 1463 pluribus
1040 1410 1136 1451 locis
1165 1410 1242 1451 fiue
1266 1417 1460 1466 corruptis
1485 1414 1665 1472 maleque
1690 1418 1866 1474 adfeciis‚

99 1462 178 1504 siue
204 1464 493 1506 difficilioribus
520 1466 640 1520 polita
664 1472 831 1510 omnino
863 1470 1266 1520 commemorabitur3
1304 1475 1358 1512 vti
1386 1475 1462 1514 iam
1494 1477 1536 1515 in
1567 1479 1866 1523 Introdudiione

99 1525 140 1564 in
163 1524 363 1566 historiam
384 1530 427 1567 L.
449 1529 516 1567 Gr.
540 1538 578 1567 et
600 1527 851 1570 litteraturam
879 1545 978 1571 rom.
1010 1529 1198 1571 feceram:
1232 1543 1269 1572 at
1295 1535 1478 1574 omnium
1506 1536 1798 1580 correctionum
1826 1553 1865 1583 et

99 1583 388 1636 expolitionum
414 1585 567 1640 sparsim
595 1599 661 1628 aut
688 1602 757 1641 per
779 1590 1027 1632 occasionem
1053 1590 1287 1641 adlatarum,
1330 1591 1656 1650 libellorumque,
1683 1602 1755 1654 qui
1784 1600 1863 1643 hue

98 1647 334 1696 pertineant,
366 1645 602 1687 euticiorum
621 1652 957 1691 enumerationem
975 1655 1203 1704 promittere
1220 1665 1347 1706 neque
1371 1653 1519 1705 audeo,
1550 1669 1680 1711 neque
1698 1659 1861 1711 possum.

96 1704 283 1744 Receniio
309 1705 479 1761 denique
504 1706 711 1760 locorum,
743 1712 811 1765 qui
839 1710 967 1751 adhuc
997 1711 1190 1752 medicina
1221 1721 1356 1763 egent,
1397 1726 1457 1753 res
1491 1715 1545 1755 est
1569 1718 1789 1768 periculosa
1823 1732 1861 1762 et

97 1765 239 1807 criticis
265 1764 539 1820 relinquenda,
569 1771 636 1822 qui
659 1771 698 1808 in
717 1769 876 1811 edendo
903 1782 966 1811 aut
992 1770 1259 1824 pei-censendo
1286 1784 1408 1824 opere
1431 1774 1606 1828 quodam
1622 1777 1710 1818 sunt
1733 1780 1860 1822 versa-

97 1825 182 1862 turi.
251 1827 312 1863 De
336 1825 493 1880 reliquis
517 1830 702 1879 monitis,
741 1843 842 1885 quae
869 1841 908 1871 et
932 1831 1134 1871 sociorum
1161 1842 1198 1871 et
1224 1830 1388 1871 aliorum
1415 1836 1470 1873 rei
1494 1837 1712 1887 peritorum
1733 1839 1858 1881 subie-

97 1895 224 1921 ceram
242 1883 404 1934 iudicio,
436 1887 566 1926 iamin
584 1901 871 1940 programmate
894 1891 976 1930 dixi
996 1891 1232 1931 sententiam.
1294 1894 1433 1947 Neque
1451 1897 1555 1934 enim
1574 1909 1729 1946 nouum*
1742 1912 1856 1953 opus,

95 1944 136 1981 in
169 1955 249 1996 quo
273 1944 523 1985 conficiendo
548 1949 673 1987 maior
695 1947 800 1989 foret
828 1949 1005 1997 libertas;
1044 1951 1112 1992 sed
1142 1965 1294 1992 mortam
1316 1952 1561 1994 Fabricianae
1585 1955 1767 2000 Biblioth.
1786 1963 1854 2002 Gr.

95 2001 338 2053 editionem,
372 2018 490 2058 quam
513 2019 586 2059 pro
611 2006 773 2049 arbitrio
797 2011 1003 2051 immutare
1031 2010 1138 2051 nefas
1163 2011 1235 2061 est,
1268 2022 1306 2051 et
1329 2026 1409 2062 res,
1441 2027 1521 2053 non
1547 2015 1697 2068 dicam,
1718 2020 1856 2063 taedii

93 2061 392 2117 molestiaeque,
421 2064 488 2105 sed
508 2067 672 2119 periculi
696 2080 919 2123 metusque,
951 2085 1001 2110 ne
1021 2071 1139 2111 multa
1164 2073 1441 2113 omittsrentur
1465 2084 1531 2113 aut
1554 2076 1853 2131 negligerentur,

93 2121 267 2175 plenior,
306 2137 424 2178 quam
447 2138 594 2166 nouam
623 2128 795 2169 condere
824 2129 1124 2182 bibliothecam,
1162 2145 1235 2171 rios
1263 2145 1354 2172 Cum
1387 2132 1475 2173 libri
1508 2135 1730 2178 redemtore
1759 2153 1851 2193 pro-

91 2184 294 2222 mittimus.
354 2185 486 2239 Atque
511 2199 592 2240 quo
617 2187 762 2229 diutius
789 2204 869 2229 rem
892 2191 1094 2243 perpendo
1116 2190 1319 2246 tractoque
1341 2191 1441 2233 hanc
1466 2191 1769 2249 bibliothecam,
1800 2198 1849 2240 eo

90 2243 214 2292 magis
237 2242 454 2295 perspicio,
482 2259 530 2285 ne
547 2251 673 2287 maior
697 2251 844 2289 oriatur
861 2248 1058 2301 confusio,
1090 2251 1342 2306 membraque
1367 2255 1547 2305 corporis
1564 2253 1683 2296 foede
1706 2258 1850 2298 discer-

90 2312 252 2355 pantur,
283 2305 406 2354 viam,
437 2320 553 2359 quam
579 2306 774 2349 Fabricius
800 2310 980 2362 ingreillis
1006 2311 1327 2366 persequebatur,
1359 2315 1502 2363 rarius,
1541 2327 1659 2368 quam
1686 2331 1846 2359 mecum

92 2362 389 2414 constitueram,
428 2365 500 2405 effe
529 2366 792 2408 deserendam.
877 2369 1071 2410 Fabricius
1104 2375 1208 2411 enim
1248 2372 1448 2411 historiam
1481 2372 1709 2427 aneton-um,
1756 2377 1847 2419 licet

91 2431 214 2461 aetate
240 2434 306 2462 aut
328 2423 454 2465 multo
481 2423 711 2468 inferiorum
743 2439 807 2469 aut
833 2430 1029 2470 interdum
1054 2430 1300 2485 superiorum
1331 2443 1408 2473 tam
1438 2442 1518 2472 arte
1541 2437 1769 2488 coniunxit,
1809 2449 1848 2480 vt

1006 2489 1031 2530 b
1061 2505 1082 2529 2
1736 2510 1848 2551 aegre
