2183 2747
0 437 9 932 ,ῤ’-,-ᾳρ-Ϊ

157 138 221 170 V01-
231 140 253 170 ῐ-
269 146 345 176 ΜΠ
542 142 731 180 HESIODI
759 145 906 181 AETAS
932 145 998 182 ET
1024 146 1163 183 CERT.
1193 148 1296 185 CVM
1322 148 1539 190 HOMERO.
1594 155 1664 192 Lib.
1676 158 1724 197 H.
1737 170 1763 195 c.
1774 166 1803 198 8.

1855 173 1909 208 571

156 250 227 272 non
244 246 422 280 memorat,
449 237 491 274 de
508 251 578 288 quo
594 239 732 290 ambigit
753 243 850 276 etiam
873 241 1058 278 Eussathius
1073 243 1265 292 prolegom.
1282 245 1321 281 ad
1338 246 1427 283 Iliad.
1455 247 1483 286 εἷ
1501 245 1534 288 δὲ
1551 267 1608 297 &92¹
1631 249 1736 304 ἤρισεν
1753 252 1906 308 “Ομηξ>ος

156 286 296 328 ‘Heio'doe
316 292 367 330 τᾶἷ
381 288 548 344 Ἀσκραίῳ
565 290 623 341 Ka}
638 290 785 338 ἡττήθη,
809 291 893 345 ἶπες)
911 292 1001 333 ὀἰινος
1017 302 1087 334 τοῖς
1104 294 1300 348 Ὁμηρίδαις
1317 296 1375 347 me}
1397 302 1523 348 λέγεν,
1547 302 1707 352 ζητητέον
1723 311 1753 345 ἐν
1769 316 1839 348 τοῖς
1861 328 1907 351 εςς

156 344 246 382 ‘fg-ro
261 334 463 395 ίἱνςποὶζίμαισιν,
487 348 518 383 ἐν
537 346 581 384 οἷς
599 349 767 395 {teneamus
788 364 845 395 &951
865 347 916 386 τοὶ
933 345 1023 398 ῥητοὶ
1037 350 1098 392 τῆς
1123 346 1233 400 geisae.
1290 353 1482 390 Homerum
1504 358 1537 391 in
1560 361 1683 407 campis
1712 359 1829 405 Elysiis
1861 367 1907 398 vi-

155 396 248 431 etum
266 399 305 431 ab
324 396 476 433 Hefiodo
490 397 568 434 licet
585 398 686 449 longe
705 400 876 443 inferiore,
902 400 995 450 fingit
1010 403 1169 438 Lucianus
1185 417 1215 440 2.
1242 401 1283 439 de
1302 418 1376 441 vera
1393 407 1477 443 Hist.
1507 419 1591 445 tom.
1608 413 1631 447 1.
1646 424 1680 460 p.
1697 413 1776 458 677.
1812 415 1907 452 Adde

156 449 209 484 M.
229 451 362 498 [Voffg.
378 451 576 486 Hannibalis
596 453 718 499 Langii
733 451 800 488 diss.
817 452 929 489 histor.
949 453 1067 502 philol.
1085 453 1125 490 de
1152 458 1384 494 certaminibus
1406 471 1581 508 poetarum
1605 474 1702 512 atque
1723 476 1905 514 oratorum,

155 501 188 549 §.
206 515 253 539 22.
282 501 428 540 Altdorf.
444 516 532 550 1730.
588 504 642 540 De
657 504 726 540 aliis
744 506 973 542 huiuscemodi
987 509 1217 544 certaminibus
1233 521 1409 559 poetarum
1426 512 1553 550 [onsius
1570 514 1626 552 lib.
1643 518 1668 553 1.
1692 530 1763 568 cap.
1781 523 1830 558 16,

154 596 366 671 93(οώῗῖἜῖ
448 600 505 635 ΙΠ.
534 602 749 649 Qamquam
771 613 851 636 vero
870 612 1036 637 certamen
1055 601 1150 646 istud,
1178 603 1273 652 quale
1297 605 1398 642 hodie
1421 603 1535 651 fertur⁷
1562 620 1594 646 et
1607 610 1825 660 postAdriani
1840 618 1906 654 Im.

148 672 180 705 st
223 674 257 705 ‘st
281 677 368 701 mdi—
393 656 552 701 peratoris
571 664 734 701 tempora,
755 656 846 689 cuius
865 657 1102 691 nominetenus
1120 659 1284 699 meminit,
1311 656 1470 708 scriptum
1495 662 1639 706 conflat,
1671 675 1777 702 totum
1801 669 1907 705 conli-

154 691 217 738 biis.
393 705 484 739 cium
509 702 651 740 fortaffis
676 704 738 752 est,
773 719 843 742 non
867 711 996 750 minus,
1045 721 1144 757 quam
1170 706 1343 761 σύγκρισις
1372 713 1577 760 Philistionis
1599 724 1696 764 atque
1718 720 1905 765 Menandri,

155 753 241 790 edita
255 769 273 790 a
290 755 564 803 praestantiffimis
590 760 663 792 viris
680 757 824 806 Rigaltio
843 773 879 794 ac
894 759 1091 809 Rutgersi03
1117 775 1188 796 rem
1207 761 1311 811 ipsam
1327 774 1438 800 tamen
1461 778 1576 803 contra
1599 779 1649 805 tot
1671 781 1804 821 tamque
1827 778 1906 810 anti.

156 819 241 856 quos
257 807 348 844 testes
365 811 397 844 in
415 808 553 845 dubium
570 823 689 845 vocare
709 823 777 845 non
793 810 909 847 aufim.
970 816 1089 862 Neque
1116 812 1145 848 id
1169 813 1276 851 faeere
1299 815 1395 852 audet
1419 819 1621 864 Dodwellus‚
1647 826 1703 871 qui
1721 823 1792 862 diss.
1810 838 1836 872 3.
1865 826 1906 864 de

155 860 260 904 cyclis
277 862 482 898 Graecorum
501 861 626 898 erudite
651 861 691 898 de
706 864 850 899 Homeri
867 875 899 900 et
912 864 1052 900 Hesiodi
1067 876 1168 902 aetate
1186 870 1261 916 agit.
1297 869 1507 914 [Homerum
1533 873 1706 916 Hesiodo,
1735 891 1807 914 non
1834 884 1908 929 qui.

154 910 232 947 dem
250 910 390 956 saeculo,
415 912 466 950 sed
489 925 598 950 tamen
616 925 729 956 aetate,
757 913 852 952 fuisse
867 919 1051 961 maiorem,
1084 917 1361 957 verisimillimum
1387 921 1450 958 esse
1481 924 1599 962 iudicat
1621 929 1805 980 probatque
1827 930 1905 971 sedi.

153 965 258 1001 XVll.
276 976 307 1001 et
323 964 398 1002 sect.
411 968 545 1014 xvlu]
573 978 668 1017 atque
683 979 848 1004 certamen
869 969 951 1005 illud
963 975 1046 1006 circa
1062 985 1186 1007 annum
1203 976 1352 1021 primum
1369 974 1580 1025 Olympiadis
1594 980 1865 1032 vndetrigefimae
1874 985 1906 1019 '')

154 1027 313 1054 certatum
329 1017 391 1055 esse
410 1019 590 1056 concludit.
646 1022 769 1057 Vicerit
792 1024 898 1072 itaque
916 1024 1108 1059 Homerum
1127 1035 1227 1061 aetate
1252 1028 1469 1074 proueelum,
1500 1033 1625 1081 (neque
1649 1036 1739 1070 enim
1758 1038 1905 1075 Tzetzae

153 1069 194 1106 de
210 1072 349 1118 iuniore,
371 1069 480 1108 nescio
502 1086 582 1122 quo,
610 1074 768 1110 Homero
784 1076 974 1111 coniee‘tura
989 1075 1159 1125 probanda
1177 1076 1340 1125 videturz)
1367 1081 1504 1125 vicerit,
1531 1084 1682 1133 inquam⁷
1711 1089 1904 1128 Homerum

154 1122 249 1158 illum
266 1123 551 1161 celebratissimum
568 1124 734 1162 Hesiodus
751 1125 875 1163 florens
895 1127 1002 1164 adhuc
1023 1132 1134 1173 annu,
1169 1141 1203 1166 vt
1226 1129 1406 1178 Aeschylus
1431 1131 1526 1170 senex
1551 1138 1654 1173 vic‘tus
1678 1139 1722 1174 est
1746 1154 1762 1175 a
1785 1143 1904 1180 iuvene

155 1176 338 1225 Sophocle.
391 1175 560 1223 [Diffi-mit
575 1192 593 1213 a
612 1179 758 1215 fabricio
778 1180 911 1229 Drestg.
937 1183 972 1216 in
993 1191 1176 1221 comment.
1194 1182 1234 1219 de
1260 1183 1459 1234 Rhapsodis‚
1485 1187 1567 1236 Lips,
1585 1188 1618 1238 §⁸
1638 1192 1677 1228 V,
1692 1205 1725 1240 p,
1743 1201 1791 1235 18,
1816 1194 1903 1232 caus.

153 1226 221 1264 sam
240 1231 324 1264 lianc
342 1233 451 1278 potius
469 1228 631 1277 adferens,
661 1234 735 1280 quia
757 1233 875 1268 Pavidi
897 1233 1074 1283 placuerit,
1107 1235 1262 1271 deteriori
1286 1237 1433 1285 palmam
1458 1237 1644 1279 decernere.
1701 1244 1793 1282 Idem
1810 1249 1840 1297 §.
1858 1251 1900 1286 V.

153 1279 194 1317 de
211 1283 276 1318 ltoc
291 1285 469 1318 certamine
484 1295 516 1319 et
536 1292 637 1319 aetate
654 1282 793 1320 Hesiodi
810 1288 886 1335 agit.
943 1288 1067 1323 Aueior
1083 1298 1195 1324 tamen
1212 1293 1397 1325 certaminis
1413 1293 1553 1328 Homeri
1570 1306 1602 1330 et
1621 1295 1759 1334 Hesiodi
1785 1313 1815 1348 p,
1834 1308 1900 1348 489

152 1329 224 1383 sqq.
245 1333 322 1373 edit.
336 1336 491 1371 Loesneti
510 1346 630 1377 narrat,
656 1335 810 1378 causs'am,
835 1352 894 1374 cur
908 1338 1075 1376 Hesiodus
1095 1339 1134 1376 fit
1157 1351 1356 1390 coronatus,
1384 1345 1469 1378 hanc
1493 1344 1633 1383 adlatam
1655 1347 1748 1387 fuiss‘e
1770 1366 1788 1388 a
1811 1366 1901 1403 rege,

151 1387 245 1435 quod
262 1401 405 1436 aequum
426 1386 476 1432 fit,
499 1398 533 1424 vt
549 1387 615 1434 ille,
643 1391 700 1438 qui
717 1389 755 1425 ad
775 1393 1010 1439 agriculturam
1027 1403 1058 1430 et
1079 1407 1194 1442 pacem
1211 1393 1416 1439 adhortetur,
1444 1399 1619 1436 vidioriam
1637 1413 1801 1451 reportet3
1829 1419 1901 1443 non

150 1439 218 1479 ille,
245 1443 298 1488 qui
315 1440 397 1476 bella
413 1451 444 1476 et
461 1438 574 1476 caedes
590 1452 708 1477 narret.
761 1444 841 1478 Hoc
857 1443 1019 1482 iudicium
1045 1449 1231 1496 comparari
1255 1448 1361 1495 potest
1381 1462 1458 1484 eum
1485 1464 1545 1492 eo,
1580 1454 1672 1502 quod
1690 1456 1901 1504 Cleomenes,

151 1491 400 1529 Anaxandridae
414 1492 515 1537 filius,
543 1493 631 1543 apud
650 1496 822 1533 Plutarch.
840 1499 873 1533 in
892 1497 1048 1535 Laconic.
1066 1501 1319 1549 Apophthegm.
1335 1514 1368 1550 p.
1388 1513 1457 1546 223.
1479 1501 1501 1540 s.
1520 1516 1551 1553 p.
1567 1513 1634 1551 833.
1658 1508 1725 1544 vol·
1743 1510 1799 1546 V1.
1823 1511 1900 1549 edit.

1159 1554 1188 1587 C
1203 1565 1220 1586 c
1247 1566 1264 1587 c
1280 1566 1298 1588 c
1333 1565 1353 1590 2
1766 1564 1900 1609 Reiskii,

149 1635 174 1667 δι
189 1636 406 1680 θέον”’ομκρον;
431 1652 505 1683 quos
519 1642 639 1683 quidem
664 1655 723 1674 non
744 1644 908 1676 audiendos
931 1645 998 1684 effe,

150 1684 227 1714 reete
256 1684 365 1714 iudicat
395 1685 553 1717 Graeuius
575 1689 606 1717 iu
633 1689 766 1718 Leffion.
794 1690 912 1720 Hefiod.
935 1701 996 1732 cap.

152 1729 230 1756 xlv.
245 1727 280 1756 ad
297 1726 381 1757 illum
395 1728 522 1759 versum.
558 1731 648 1768 Quod
664 1742 737 1762 vero
752 1733 845 1770 addit,
869 1733 997 1764 decisum

150 1771 210 1798 iam
226 1769 292 1806 esse,
317 1771 476 1801 Hesiodum
493 1775 639 1804 minorem
659 1774 714 1805 effe
728 1779 863 1808 Homero
879 1783 998 1809 centum

151 1812 235 1853 qussfi
255 1814 358 1848 annis,
383 1816 565 1855 uecpotuisse
580 1828 646 1847 cum
662 1829 698 1849 eo
714 1819 750 1849 de
764 1820 860 1862 palma
875 1830 996 1859 certare,

150 1856 182 1885 id
207 1857 280 1885 tusto
302 1857 496 1887 confidentius
523 1864 747 1899 pronuntiatum
776 1864 831 1894 effe
860 1866 998 1896 arbitror.

152 1901 217 1930 Nec
248 1901 348 1928 Guieti
379 1911 430 1929 nec
464 1903 586 1932 Graeuii
612 1903 782 1936 sententiam
811 1908 934 1948 probat,
972 1918 1000 1940 et

149 1954 268 1973 omnem
290 1943 442 1972 historiam
456 1945 575 1974 vberius
590 1946 714 1988 explicat
730 1949 869 1981 ΜαΥΐίηί
884 1953 914 1981 in
930 1954 999 1982 Pro-

150 1985 202 2016 lus.
225 1985 391 2016 scholastica
411 1987 446 2016 de
469 1989 652 2020 Graecorum
677 1994 886 2024 certaminibus
904 1998 998 2036 poeti-

151 2033 206 2076 cisa
222 2031 374 2061 Ratisbon.
392 2035 475 2069 1769.
499 2032 596 2064 Harl.

193 2117 226 2153 h)
251 2117 386 2159 Plerique
402 2128 502 2147 omnes
512 2125 645 2150 veterum
660 2131 691 2150 ac
698 2125 896 2154 recentiorum
911 2124 998 2164 longe

150 2164 348 2203 antiquiorem
371 2160 480 2191 faciunt
497 2172 558 2191 tum
578 2164 738 2195 Hesiodum
760 2175 820 2196 tum
841 2171 998 2210 praecipue

151 2207 327 2236 Homerum.
373 2205 428 2235 Sed
444 2206 462 2234 fi
480 2216 583 2236 verum
599 2209 649 2243 est,
680 2209 851 2248 Thaletem,
876 2216 927 2253 qui
946 2225 995 2243 na-

150 2257 196 2279 tus
213 2249 378 2290 estOlymp.
403 2251 522 2279 XXXV.
539 2260 559 2279 1.
582 2249 665 2280 fuiss‘e
687 2255 873 2284 inuentorem
895 2259 995 2297 aequi-

152 2294 254 2328 noffii,
284 2293 383 2329 rqomtr
401 2292 486 2327 Solis,
510 2301 539 2323 et
554 2292 678 2324 aliarum
691 2298 838 2328 eiusmodi
855 2299 991 2329 obserua-

150 2338 264 2366 tionum
283 2338 543 2366 astronomicarum
555 2360 563 2372 ‚
588 2348 647 2367 non
662 2339 763 2376 video,
786 2342 858 2382 quid
875 2342 992 2384 respon-

151 2379 214 2409 deri
228 2380 312 2421 poffit
328 2379 482 2410 doetiffimi
493 2380 640 2411 Dodwclli
655 2387 834 2421 argumentis
849 2385 926 2424 [diss.
942 2389 992 2417 111.

151 2423 217 2454 se&
237 2433 266 2461 7.
283 2430 306 2456 s.
324 2431 352 2453 et
370 2429 408 2455 ις.
429 2432 516 2464 atque
541 2423 654 2465 saepius
676 2429 704 2455 in
727 2426 812 2457 dofta
829 2428 878 2458 illa
893 2429 991 2460 disser-

148 2459 285 2505 ‹ationcfl
308 2478 374 2497 cum
390 2478 449 2498 non
462 2475 575 2498 tantum
597 2469 675 2510 apud
695 2471 855 2504 Hefiodum
874 2473 992 2505 illarum

1039 2343 1197 2385 fabulam,
1219 2353 1250 2374 vt
1266 2348 1306 2375 ait
1322 2347 1427 2377 Seneca
1448 2351 1533 2390 Epist.
1550 2362 1601 2388 90.

1052 1649 1173 1686 vestigia
1187 1656 1351 1685 occurrant,
1374 1649 1421 1680 sed
1437 1660 1464 1681 et
1474 1651 1656 1696 Heliotropii
1672 1657 1701 1686 in
1711 1659 1780 1693 Syra
1796 1659 1900 1699 insula,
1919 1676 1924 1680 ·

1052 1696 1081 1726 (a
1095 1692 1261 1727 Pherecyde
1276 1701 1308 1723 vt
1324 1693 1414 1724 refert
1432 1694 1578 1727 Laertius
1593 1697 1643 1728 lib.
1658 1701 1680 1730 Ι.
1696 1700 1761 1731 feet.
1772 1713 1826 1740 ¹19·
1844 1715 1898 1746 po-

1052 1735 1121 1772 fiti,)
1146 1736 1251 1766 diserta
1259 1739 1371 1767 mentio
1380 1738 1456 1779 apud
1469 1742 1632 1771 Homerum
1641 1743 1739 1778 Odyss,
1755 1745 1777 1774 0'.
1788 1758 1816 1776 v.
1829 1759 1897 1785 403.

1051 1782 1196 1817 Qiamuis
1211 1791 1284 1810 vero
1300 1781 1372 1811 hanc
1387 1785 1485 1823 potius
1501 1785 1596 1824 probo
1611 1785 1669 1816 loci
1683 1789 1763 1818 istius
1786 1793 1897 1823 Home-

1052 1825 1106 1853 rici
1123 1826 1408 1866 interpretationem,
1436 1838 1522 1867 quain
1540 1829 1682 1860 Perraulti
1698 1839 1726 1862 et
1742 1833 1853 1865 Boilaei
1867 1847 1896 1878 p.

1055 1876 1114 1901 130.
1130 1867 1296 1897 Obseruatt.
1323 1868 1358 1897 ad
1385 1871 1570 1908 Longinum,
1605 1872 1700 1904 fatcor
1720 1883 1835 1915 tamen,
1866 1883 1897 1911 in

1052 1909 1200 1952 plerisque
1216 1910 1273 1940 illis
1297 1912 1503 1943 traditionibus
1519 1914 1553 1944 de
1568 1917 1694 1947 inuentis
1712 1927 1826 1952 veteres
1848 1934 1898 1953 ue.

1052 1964 1110 1994 que
1125 1956 1165 1984 ita
1180 1955 1232 1984 sibi
1249 1957 1390 1992 constare,
1413 1968 1508 1998 neque
1530 1959 1603 1989 adeo
1630 1968 1739 1993 tantam
1761 1975 1828 1996 meo
1851 1969 1895 1997 iu-

1052 1997 1130 2027 dicio
1155 2001 1262 2028 mereri
1285 1999 1391 2035 fidem,
1429 2009 1461 2030 vt
1488 2011 1523 2031 ex
1545 2001 1603 2032 illis
1623 2013 1700 2035 certa
1725 2018 1896 2046 argumenta

1053 2041 1262 2079 chronologica
1282 2042 1348 2072 duci
1367 2044 1480 2083 possint.
1528 2047 1571 2075 Sic
1587 2049 1772 2082 Anacharfidi
1791 2055 1894 2086 inuen-

1054 2092 1113 2115 tam
1135 2085 1219 2123 figuli
1241 2093 1336 2115 rotam
1358 2087 1491 2117 tribuunt
1513 2090 1702 2130 Pofidonius,
1727 2097 1895 2137 Euphorus,

1053 2128 1182 2165 Plinius,
1205 2137 1237 2158 vt
1256 2130 1364 2159 Laertii
1388 2138 1415 2159 ct
1436 2132 1540 2162 Suidac
1560 2136 1724 2167 testimonia
1750 2143 1894 2173 omittam.

1051 2174 1139 2212 Atqui
1159 2171 1257 2210 τροχόν
1282 2171 1412 2210 κεράμεως
1440 2174 1545 2206 diserte
1573 2189 1718 2210 memorat
1746 2185 1894 2216 Homerus

1048 2215 1133 2245 Iliad.
1147 2213 1178 2244 α’,
1193 2220 1264 2244 ὅῡο,
1311 2216 1391 2253 Qud
1406 2219 1523 2259 itaque?
1546 2231 1615 2252 num
1630 2225 1778 2256 Homerus
1795 2230 1895 2260 iunior

1047 2259 1257 2288 Anacharlide3
1285 2261 1342 2288 Aut
1357 2271 1427 2289 num
1451 2263 1614 2295 audiendus
1636 2267 1817 2309 Posidonius,
1841 2277 1892 2314 qui

1046 2301 1183 2332 malebat
1199 2300 1305 2342 versus
1320 2305 1348 2332 in
1366 2306 1489 2335 Homeri
1505 2306 1588 2338 libris
1601 2309 1701 2352 salsos
1717 2312 1780 2355 (ffb,
1799 2326 1893 2357 quam

1648 2356 1797 2388 Neutrum
1820 2370 1892 2401 puto

1047 2387 1216 2423 verisimile,
1241 2388 1288 2418 sed
1314 2393 1413 2430 potius
1433 2394 1571 2425 assentior
1592 2398 1728 2430 Straboni
1754 2411 1782 2432 et
1805 2405 1890 2434 Sene<

1048 2442 1107 2468 cae,
1130 2434 1180 2472 qui
1199 2431 1314 2469 figliuac
1329 2442 1410 2464 rotae
1427 2435 1508 2467 vsum
1524 2440 1638 2480 pridem
1655 2451 1720 2474 ante
1731 2447 1890 2479 Anarchar-

1048 2475 1088 2505 {in
1106 2476 1276 2506 hominibus
1293 2478 1450 2510 innotuisse
1471 2484 1681 2516 existimarunt.
