2183 2747
369 143 583 181 MvsAEvs
635 141 952 181 ΛἹἪΕΝιεΝειε.
1124 142 1198 180 Lib.
1216 145 1249 181 1.
1274 155 1300 182 c.
1316 144 1432 182 XVI.
1729 158 1786 193 ις,

24 243 135 284 tudine
153 252 184 279 et
200 238 407 291 simplicitate
421 269 431 283 ,
459 255 475 276 a
498 243 574 276 viris
602 238 799 290 quibusdam
820 237 925 276 doctis
948 236 1010 276 esse
1031 236 1205 290 separatim
1229 240 1416 291 expositum
1433 240 1694 292 illustratumque
1717 245 1785 279 iam

7 296 174 338 ,vidimus
251 296 330 330 Huc
358 307 492 344 quoque
523 296 688 342 pertinent
720 294 770 328 Io.
800 292 962 328 Benediffi
990 292 1196 339 Carpzouii,
1252 297 1319 330 iam
1351 294 1523 343 aliquoties
1561 294 1682 331 laudati
1718 297 1785 332 Ob-

20 341 247 388 seruationum
301 345 588 396 philologicarum
640 348 672 381 in
726 344 962 395 Palaepliatum
1013 344 1210 382 Periculum.
1289 345 1461 383 Accedunt
1508 346 1590 383 aliae
1637 347 1783 384 animad-

19 400 188 440 uersiones
217 402 251 435 in
277 398 440 435 nonnulla
464 398 594 446 11111Ιῖκὶ
614 410 644 434 et
674 397 811 434 Achillis
833 399 925 434 Tatii
954 397 1040 434 loca.
1082 397 1206 448 Lipsiae
1238 411 1324 443 1743.
1341 406 1372 441 8.
1440 401 1549 436 Βοᾶε
1579 400 1784 450 vbertimque

21 455 163 505 explicat
179 451 342 503 quaedam
362 452 454 494 loca,
478 448 668 487 discellione
687 465 703 486 a
723 453 952 497 Kromayero,
979 453 1149 494 Roeuero,
1165 451 1417 502 Schraderoque
1438 451 1604 488 interdum
1623 450 1718 489 facia.
1733 473 1785 481 -—

20 508 130 546 Nicol.
157 506 317 542 Mahudel
335 505 521 554 Rgflexions
543 506 691 551 critiqucs
706 503 773 552 sur
794 505 816 538 l’
832 504 960 551 histoire
982 505 1020 539 de
1037 505 1130 540 Hero
1153 512 1183 540 et
1208 505 1365 548 Leander,
1394 508 1427 541 in
1447 505 1558 542 histor.
1579 505 1669 542 acad.
1688 502 1784 541 Paris.

18 557 168 610 Inscript.
185 569 270 595 tom.
289 560 346 593 IV.
370 569 474 607 p.n5.
498 556 573 593 edit.
598 556 781 593 Amstelod.
802 567 833 592 et
858 569 933 608 pag.
957 564 1032 601 382.
1062 554 1243 594 secundum
1267 555 1460 594 theotiscam
1482 556 1713 594 Gottschediae
1737 560 1785 593 in-

19 614 302 663 tei-pretationem.
357 610 533 646 Nauzeum
558 612 614 656 (in
631 609 707 645 th.
727 611 763 644 X.
784 611 933 645 Memor.
957 607 1103 646 eiusdem
1126 609 1335 655 academiae)
1359 609 1522 653 refutans,
1549 611 1719 647 historiam
1743 609 1784 647 de

20 667 162 702 Herone
180 674 211 699 et
232 660 384 699 Leandro
411 663 596 699 fictionibus
618 659 799 711 fabulisque
826 660 954 698 absonis
975 661 1188 706 adnumerat,
1235 662 1318 699 duce
1339 664 1499 700 Strabone
1520 664 1637 701 lib.111.
1659 663 1700 700 de
1721 662 1784 699 situ

19 717 99 755 Sesti
113 728 145 754 et
159 714 287 762 Abydi,
313 718 564 765 nauigationem
584 715 653 751 fieri
676 711 834 764 potuiffe,
859 726 976 764 negat,
1002 726 1033 751 ct
1048 713 1246 760 Musaeum,
1273 719 1364 752 cuius
1383 728 1522 753 aetatem
1538 730 1615 753 cum
1632 716 1782 764 Maijfiza-

19 781 72 807 no
92 773 126 806 in
142 772 283 806 Canone
305 770 434 804 Chron.
459 765 539 803 saec.
557 769 629 802 XV.
655 764 784 803 saeculo
806 770 860 802 lv.
885 768 957 817 post
981 768 1152 805 Christum
1175 780 1291 806 natum
1313 768 1460 820 adfigunt
1476 799 1486 814 ,
1525 773 1659 820 ingenio
1683 770 1783 805 abun-

18 820 108 860 daffe
130 818 339 872 argutiusque
361 823 619 870 intemperanter
645 832 801 856 venatum
817 817 879 856 csse
894 819 1073 856 contendit.

56 924 200 957 rafiam.
236 911 524 958 Interpretationes
539 906 681 957 denique
703 910 814 958 paucis
838 905 1084 958 persequemur.
1139 908 1269 952 Plures,
1302 906 1419 960 easque
1439 909 1574 953 latinas,
1602 913 1668 945 iam
1691 908 1783 945 adtu-

257 960 368 996 limus.
424 961 549 1010 Qibus
573 959 706 1010 adiungi
735 957 884 1009 polsunt:
915 960 1015 996 latina
1038 975 1096 1011 per
1122 961 1164 997 V
1160 964 1300 997 caninium
1323 965 1438 998 Vicen.
1462 965 1549 1007 1634.
1569 971 1600 1006 Β.
1634 983 1677 989 -
1719 963 1784 996 Fa-

20 1014 64 1049 bii
84 1012 244 1054 Paulini,
282 1011 464 1055 Vtinenlis,
517 1015 691 1048 metricam
714 1012 827 1048 laudat
850 1010 946 1062 Casp.
976 1015 1124 1050 Barthius
1144 1013 1198 1049 lib.
1219 1026 1265 1060 52.
1297 1013 1433 1050 Aduers.
1461 1029 1532 1065 cap.
1548 1027 1578 1060 7.
1612 1015 1663 1050 Io.
1687 1014 1782 1049 Frid.

18 1064 155 1112 Stapelii
195 1064 332 1100 latinam
373 1064 597 1114 metaphrasin
651 1067 767 1111 (lenae
790 1067 873 1111 1655.
899 1067 946 1110 4)
994 1080 1013 1101 3
1058 1064 1309 1102 ἉἿιίῐῖοῑάἰ3113
1354 1070 1549 1117 proximum
1594 1065 1683 1104 forte
1735 1066 1784 1102 lo·

18 1130 98 1154 cum
143 1120 284 1160 mereri,
341 1116 462 1152 iudicat
499 1118 726 1162 Kromayerus
759 1114 827 1152 diss.
852 1130 928 1166 pag.
957 1130 1002 1162 14.
1033 1139 1084 1146 -
1136 1121 1295 1155 Carmine
1321 1119 1425 1156 latino
1461 1118 1610 1170 expreffit
1637 1120 1674 1156 C.
1700 1119 1784 1155 Bla-

18 1170 55 1206 ke
91 1167 232 1206 Londini
249 1172 342 1216 1694.
372 1189 422 1196 -
476 1168 628 1217 Anglicis
650 1168 792 1205 versibus
839 1168 1052 1206 reddiderunt
1093 1172 1138 1209 G.
1180 1172 1209 1208 C
1209 1172 1365 1218 liapman,
1398 1173 1538 1209 Londin.
1560 1175 1655 1209 1606.
1678 1179 1708 1213 8.
1750 1181 1782 1207 et

18 1222 102 1258 Rob.
123 1221 308 1268 stapleton,
333 1224 445 1258 Oxon.
466 1223 554 1268 1654.
571 1233 601 1265 4.
638 1222 680 1258 L.
698 1221 837 1270 Eusden.
858 1235 888 1257 v.
913 1223 1073 1270 Drydens
1099 1221 1299 1270 Miscellany
1323 1227 1464 1268 Poems,
1481 1224 1621 1261 Londin.
1647 1226 1731 1269 1716.
1750 1230 1783 1265 8.

16 1284 100 1324 part.
118 1275 173 1309 VI.
192 1288 222 1323 p.
238 1277 313 1311 266.
344 1288 382 1310 ac
403 1274 550 1322 Sterling
576 1277 673 1320 (cum
695 1273 844 1310 versione
865 1277 1082 1311 Anacreontis
1105 1276 1234 1326 anglica
1257 1279 1344 1323 1759.
1367 1277 1455 1327 apud
1480 1278 1654 1314 Hmwood
1677 1291 1709 1327 p.
1725 1279 1781 1320 64.

17 1325 211 1362 Ueberficht
231 1324 479 1363 verschiedener
493 1328 670 1375 Ausgaben
687 1325 747 1362 der
761 1328 887 1376 griech.
904 1326 973 1363 und
991 1325 1145 1364 romisch.
1163 1327 1340 1364 Classicker
1355 1332 1431 1375 etc.)
1449 1351 1500 1357 —
1526 1330 1678 1378 Boscam',
1702 1343 1783 1378 poe·

15 1388 68 1414 tae
82 1376 225 1429 hispani,
253 1383 344 1416 cuius
361 1393 463 1430 opera
486 1379 683 1430 prodierunt
702 1383 916 1430 Antw'erpiae
935 1393 1022 1427 1579.
1042 1394 1083 1417 12.
1099 1392 1130 1417 et
1145 1382 1284 1417 Gabriel
1298 1382 1484 1430 Boccangel
1494 1395 1517 1430 y
1538 1382 1579 1417 V
1575 1389 1693 1429 ngueta
1711 1396 1785 1417 non

14 1441 84 1467 tam
101 1430 264 1468 versiones
282 1430 464 1482 hispanicas
482 1446 584 1483 quam
606 1430 826 1482 metaphrases
842 1430 917 1475 esse,
938 1436 983 1469 ait
1001 1435 1174 1469 Harmood
1194 1433 1272 1470 loco
1294 1447 1397 1470 mem.
1431 1455 1482 1462 —
1537 1435 1663 1471 Gallice
1685 1437 1782 1470 vertit

14 1484 214 1519 Moutonnet
235 1485 274 1521 de
292 1486 480 1533 Claivfons,
513 1482 608 1521 Paris.
638 1497 731 1530 1774.
751 1499 814 1521 rec.
839 1498 934 1532 1779.
964 1505 1015 1512 —
1070 1486 1195 1522 Italicas
1217 1485 1380 1523 verfiones
1405 1489 1463 1522 has
1486 1486 1658 1523 enumerat
1681 1498 1712 1522 et
1733 1500 1782 1522 re-

15 1533 123 1572 censet
148 1538 212 1572 lac.
237 1539 351 1572 Maria
379 1539 514 1573 Paitom'
535 1548 617 1573 tom.
636 1540 675 1573 11.
699 1551 774 1588 pag.
791 1550 856 1583 252.
874 1535 940 1587 sqq.
963 1541 1136 1573 metricam
1159 1540 1357 1574 Bai-nardini
1376 1540 1497 1582 Baldi,
1535 1541 1711 1582 Vrbinatis,
1738 1542 1781 1582 {in

14 1591 82 1633 eius
100 1589 262 1638 Operibus
281 1593 417 1639 poeticis
432 1604 469 1625 ac
484 1587 658 1639 prosaicis,
687 1590 793 1626 italica
811 1590 926 1639 lingua
947 1587 1088 1640 scriptis,
1117 1593 1232 1626 Venet.
1260 1603 1349 1636 1590.
1369 1603 1399 1636 4.
1424 1605 1498 1642 pag.
1515 1605 1582 1639 591.
1610 1612 1661 1619 -
1714 1592 1781 1626 Pe-

13 1643 62 1677 tri
87 1642 249 1677 Gabi-iem·
274 1645 447 1678 metricam
470 1645 586 1678 Vener.
613 1655 704 1689 1709.
729 1655 751 1687 4
777 1662 830 1670 -—-
883 1640 1029 1683 Msoou'g
1054 1641 1104 1682 τοὶ
1128 1640 1330 1694 καθ”Ἠρω
1352 1640 1411 1691 Καὶ
1442 1641 1622 1696 Λεάνὸρε,
1663 1644 1780 1689 (cioe')

13 1696 247 1730 Avvenimenti
268 1705 315 1730 tra
340 1697 452 1732 Erone
474 1709 491 1731 e
515 1693 690 1738 Leandro,
729 1708 851 1744 poema
873 1697 982 1731 Greco
1010 1695 1042 1731 di
1068 1694 1209 1732 Musaeo
1236 1708 1346 1732 rec-ato
1367 1699 1401 1731 in
1418 1697 1498 1732 verli
1523 1697 1648 1732 Italiani
1673 1693 1779 1731 sciolti

13 1744 56 1782 da
71 1748 110 1782 G.
128 1748 162 1782 B.
180 1749 220 1783 C.
242 1748 360 1792 (loun.
382 1747 535 1796 Baptista
553 1747 752 1796 Casaregi),
776 1750 809 1782 in
829 1749 1064 1793 Firen7e1750.
1085 1761 1116 1793 4.
1144 1768 1195 1776 -
1246 1750 1409 1784 D’Erone
1429 1762 1448 1784 e
1471 1748 1503 1784 di
1527 1747 1678 1786 Leandro
1699 1762 1779 1797 poe-

13 1811 70 1835 ma
89 1812 191 1848 greco
218 1798 250 1834 di
275 1797 395 1836 Museo
417 1798 563 1836 tradotto
586 1802 620 1835 in
651 1797 744 1836 verso
772 1797 907 1837 toscano
933 1799 974 1836 da
1002 1801 1151 1837 Cidalmo
1177 1800 1260 1837 Orio
1278 1829 1290 1848 ‚
1335 1801 1465 1837 Pastore
1490 1800 1636 1843 Arcade,
1679 1802 1731 1846 (h.
1748 1814 1777 1836 e.

13 1851 187 1899 Francisco
207 1851 405 1897 Catelnn0‚)
432 1866 510 1888 cum
533 1855 742 1889 Anacreonte
764 1853 870 1888 italice
892 1849 996 1888 verso.
1023 1874 1074 1881 —
1128 1853 1154 1888 Il
1173 1855 1283 1888 Canto
1305 1852 1338 1888 di
1354 1851 1495 1890 Musaeo
1517 1852 1612 1905 sopra
1631 1855 1743 1889 Erone
1759 1866 1780 1888 c

12 1901 184 1946 Leandro,
209 1917 227 1938 a
247 1904 467 1939 Mari-aurelio
492 1906 661 1946 Soranzo,
689 1918 767 1940 cum
791 1904 903 1940 Ouidii
927 1904 1148 1948 Heroidibus,
1176 1908 1291 1941 Venet.
1312 1918 1393 1950 1757.
1413 1913 1444 1948 8.
1475 1927 1524 1934 -
1578 1908 1779 1942 Germanice

12 1951 138 2005 saepius
164 1953 293 1991 versum
309 1955 353 1991 est
377 1955 408 1992 id
433 1970 587 1992 carmen:
618 1957 660 1992 V
657 1957 838 2004 erdeutscbe
854 1958 1140 2005 Liehesgfschiclite
1155 1970 1218 1992 von
1234 1959 1393 2005 Leander,
1409 1959 1511 1994 durth
1530 1959 1572 1995 G.
1599 1958 1654 1996 W
1671 1959 1778 2001 Sacer,

13 2010 66 2054 (v.
88 2008 297 2044 Schummels
313 2006 524 2045 Uebersetzer
543 2008 738 2045 Bibliothek.
755 2011 866 2059 p.14.)
894 2009 1034 2045 versibus
1052 2024 1069 2044 a
1089 2009 1273 2056 Christiano
1287 2011 1548 2049 Alastorandro.
1577 2013 1624 2057 (h.
1637 2025 1663 2046 e.
1682 2010 1777 2045 Hah-

11 2062 160 2105 meinaim)
183 2059 307 2110 Lipliae
326 2064 410 2106 1633.
435 2075 467 2106 4.
494 2076 522 2096 v.
548 2061 747 2110 Neumeg‘ster
768 2060 809 2097 de
833 2065 938 2111 poetis
954 2075 1059 2110 germ.
1077 2077 1108 2111 p.
1128 2075 1157 2106 7.
1179 2076 1195 2096 a
1217 2061 1257 2097 cl.
1283 2062 1393 2099 Grillo
1410 2063 1776 2107 Halberssadt1771.12.

12 2112 53 2148 ab
71 2112 244 2160 Sclzlqffero
260 2111 466 2149 Francofurti
482 2113 522 2150 ad
539 2116 707 2149 Moenum
732 2126 816 2158 ¹77¹·
837 2121 868 2155 8.
890 2128 907 2149 a
930 2115 1079 2149 Kiitnern
1100 2117 1238 2150 Mietau.
1257 2127 1342 2159 ¹773·
1361 2129 1423 2151 rec.
1447 2127 1546 2166 atque
1557 2114 1777 2158 emendatius,

12 2179 92 2201 cum
114 2165 182 2200 aliis
204 2168 328 2213 graecis
353 2169 458 2215 poetis
474 2195 485 2209 ,
523 2165 718 2214 Altenburg.
738 2172 826 2210 ¹784-
851 2174 880 2208 8.
903 2181 920 2201 a
942 2167 982 2201 L.
998 2168 1029 2201 S.
1050 2165 1094 2202 G.
1109 2167 1268 2214 Sprmgel
1287 2170 1320 2202 in
1352 2168 1526 2204 Reichardi
1554 2168 1776 2210 collectione,

12 2217 92 2255 Olla
108 2216 251 2259 Potrida,
277 2229 358 2267 part.
379 2229 400 2253 1.
418 2225 507 2264 1784.
521 2225 551 2260 8.
564 2215 732 2268 superatur
748 2229 858 2253 tamen
869 2246 879 2262 ,
906 2221 1023 2254 criticis
1037 2215 1231 2267 quibusdam
1247 2219 1424 2264 iudicibus,
1450 2235 1468 2256 a
1486 2221 1609 2257 Comite
1624 2220 1662 2254 dc
1677 2220 1774 2254 Stoll-

10 2273 108 2316 berg,
131 2273 222 2305 cuius
246 2269 350 2305 versio
374 2269 488 2320 paullo
511 2281 605 2306 antea
628 2270 739 2306 lucem
763 2268 972 2320 adspexerat3
1001 2284 1161 2319 magnam
1184 2282 1312 2320 partem
1339 2287 1356 2307 a
1383 2274 1525 2315 Federo,
1548 2276 1595 2318 (in
1611 2269 1771 2322 praesenti

10 2319 215 2373 philosopho
238 2322 496 2372 Goettingensi,)
511 2325 564 2358 in:
604 2324 714 2359 Neuer
730 2323 898 2358 Sammler
921 2337 999 2358 zum
1025 2325 1230 2371 Vergnt'igen
1251 2323 1318 2360 und
1335 2327 1464 2360 Numen
1486 2324 1544 2361 der
1560 2322 1771 2366 Deutschen,

10 2374 186 2423 Erlangae,
201 2374 267 2410 vol.
285 2378 306 2410 1.
323 2388 398 2424 pag.
409 2387 476 2421 245.
495 2373 538 2425 sq.
554 2377 649 2419 1766.
665 2383 697 2416 8.
725 2374 866 2424 denique
877 2377 916 2410 ab
928 2375 1110 2423 Alxingero
1129 2377 1240 2419 (Hero
1255 2377 1323 2412 und
1341 2377 1499 2420 Leander,
1522 2392 1577 2412 aus
1594 2377 1671 2412 dem
1692 2379 1769 2411 Mu-

9 2425 117 2469 saeus,
143 2440 211 2462 von
233 2428 262 2465 I.
280 2441 311 2465 ι’,
326 2428 510 2475 Ainngn,
538 2430 585 2462 im
598 2425 756 2463 Deutsch.
772 2425 943 2469 Musenm,
965 2434 1055 2473 1785.
1071 2429 1111 2463 X.
1126 2442 1159 2478 p.
1169 2436 1244 2474 289.
1260 2427 1310 2474 ss.)
1339 2450 1389 2457 —
1420 2430 1512 2464 Hero
1537 2431 1604 2464 und
1619 2430 1771 2465 Leander

8 2481 158 2527 (auclore
176 2478 464 2527 Mangelsdorfio)
485 2477 568 2531 Lips.
579 2492 671 2526 1770.
688 2487 718 2523 8.
734 2493 871 2531 poema,
897 2492 975 2516 cum
990 2477 1131 2518 Musaeo
1150 2493 1280 2532 praeter
1300 2481 1436 2519 titulum
1456 2482 1539 2519 nihil
1560 2483 1657 2519 habet
1675 2494 1770 2516 com-

9 2545 122 2570 mune.
145 2531 273 2578 Ham]
1042 2533 1075 2572 R
1101 2544 1120 2577 3
1652 2535 1683 2569 C
1692 2534 1765 2570 ΛΡ.
