2183 2747
183 261 312 310 primo
338 259 514 297 homines
539 257 717 309 produCti
740 254 844 303 sunt,
874 260 942 307 qui
966 257 1218 296 fundamenta
1241 260 1345 310 quasi
1373 261 1584 300 litterarum
1606 263 1794 311 iecerunt,
1822 273 1858 303 et
1883 266 1932 304 se-

183 322 290 357 mina
306 321 432 357 omnis
452 321 642 356 humanae
665 319 840 355 scientiae
866 331 930 368 ser
954 319 1089 355 orbem
1109 327 1200 356 tunc
1219 322 1419 369 cognitum
1440 322 1670 373 spai·lei·t1nt‚
1699 334 1764 362 aut
1788 328 1932 375 princi-

182 392 247 429 pes
273 388 310 417 et
334 378 459 417 fontes
487 381 677 416 humanae
704 379 903 427 sapientiae
928 388 1042 427 atque
1067 379 1323 417 benefactores
1350 381 1511 419 humani
1528 387 1674 432 generis
1699 386 1934 435 exstiterunt,

183 449 251 476 aut
269 439 389 477 facem
407 441 552 477 lumine
577 440 722 488 ingenii
738 439 790 474 l'ui
809 440 1072 488 praetulerunt
1091 439 1161 476 suis
1188 440 1339 478 ciuibus
1358 451 1472 491 atque
1491 444 1720 493 posteritati,
1752 455 1818 483 aut
1835 460 1935 495 quo-

183 512 274 536 rum
291 499 366 538 fata
388 510 502 549 atque
521 501 725 549 opiniones
746 500 850 535 viros
867 500 1002 535 doctos
1021 500 1060 534 in
1083 500 1248 538 diuersas
1269 510 1472 554 traxerunt
1497 504 1709 544 sententias.
1771 507 1934 545 Illorum

144 556 152 562 ⁸
183 561 299 609 igitur
315 561 454 597 notitia
472 561 627 597 vberior
645 559 693 595 ad
713 559 906 595 historiam
923 567 957 594 ct
974 560 1240 608 cognitionem
1264 561 1426 599 humani
1446 564 1610 613 ingenii,
1642 566 1934 616 litterarumque

182 629 220 656 et
242 621 446 657 ciuitatum
472 621 696 656 interiorem
721 620 886 655 omnino
910 619 1114 655 neceiiaria
1137 620 1195 656 est.
1263 622 1387 669 Hinc,
1413 624 1648 672 amplissimis
1672 626 1869 677 spicilegiis
1897 637 1934 664 et

182 691 278 717 vero
302 680 499 729 segetibus,
521 680 603 729 post
621 679 789 715 Fabricii
813 681 982 728 operam,
1011 679 1233 728 colligendis
1260 681 1584 733 ordinandisque,
1613 688 1761 733 euenit,
1791 696 1835 723 vt
1855 696 1934 724 tam

179 739 308 789 largae
324 739 551 777 accessiones
574 739 623 776 ad
639 740 765 787 capita
781 739 826 775 de
843 740 1037 788 Homero,
1070 739 1261 789 Hesiodo,
1292 742 1517 792 Pythagora
1533 746 1690 794 eiusque
1713 747 1855 796 schola,
1887 746 1933 784 de

179 800 518 849 legumlatoribus,
550 799 596 836 de
618 799 769 847 tragicis
795 799 917 847 poetis
942 799 1203 848 principibus,
1235 800 1282 837 de
1303 802 1544 852 philosophis
1573 807 1735 854 graecis,
1765 807 1812 843 de
1837 808 1934 858 Hip-

178 869 337 910 pocrate
369 861 529 908 aliisque
562 857 775 896 celebribus
809 859 976 906 antiquis
1001 860 1227 897 nominibus
1252 859 1406 910 fierent,
1444 872 1482 900 et
1505 876 1554 901 ex
1583 878 1665 902 vno
1696 867 1932 904 Fabriciano

179 919 384 956 volumine
405 920 485 956 duo
502 919 605 968 quasi
622 918 829 956 necessario
848 918 1122 956 enascerentur.
1182 918 1247 956 De
1263 921 1310 959 iis
1327 924 1528 971 praeclaris
1554 925 1802 975 hominibus,
1833 940 1932 977 quo-

180 992 270 1017 rum
285 979 439 1029 scripta,
465 979 513 1016 ab
532 980 674 1016 iniuria
701 979 884 1028 temporis
912 978 1078 1026 seruata,
1109 979 1158 1015 ad
1182 981 1348 1017 nostram
1365 993 1625 1032 peruenerunt
1646 994 1828 1035 aetatem,
1861 988 1933 1025 ho-

181 1051 347 1088 rumque
380 1039 464 1076 fatis
498 1047 613 1087 atque
642 1039 897 1087 editionibus,
936 1046 981 1074 vt
1013 1039 1124 1088 plura
1151 1039 1269 1076 verba
1294 1040 1478 1091 facerem,
1518 1044 1736 1082 institutum
1766 1055 1803 1083 et
1831 1048 1933 1084 ratio

180 1100 225 1136 B.
243 1099 293 1136 G.
309 1100 509 1150 poscebat;
540 1110 610 1136 nec
626 1099 686 1148 id,
716 1098 852 1145 credo,
882 1099 988 1148 apud
1003 1099 1176 1135 eruditos
1194 1100 1309 1149 longa
1325 1102 1447 1150 egebit
1461 1104 1718 1144 excusatione.
1776 1106 1934 1144 Tamen

181 1158 325 1206 fateor,
356 1171 416 1196 me
433 1159 550 1196 ferme
566 1159 762 1209 poenitere
780 1167 815 1195 et
833 1159 1002 1200 consilii,
1033 1158 1141 1211 quod
1161 1163 1495 1199 enumerationem
1516 1165 1699 1202 codicum
1720 1174 1933 1206 msstorum

182 1218 362 1268 promiti,
395 1227 430 1255 et
450 1220 655 1268 temporis,
687 1218 795 1267 quod
815 1220 854 1255 in
871 1219 935 1255 illa
952 1219 1220 1267 conquirenda
1236 1221 1347 1269 triui‚
1380 1230 1416 1259 et
1433 1223 1580 1273 nescio,
1613 1237 1661 1260 an
1686 1226 1932 1274 perdiderim.

181 1279 282 1315 Nam
305 1279 477 1328 primum
502 1279 716 1316 admodum
741 1279 874 1328 paucis
899 1279 988 1315 licet
1011 1278 1116 1316 adire
1135 1280 1385 1318 Corinthum.
1445 1282 1557 1319 Tum
1574 1285 1754 1334 catalogis
1773 1286 1934 1334 quibus-

179 1338 272 1374 dam
290 1338 342 1375 ob
360 1340 555 1376 raritatem
571 1347 638 1375 aut
655 1339 855 1376 caritatem
873 1350 982 1388 aegre
999 1340 1116 1375 carui.
1178 1339 1363 1389 Denique
1380 1343 1579 1380 nonnullis
1606 1357 1744 1393 parum
1769 1345 1859 1382 fidei
1883 1346 1934 1383 est

181 1397 418 1435 habendum.
459 1397 522 1436 Sic
538 1397 586 1436 ab
604 1399 762 1436 eruditis
778 1400 871 1436 viris
895 1411 963 1448 per
985 1399 1127 1435 litteras
1145 1399 1194 1435 est
1212 1401 1309 1436 mihi
1332 1403 1567 1451 nuntiatum,
1600 1404 1936 1445 Montfauconum

179 1458 221 1493 in
239 1458 483 1495 Bibliotheca
499 1459 823 1496 bibliothecarum
848 1457 960 1496 MSS.
986 1460 1028 1495 in
1050 1460 1115 1508 iis,
1146 1472 1245 1507 quae
1271 1461 1429 1508 quidem
1452 1463 1515 1499 ille
1541 1463 1587 1500 de
1605 1464 1717 1501 codd.
1736 1466 1775 1501 in
1793 1466 1934 1502 biblio-

179 1517 299 1554 thecis
318 1515 451 1555 italicis
467 1518 673 1556 latentibus
687 1519 838 1568 retulit,
867 1519 1006 1556 ducem
1023 1519 1096 1555 effe
1115 1520 1228 1556 valde
1247 1521 1459 1570 incertum,
1486 1531 1524 1559 et
1546 1525 1766 1573 catalogum
1790 1534 1931 1562 mssto-

179 1589 269 1614 rum
291 1579 329 1614 in
353 1578 588 1616 bibliotheca
612 1579 715 1628 regia
741 1578 936 1615 Parisiensi
961 1579 1203 1616 seruatorum
1228 1580 1299 1616 effe
1324 1588 1531 1630 mancum,
1571 1583 1749 1632 sterilem,
1790 1597 1860 1622 nec
1882 1586 1931 1623 ab

179 1637 374 1674 erroribus
393 1639 620 1675 immunem.
682 1638 783 1687 Alii,
808 1647 854 1676 vt
875 1639 1041 1688 catalogi
1069 1639 1392 1677 bibliothecarum
1416 1642 1705 1691 Breslauiensis,
1736 1644 1934 1681 Britanni-

179 1708 314 1733 carum
345 1698 583 1746 aliarumque
614 1698 702 1735 sunt
732 1699 850 1746 nudi,
881 1711 952 1735 nec
978 1700 1052 1735 tuti
1075 1699 1257 1748 plenique
1291 1701 1483 1737 librorum
1510 1702 1742 1751 scriptorum
1775 1705 1932 1742 indices.

181 1755 466 1793 Bibliothecam
483 1758 756 1794 Monacensem
773 1759 815 1795 in
833 1760 1009 1801 Ratiaria,
1033 1759 1123 1801 scio,
1145 1761 1272 1809 plures
1290 1762 1486 1798 continere
1502 1762 1616 1799 codd.
1637 1772 1787 1805 nissum,
1814 1777 1933 1813 quam

183 1813 224 1850 in
248 1815 442 1862 catalogo,
473 1817 621 1864 alioqui
643 1818 850 1860 rariffimo‚
884 1827 1172 1856 enumerantur.
1233 1820 1342 1870 Quot
1367 1821 1517 1858 codices
1544 1821 1663 1858 desint
1688 1825 1727 1858 in
1754 1824 1932 1872 catalogo

183 1881 406 1915 msstorum,
429 1875 469 1909 in
486 1870 721 1912 bibliotheca
739 1878 891 1914 Veneta
906 1877 958 1914 D.
976 1879 1103 1915 Marci
1119 1879 1375 1922 seruatorum,
1408 1889 1444 1917 et
1464 1881 1626 1918 ostendit
1648 1882 1714 1920 cel.
1732 1878 1934 1938 Villoisblb

183 1933 225 1968 in
253 1933 370 1969 altera
392 1933 691 1971 Anecdotorum
716 1948 943 1984 graecorum
966 1947 1093 1986 parte,
1123 1947 1158 1975 et
1176 1940 1350 1988 pluribus
1375 1939 1651 1978 demonstrabit
1666 1943 1844 1979 venerab.
1862 1945 1935 1979 mi-

183 1992 301 2040 hique
324 1992 570 2029 amictsfimus
595 1990 802 2032 Morellus
830 1996 870 2032 in
898 2008 1033 2045 opere,
1065 1999 1174 2046 quod
1199 1999 1246 2035 de
1273 2000 1345 2035 illis
1370 2001 1562 2049 promisit,
1597 2009 1632 2037 et
1650 2002 1691 2037 in
1715 2015 1794 2050 quo
1811 2002 1934 2039 confi-

185 2051 325 2089 ciendo
348 2053 426 2089 iam
449 2064 472 2089 a
495 2053 671 2102 plurIbus
695 2055 804 2091 annis
822 2055 1024 2105 diligenter
1042 2058 1224 2095 versatur.
1286 2057 1567 2108 Sylburgianus
1586 2061 1777 2098 librorum
1794 2070 1935 2100 mssto-

184 2123 290 2153 rum,
327 2113 395 2161 qui
420 2113 516 2149 olim
542 2114 583 2148 in
610 2113 841 2150 bibliotheca
865 2116 1170 2166 Heidelbergensi
1198 2118 1371 2161 fuerunt,
1413 2120 1607 2169 catalogus
1644 2121 1760 2158 hodie
1794 2135 1935 2171 parum

185 2172 358 2220 prodest,
389 2173 479 2220 quia
505 2181 541 2208 et
565 2173 677 2208 multi
700 2173 851 2210 codices
875 2176 982 2211 mssti
1005 2177 1047 2212 in
1073 2176 1289 2226 direptione
1304 2178 1410 2215 vrbis
1436 2180 1653 2229 praedaque
1679 2181 1936 2220 bibliothecae

186 2230 432 2279 ampliffimae
451 2232 624 2280 discerpti
643 2233 862 2283 perierunt,
894 2242 931 2271 et
945 2236 970 2270 ii
983 2262 992 2275 ‚
1029 2237 1096 2283 qui
1116 2238 1155 2272 in
1173 2237 1446 2274 bibliothecam
1465 2239 1698 2277 Vaticanam
1716 2242 1811 2278 illati
1834 2242 1934 2289 sunt,

187 2289 303 2327 hodie
318 2291 380 2327 vel
395 2292 550 2340 reliquis
570 2293 756 2333 immixti,
789 2292 851 2329 vel
866 2294 907 2330 in
923 2295 1001 2331 alio
1019 2295 1155 2332 ordine
1174 2296 1342 2344 locoque
1368 2297 1478 2346 positi
1502 2299 1706 2337 difficulter
1735 2303 1934 2351 reperiun-

190 2355 261 2386 tur.
322 2350 441 2400 Quod
467 2360 596 2388 tamen
624 2352 815 2389 Vaticana
841 2352 1073 2391 bibliotheca
1101 2355 1319 2392 thesaurum
1345 2369 1465 2406 paene
1496 2357 1712 2402 infinitum,
1753 2370 1850 2398 certe
1877 2364 1936 2399 in-

190 2416 338 2458 gentem
354 2411 535 2449 codicum
553 2419 766 2450 msstorum
784 2411 917 2456 offert,
947 2413 1167 2462 optandum
1195 2415 1262 2457 est,
1295 2423 1339 2453 vt
1363 2416 1411 2454 ab
1434 2418 1588 2456 erudito
1615 2420 1787 2469 quodam
1803 2423 1936 2470 reique

280 2485 296 2497 a
365 2512 368 2514 v
1050 2472 1074 2510 b
1108 2487 1126 2509 2
1812 2483 1939 2531 perit«)

1884 172 1976 197 XI'
