2183 2747
636 123 823 160 POETAE
863 124 1073 161 GNOMYCI.
1114 124 1277 162 SOLON.
1443 129 1515 165 Lib.
1530 131 1580 165 JJ.
1597 143 1620 166 c.
1636 144 1674 166 11.
1781 143 1841 177 737

89 217 177 258 tinet
186 229 335 266 centum,
358 216 434 256 sane
447 232 550 270 quam
567 219 701 256 venuste
718 217 865 269 scriptos,
892 220 935 256 est
951 220 1073 256 nobilis
1090 220 1145 256 issa
1160 220 1282 271 elegia,
1300 235 1424 271 quam,
1448 221 1603 260 insaniam
1622 225 1778 262 simulans
1791 227 1842 263 lo-

86 286 236 323 cumque
259 276 431 323 prae-conis
449 271 667 314 adscendens,
691 276 886 309 memoriter
910 275 1073 316 recitauit,
1109 276 1310 323 animosque
1337 278 1462 312 ciuium
1486 276 1526 312 ad
1546 277 1711 315 Salamina
1725 281 1843 329 Mega.

88 324 236 362 rensibus
253 325 456 374 eripiendam
474 325 705 361 inflaimnauir.
770 324 985 362 Athenienses
1011 326 1173 374 quidem,
1201 327 1417 377 posteaquam
1442 328 1635 366 diuturnum
1662 331 1786 367 bellum
1803 332 1844 369 de

89 378 158 420 illa,
182 380 291 415 Marte
310 380 438 427 iniquo,
464 376 636 427 gesserant,
661 376 744 414 adeo
761 389 890 427 ceperat
909 377 1038 414 consilii
1057 378 1213 424 taedium,
1240 391 1274 414 vt
1297 384 1343 423 ei,
1371 383 1428 430 qui
1456 381 1496 417 de
1522 382 1742 431 recuperanda
1759 384 1845 421 Sala-

87 434 181 468 mine
196 432 294 466 verba
307 428 426 467 faceret
443 431 493 467 vel
510 428 681 477 scriberet,
715 444 858 478 poenam
885 434 1116 467 minitarentur
1136 433 1319 481 capitalem.
1382 437 1425 469 Ar
1446 434 1553 470 Solon
1581 435 1637 471 illa
1668 447 1735 473 arte
1757 447 1788 472 et
1811 441 1843 474 vi

88 487 254 527 carminis,
282 485 386 529 (euius
407 486 538 519 initium
557 482 647 520 dedit
665 484 867 518 Plator-„tius
884 486 914 518 in
932 484 1059 520 Solone
1077 498 1110 533 p.
1128 485 1217 529 328.)
1244 488 1420 533 praecipue
1436 487 1664 535 magnitudine
1680 502 1842 538 quorum.

86 537 166 574 dam
181 534 346 577 versuum,
375 549 459 586 quos
476 537 645 583 Diogenes
662 537 818 571 Laertius
841 539 863 571 1.
882 533 956 573 sect.
975 549 1028 581 47.
1050 537 1176 580 adtulit,
1201 537 1327 574 adiutus
1344 539 1381 573 ab
1398 541 1527 583 amieis,
1555 539 1741 589 praesertim
1765 541 1839 578 Pisi.

86 590 199 633 strato,
225 591 312 625 ciues
336 599 402 625 tam
417 600 560 638 grauiter
575 591 722 624 incitauit
736 587 775 624 ad
792 592 873 624 iram
889 600 920 625 et
937 587 1099 637 furorem,
1129 601 1172 631 vt,
1200 589 1274 640 lege
1289 591 1342 627 illa
1361 591 1536 640 abrogata,
1563 607 1675 629 curam
1699 594 1773 630 belli
1795 604 1840 631 at·

86 656 150 692 que
167 643 345 691 imperium
362 656 379 677 a
395 643 518 677 ciuibus
536 641 690 676 traditum
707 644 868 690 acciperet
896 653 928 677 et
954 640 1092 678 insulam
1110 642 1273 692 redigeret
1287 641 1343 679 sub
1360 645 1554 692 potestatem
1571 646 1836 684 Atheniensium.

85 695 148 733 vid,
167 695 376 730 Plutarchum
396 706 426 729 et
444 695 635 744 Diogenem
655 696 822 729 Laertium
845 693 931 730 locc.
949 708 1093 731 memor.
1122 705 1154 730 et
1169 695 1206 730 ad
1228 695 1446 744 posteriorem
1463 709 1557 733 notas
1574 699 1725 746 Menagii
1740 713 1770 749 p.
1784 703 1837 737 26.

86 747 193 783 Solon
211 749 323 795 igitur,
351 760 419 795 quo
435 758 465 782 et
480 749 582 782 tutior
605 750 668 782 vita
696 749 764 782 eius
785 744 880 786 css'et,
911 756 941 782 et
957 747 1028 796 plus
1047 747 1218 796 aliquanto
1247 748 1441 797 reipublicae
1462 748 1645 799 prodcss'et,
1674 750 1783 788 furere
1805 750 1837 789 se

84 799 262 841 simulauit,
290 800 440 835 vtverbis
458 810 527 835 vtar
547 799 708 835 Ciceronis
731 798 771 834 de
795 798 921 834 Officiis
940 802 962 834 Ι.
982 813 1033 843 30.
1051 813 1096 835 12.
1161 799 1310 850 Hegias,
1341 799 1394 837 seu
1417 806 1506 847 ἔπη,
1545 803 1660 852 quibus
1683 804 1837 851 Philocy-

85 866 196 902 prum,
224 857 342 901 <quem
358 851 490 901 quidem
508 853 624 888 aucior
639 854 722 886 vitae
745 854 835 887 Arati
859 864 1027 900 nuncupat
1044 850 1281 904 Kong’x'voqoeQ
1315 864 1514 900 tyrannum,
1541 868 1646 905 quum
1666 859 1699 891 in
1717 860 1836 906 Cypro

83 903 273 946 versaretur,
298 907 382 940 mire
401 905 586 948 celebrauit,
612 915 805 940 memorant
826 905 1019 940 Herodorus
1034 907 1072 943 V,
1089 918 1144 949 ¹13·
1170 907 1222 940 vbi
1242 905 1304 945 vid,
1320 904 1506 958 XVess‘eling
1521 921 1552 956 p.
1567 921 1639 953 434.
1655 920 1686 945 et
1702 911 1835 946 Plator-

84 958 160 994 chus
178 960 211 992 in
228 956 354 992 Solone
371 971 400 1006 p.
416 970 488 1002 370.
505 959 558 1006 qni
576 954 683 993 versus
701 954 819 1000 adfert,
848 959 881 992 in
898 958 1016 1006 quibus
1030 958 1139 993 Solon
1155 961 1307 994 meminit
1331 958 1483 996 conditae
1507 961 1592 996 vrbis
1604 990 1613 1004 ,
1641 975 1724 1011 quae
1741 972 1836 998 antea

81 1009 166 1046 dicia
189 1007 294 1045 fuerat
310 1013 431 1058 Aepea,
459 1010 496 1046 ab
517 1009 600 1045 illius
617 1019 728 1045 autem
748 1013 889 1045 nomine
905 1010 982 1046 Soli.
1038 1010 1087 1046 Ad
1113 1010 1297 1054 ὑποθήκας
1314 1009 1473 1061 respicere
1495 1011 1644 1049 videntur
1665 1028 1719 1056 ea⁷
1749 1028 1833 1064 quae

81 1065 249 1099 Fabricius
265 1075 306 1097 ex
326 1059 454 1099 scholiis
472 1065 570 1100 MSS.
592 1061 632 1098 ad
648 1059 793 1107 Dionys.
809 1063 980 1098 Thracem
1000 1075 1031 1111 p.
1053 1076 1108 1110 99.
1123 1063 1196 1100 cod.
1214 1064 1366 1100 Holsten.
1385 1077 1462 1100 orae
1484 1062 1530 1099 sui
1549 1067 1693 1115 exempli
1716 1065 1832 1102 adscri-

81 1114 160 1166 psit.-
189 1113 372 1151 scholiastes
395 1127 502 1164 quum
527 1112 681 1152 laudasset
702 1112 816 1159 odyss.
842 1111 885 1163 γ’.
913 1113 992 1150 vers.
1016 1120 1078 1160 267
1096 1113 1143 1165 sq.
1173 1118 1261 1155 τὲτο
1287 1113 1332 1159 ὃέ,
1360 1119 1478 1166 inquit,
1505 1113 1564 1165 *wi
1586 1115 1702 1157 Σέλων
1727 1115 1831 1166 εἰδώς,

80 1167 122 1207 ὦς
146 1165 437 1219 ἐμψυχικώτεξοιὶ
460 1166 520 1206 εἶσι
542 1169 685 1218 μᾶλλον
707 1166 741 1217 oe}
761 1168 827 1207 τῶν
847 1170 1080 1219 παραιιεσέων
1109 1172 1290 1233 ἔμμετζοι,
1330 1165 1388 1216 ›in
1411 1171 1457 1215 τῆ
1485 1169 1613 1221 χάριτι
1637 1173 1684 1211 v}
1713 1173 1832 1222 ῥυθμὲ

79 1221 335 1270 ψυχαγωγὲσι
359 1220 416 1259 τᾶν
439 1218 634 1274 οἱκςοοιτῆν,
667 1222 856 1274 lippet-‘rems
883 1217 1083 1274 παρῄνεσεν.
1143 1221 1286 1271 ‘Opicum
1309 1220 1411 1271 &94¹5
1432 1218 1602 1267 Ἡσίοδος,
1635 1219 1696 1271 tw}
1721 1222 1829 1264 ἄλλοι

77 1275 208 1315 πολλοὶ
223 1275 290 1313 τῶν
305 1275 431 1324 σοφῶν.

179 1343 357 1391 Epistolae‚
384 1357 462 1393 quas
479 1341 636 1394 scripsisse
650 1343 780 1390 dicitur,
808 1346 1017 1394 reperiuntur
1029 1342 1125 1393 'apud
1144 1344 1337 1391 Diogenem
1360 1345 1526 1380 Laertium
1549 1346 1582 1380 in
1599 1347 1661 1380 vita
1679 1345 1826 1391 Solonis,

77 1396 138 1434 fin.
192 1399 323 1433 Locum
340 1396 520 1445 quemdam
539 1399 571 1433 iu
589 1396 735 1447 epistola,
755 1411 837 1447 quae
853 1395 892 1432 ad
910 1395 1073 1434 Croesum
1089 1395 1206 1446 scripta
1220 1394 1340 1439 fertur,
1376 1406 1503 1446 purgat,
1526 1397 1685 1434 vocabula
1705 1415 1828 1450 rugan-

76 1453 194 1490 γέιιτος
208 1447 333 1494 βιαίως
346 1447 562 1502 Πεισις-ςοέτε
579 1460 750 1500 tamquam
765 1449 946 1486 adulterina
961 1449 1137 1494 eiiciendo,
1165 1451 1281 1499 Ignat.
1298 1449 1423 1496 Roffius
1437 1452 1472 1487 in
1482 1452 1827 1490 Commentatt.Laer-

75 1506 155 1540 tiau.
186 1505 326 1546 Romae,
343 1511 434 1548 1788,
452 1511 482 1544 8.
498 1501 529 1554 ᾗ.
547 1505 617 1539 VH.
635 1516 666 1552 p,
683 1515 719 1547 23
735 1500 782 1552 sq.

177 1573 377 1608 carminum
393 1569 583 1621 fragmenta
599 1569 673 1607 sunt
688 1586 707 1607 a
723 1572 800 1607 viris
816 1570 922 1607 dotstis
937 1569 1076 1606 collesta
1093 1584 1134 1606 ex
1153 1569 1401 1613 Demosthene,
1433 1569 1599 1613 Plutarchi
1625 1573 1695 1607 vitis
1719 1572 1824 1621 paral-

75 1623 160 1666 lelis,
187 1624 283 1660 Aelio
305 1624 457 1672 Aristide,
484 1626 638 1674 Diogene
654 1626 797 1666 Laertio,
825 1625 1008 1666 Athenaeo,
1035 1623 1210 1658 Clemente
1229 1622 1454 1658 Alexandrino
1471 1634 1503 1658 et
1525 1624 1652 1659 Stobaei
1678 1626 1822 1676 EclogiS.

74 1676 173 1722 Edita
188 1675 260 1712 suut
278 1675 399 1726 saepius
415 1691 493 1714 cum
507 1676 729 1726 Theognffle,
755 1678 846 1713 cuius
869 1674 1013 1712 versibus
1036 1674 1202 1712 interdum
1226 1679 1368 1712 intextae
1388 1673 1517 1711 fuerant
1539 1674 1714 1713 sententiae
1729 1677 1824 1714 Solo-

75 1731 138 1769 nis,
167 1738 197 1763 et
212 1729 343 1777 reliquis
361 1733 526 1778 gnomicis
545 1732 664 1779 poetis,
697 1728 738 1765 de
761 1729 878 1779 quibus
899 1726 995 1778 supra
1016 1731 1082 1763 iam
1104 1731 1247 1778 egimus.
1306 1730 1453 1764 Potiores
1476 1727 1633 1777 quasdam
1660 1728 1822 1767 editiones

76 1780 132 1815 hic
147 1779 279 1816 laudare
296 1784 395 1818 iuuat.
449 1784 570 1823 Prima,
595 1782 649 1818 vbi
665 1792 934 1832 comparuerunt,
961 1780 1006 1817 est
1022 1780 1143 1825 editi03
1172 1780 1232 1827 (de
1248 1793 1312 1831 qua
1326 1781 1488 1817 Fabricius
1505 1782 1537 1829 §.
1555 1783 1595 1816 V.
1612 1783 1706 1832 egit‚)

179 1858 366 1894 Callimachi
387 1858 541 1905 Cyrenaei
558 1860 667 1907 hymni
681 1873 750 1895 cum
758 1859 894 1906 scholiis
907 1871 991 1895 nunc
1000 1862 1145 1906 primum
1161 1859 1265 1894 editis.
1318 1860 1496 1894 Sententiae
1515 1871 1554 1894 ex
1562 1860 1693 1909 diuetfis
1700 1862 1820 1906 poetis,

76 1911 263 1947 oratoribus
279 1922 313 1943 ac
327 1910 523 1957 philosophis
539 1912 694 1954 colleffl'ae,
721 1924 784 1947 non
798 1918 872 1946 ante
886 1911 1025 1960 extersae.
1051 1911 1145 1949 Basil.
1164 1924 1245 1959 1532.
1261 1922 1292 1954 4.
1325 1910 1410 1959 apud
1430 1911 1651 1954 Frobenium‚
1677 1926 1756 1948 cura
1775 1915 1822 1948 Si-

74 1961 245 2014 gismundi
263 1961 391 1997 Gelenii
407 1972 438 1997 et
452 1964 570 1997 Matth.
585 1963 770 2012 Aurogalli.
832 1966 900 1999 Hic
921 1963 1002 2000 liber
1024 1962 1094 2000 duo
1115 1974 1240 2007 tantum
1264 1962 1398 1999 Solonis
1422 1961 1607 2013 fragmenta
1635 1978 1653 2000 e
1676 1965 1819 2002 Stobaeo

75 2018 234 2051 continet.
289 2017 332 2049 At
353 2025 476 2057 tamen,
503 2029 543 2050 an
559 2028 629 2050 non
643 2015 758 2051 eadem
776 2018 865 2064 prius
882 2018 916 2052 in
931 2014 1077 2053 editione
1096 2016 1227 2064 Atsenii
1243 2017 1581 2065 Apophthegmatum
1598 2030 1753 2059 romana,
1779 2017 1820 2054 de

75 2082 140 2119 qua
157 2069 186 2116 §
204 2069 259 2103 IX.
277 2065 387 2102 sermo
411 2069 481 2109 erit,
509 2065 631 2102 fuerint
644 2067 806 2117 euulgata,
834 2071 910 2117 quia
925 2069 1014 2104 illam
1030 2067 1211 2104 editionem
1231 2081 1299 2103 non
1317 2066 1393 2109 vidi,
1420 2067 1556 2104 definire
1578 2083 1649 2105 non
1673 2067 1817 2118 possum.

71 2141 123 2151 -—-
152 2122 284 2170 Septem
312 2122 403 2154 auxit
425 2117 626 2167 fragmentis,
640 2121 748 2158 Joack.
766 2121 975 2158 Camerarius
993 2124 1027 2156 in
1043 2122 1147 2156 Libro
1155 2120 1341 2168 scholastico
1357 2141 1405 2147 —-
1422 2134 1485 2169 quo
1501 2124 1706 2157 continentur
1717 2124 1818 2158 Theo-

70 2175 186 2222 gnidis
196 2179 380 2219 praccepta.
436 2173 647 2221 Pythagorae
660 2193 712 2200 —·
727 2194 780 2200 —-
794 2174 980 2222 Ps'zocylidis
993 2194 1044 2200 ——
1062 2174 1199 2213 Solonis,
1235 2173 1371 2220 'syriaci
1384 2193 1435 2200 -—
1459 2194 1511 2200 -
1531 2177 1683 2211 carmina.
1717 2175 1816 2225 Basil,

73 2238 155 2272 1550.
174 2239 236 2261 ree.
269 2237 345 2271 ¹555·
363 2232 394 2266 8.
419 2244 470 2251 —
498 2224 652 2260 Neander
666 2224 812 2273 plurima
829 2226 954 2260 Solonis
967 2223 1152 2273 fragmenta
1170 2227 1293 2273 recepit
1312 2227 1343 2260 in
1361 2224 1608 2273 Anthologicum
1621 2229 1816 2274 graeco-la-

71 2282 186 2318 tinum.
212 2275 306 2313 Bafil.
323 2290 382 2326 per
398 2278 445 2312 10.
462 2277 654 2325 Oporinum
667 2281 754 2324 1556.
775 2285 805 2318 8.
829 2290 863 2324 p.
882 2289 944 2321 422
959 2297 1010 2304 ——
1027 2289 1100 2322 441.
1140 2296 1189 2304 —-
1223 2278 1319 2312 Tum
1342 2274 1468 2326 septem
1489 2277 1607 2314 adiecit
1629 2278 1814 2328 fragmenta

71 2333 139 2368 Iac.
158 2330 325 2365 Hertelius
354 2332 386 2364 in
410 2328 624 2377 Theognidis
643 2339 676 2364 et
700 2329 843 2365 aliorum
867 2329 1075 2377 poematibus
1091 2331 1277 2378 gnomicis‚
1303 2327 1396 2366 Bafil.
1421 2333 1493 2376 1561
1509 2341 1570 2367 etc.
1624 2332 1814 2369 Herteliana

71 2383 228 2421 colledio
242 2392 421 2431 propagata
439 2380 483 2417 est
499 2382 536 2416 ab
557 2382 661 2417 Henr.
680 2382 860 2431 Stephano,
889 2379 974 2418 Frid.
993 2381 1186 2430 Sylburgio‚
1213 2383 1326 2418 Letstio
1344 2392 1375 2418 et
1390 2381 1458 2418 aliis
1478 2379 1571 2431 supra
1589 2387 1623 2419 in
1637 2385 1814 2435 Theogni-

70 2437 111 2474 de
126 2436 329 2472 memoratis.
355 2453 406 2462 ——
432 2435 512 2471 Duo
527 2431 713 2485 fragmenta
730 2434 794 2472 inis
807 2432 1134 2480 addiditRadulphus
1146 2434 1349 2472 lVinterton.
1364 2436 1399 2472 in
1411 2437 1517 2486 poetis
1531 2439 1656 2487 graecis
1673 2441 1814 2475 minori.

118 2498 188 2532 Vol,
201 2497 232 2530 Ι,
771 2526 792 2555 ‹''
993 2489 1020 2522 A
1037 2500 1054 2523 a
1077 2500 1094 2523 a
1108 2500 1125 2522 a
1140 2500 1159 2522 a
1741 2490 1812 2536 bus,
