2071 2747
95 129 187 178 Ἅι
196 140 221 164 ρ.
231 137 289 165 900

820 127 1090 169 *isocRA‘rEs
1388 135 1520 174 Lan,
1536 147 1558 172 c.
1575 136 1727 175 XXVI.
1779 151 1845 186 7⁷7

97 228 138 262 tis
153 225 192 262 ad
209 240 328 264 manus
341 226 412 265 suas
437 241 509 265 non
523 225 722 279 perueniffe,
747 229 802 264 X1.
826 241 855 264 v.
872 240 941 274 752.
993 225 1171 264 Isocratem
1187 227 1226 264 ab
1244 228 1470 267 Alcidamante
1491 230 1728 280 reprehensum
1752 234 1842 271 testa-

95 289 146 315 tur
163 279 253 316 idem
270 294 300 316 v.
319 284 394 326 672.
446 284 485 318 ln
499 282 720 318 Onomaliico
735 281 821 317 Rob.
839 281 1009 330 Stephani,
1032 282 1280 317 Heidenreichii
1296 282 1463 318 Pandedtis
1490 294 1520 318 et
1534 282 1604 319 aliis
1619 285 1783 321 eiusmodi
1805 287 1844 323 li.

94 331 161 368 bris
177 334 303 369 dit-itui«
313 336 413 370 etiam
429 335 542 384 mzfica
558 332 712 381 scripsilie
729 332 930 375 Alcidamas,
948 345 989 369 ex
1005 333 1094 369 male
1110 334 1281 369 intelleeio
1296 335 1412 371 Suidae
1429 334 1522 378 loco,
1543 339 1596 384 qui
1614 349 1739 385 patrem
1759 338 1844 374 Alci-

91 381 267 426 damanfis,
287 386 461 431 Dioclem,
481 388 595 437 mifica
610 384 764 434 scripsisse
778 385 927 429 testatur,
946 394 980 420 vt
994 387 1081 423 recle
1095 388 1160 422 iam
1176 385 1257 421 vidit
1271 384 1430 422 Gesnerus
1458 402 1497 422 ac
1521 392 1650 437 repetiit
1668 391 1842 426 Fabricius.

55 483 58 485 Α
93 437 198 472 Harl.
251 440 339 474 Cum
363 443 531 488 vti-iusque
552 438 629 475 edit.
655 439 791 474 Aldinae
815 438 967 486 exempla
983 438 1097 473 habeat
1118 437 1316 474 bibliotheca
1342 440 1432 488 publ.
1450 442 1547 475 Vniu.
1568 439 1653 488 Lips.
1686 442 1843 490 equidem

93 488 270 527 adfirmare
284 488 427 540 polium,
451 495 484 528 in
500 490 549 528 ed.
569 507 596 526 a.
614 503 689 538 ¹5¹3·
711 493 831 527 Touio
848 493 958 540 primo
975 491 1094 536 (nollri
1109 492 1266 539 exempli,
1282 491 1367 527 Prid.
1383 494 1472 527 Non.
1492 494 1747 530 Mai.MDX111.
1769 508 1844 532 non

95 544 155 578 1V.
168 545 257 579 Non.
269 546 354 580 Mai.
377 555 410 579 vt
428 558 459 593 p.
472 558 546 589 πει.
563 541 735 592 scriptum)
756 544 863 579 haberi
876 540 1056 584 Aeschinis,
1073 541 1190 588 Lysiae
1205 554 1314 587 oram,
1330 545 1568 579 Alcidamantis
1585 558 1632 582 or.
1648 553 1760 582 contra
1775 548 1844 583 Pa.
1863 562 1877 567 κ’

92 595 264 638 lamedem,
294 596 495 632 Antisthenis
513 599 647 632 Aiacem
666 606 697 631 et
715 593 876 639 Ylyffem,
905 595 1062 630 Demadis
1082 608 1133 631 or.
1160 594 1244 645 ὑπὲρ
1260 597 1321 639 τῆς
1336 591 1577 638 δωδεκαετίας,
1606 597 1722 642 Lysiae
1739 602 1842 637 vitam

92 649 231 684 auc‘lore
244 649 348 684 Dion.
366 649 462 695 Hal.;
498 649 621 683 Tomo
645 646 788 684 secundo
813 645 949 694 (mense
975 647 1078 695 Aprili
1100 648 1290 691 MDxni.)
1316 647 1518 687 Andocidss,
1546 646 1642 692 isaei,
1670 652 1843 696 Dinarchi,

92 701 325 749 Antiphontis,
353 702 518 749 Lycurgi,
547 703 704 750 Gorgiae,
731 700 954 742 Lesbouaelis,
981 699 1140 743 Herodis,
1168 702 1352 742 orationes;
1385 699 1438 736 sed
1453 697 1517 736 esse
1533 712 1697 748 praeterea
1711 707 1844 740 tertium

92 753 260 795 volumen,
288 754 379 802 quod
398 767 437 789 ex
461 752 558 801 ipsius
583 757 630 789 Io.
650 753 722 789 Alb.
748 754 883 788 Fabricii
910 751 1109 788 bibliothtca
1136 752 1247 788 nostra
1269 754 1477 800 comparauit
1500 751 1557 787 sibi
1580 752 1707 798 (mense
1734 756 1843 804 Aprili

91 804 275 850 MDxffl.)
299 819 367 853 quo
389 809 602 841 continentur
621 803 764 841 isocratis
776 815 889 845 orate,
912 805 1149 840 Alcidamantis
1160 818 1208 841 or.
1225 812 1339 840 centra
1354 805 1474 840 dicendi
1489 805 1674 853 magistros,
1697 809 1843 858 Gorgiae

91 855 134 893 de
149 856 296 893 laudibus
313 859 481 901 Helenae,
509 857 655 893 Aiii'iidis
681 856 720 892 de
743 857 890 893 laudibus
916 859 1120 892 Athenarum
1149 856 1294 893 eteiusd.
1319 859 1360 892 de
1381 855 1530 892 laudibus
1551 859 1698 906 Romae3
1733 862 1766 895 in
1791 859 1843 896 ed.

90 922 175 945 vero
196 910 273 947 Ald.
303 908 415 946 mense
442 910 525 945 lulio
548 923 629 955 15³4-
654 922 781 958 praeter
804 912 887 944 hanc
912 908 1018 944 Alcitl.
1042 911 1230 945 orationem
1255 920 1370 944 contra
1396 908 1564 956 Sophillas
1585 912 1674 958 (pag.
1691 914 1756 956 85.)
1779 910 1843 949 esse

92 959 245 998 Isocratis
267 973 363 999 oratt.
380 965 526 1012 Gorgiae
541 976 675 1002 encom.
691 962 858 1006 Helenae,
885 960 1033 998 Aristidis
1051 963 1226 998 Panatheu.
1250 973 1282 998 et
1296 972 1450 1011 excerpta
1465 975 1482 997 e
1501 960 1598 997 Suida
1621 973 1653 998 et
1674 965 1842 1013 Harpocr.

91 1013 136 1051 de
148 1014 260 1065 glossis
282 1013 442 1053 Isocratis.
468 1016 578 1064 Beck]

198 1123 238 1157 V.
289 1123 449 1159 ISOCR
463 1122 600 1157 ATES
618 1122 651 1167 ²')
684 1120 787 1156 Theo
800 1119 864 1155 lori
884 1119 920 1155 F.
953 1118 1174 1163 Atheniensis,
1199 1128 1291 1154 natus
1314 1117 1357 1154 est
1375 1119 1516 1168 Olymp.
1536 1120 1712 1155 LXXXVI.
1730 1133 1753 1156 1.
1782 1123 1844 1158 Ar.

93 1174 216 1210 chonte
228 1173 433 1220 Lysimacho
454 1179 493 1220 ¹⁰)
522 1185 597 1209 ante
615 1173 782 1209 Chrn‘lnm
801 1173 1077 1209 CCCCXXXVI.
1121 1172 1255 1207 Audiuit
1272 1171 1448 1207 Prodicum
1467 1175 1587 1213 Ceum,
1612 1174 1843 1220 Protagoram,

93 1228 260 1275 Gorgiam
273 1229 498 1269 Leontinum,
527 1225 654 1261 'I‘isiam
671 1224 913 1270 Syracusanum
932 1236 962 1260 et
985 1223 1096 1274 [quod
1115 1235 1225 1259 tamen
1247 1222 1388 1268 Dionys.
1405 1223 1481 1259 Hal.
1501 1234 1672 1273 tamquam
1696 1238 1768 1261 rem
1784 1225 1845 1262 (lu.

93 1279 181 1314 biam
200 1281 334 1327 narrat]
363 1282 629 1319 Theramenem,
653 1280 839 1323 rhetorem,
867 1276 980 1323 (Sqid.
1011 1279 1042 1312 in
1059 1279 1184 1326 Ἀςνγέε
1201 1273 1289 1321 ὁιός)
1321 1289 1422 1324 quem
1447 1276 1582 1325 reipubl.
1610 1276 1843 1314 studiosiorem

91 1328 245 1368 aduersus
260 1336 392 1383 triginta
407 1343 565 1378 tyrannos
582 1327 761 1367 defendere
774 1329 899 1372 voluit,
924 1331 959 1366 ni
977 1327 1041 1379 ipse
1058 1327 1215 1366 vetuiilet.
1237 1327 1349 1378 [quod
1374 1327 1510 1378 quidem
1532 1326 1651 1364 falsum
1667 1327 1730 1365 effe
1756 1330 1843 1367 vide-

1779 1393 1843 1420 tur.

1033 1481 1076 1513 w)
1099 1474 1259 1508 Plutarch.
1281 1477 1311 1506 in
1335 1477 1396 1506 vita
1416 1474 1504 1506 Isocr.
1527 1482 1556 1506 et
1578 1475 1726 1507 Laertius
1741 1480 1792 1509 111.
1814 1488 1842 1508 2.

134 1483 169 1513 v)
190 1479 275 1522 Apud
292 1478 430 1510 Fuluium
444 1479 581 1511 Vrfinum
599 1489 663 1521 pag.
681 1487 729 1517 77.
754 1477 831 1515 elog.
856 1478 946 1508 statua

990 1519 1119 1562 Dionys.
1135 1517 1349 1561 Halicarnaff.
1372 1518 1408 1549 de
1430 1521 1559 1560 antiquis
1581 1520 1692 1549 rhetor.
1712 1520 1843 1557 Suidas,

65 1514 69 1515 ⁷
90 1530 188 1559 vetus,
204 1526 297 1566 capite
315 1524 394 1565 quod
414 1532 486 1553 tom.
503 1526 539 1554 11.
558 1522 656 1553 tabula
671 1529 709 1556 ει.
732 1521 859 1552 thesauri
870 1523 945 1550 Gro-

90 1569 216 1597 nouiani
232 1569 332 1603 exstat,
351 1576 452 1597 trunca
465 1590 473 1603 ,
496 1577 561 1596 cuin
585 1566 774 1607 inscriptione
791 1562 946 1605 Ἰσοκράτης

91 1608 217 1651 &rodigii
239 1610 392 1642 Ἀθηναῖος.
437 1613 503 1641 Fuit
520 1618 548 1640 ct
563 1609 637 1639 alter
651 1610 805 1650 Ltocratt‘s
825 1608 944 1649 Apollo-

92 1655 197 1691 uiates,
218 1655 278 1685 fine
295 1654 485 1685 Heracleotes
503 1656 638 1684 Ponticus
651 1676 658 1688 ‚
683 1653 772 1682 nostri
787 1651 946 1693 discipulus

92 1703 123 1726 et
136 1696 292 1730 successum
316 1709 403 1740 quem
428 1697 542 1736 sugillat
566 1695 865 1737 Pseudo-Speufippus
885 1697 947 1736 epi-

93 1739 166 1769 stola
189 1741 224 1771 ad
249 1741 418 1783 Philippum
440 1752 506 1783 pag.
522 1744 567 1776 65.
593 1740 662 1770 edit.
682 1739 789 1769 Allatii.
836 1735 947 1768 Confer

94 1783 215 1814 Suidam
231 1787 263 1814 in
280 1783 453 1825 Ἰσοκράτης,
483 1784 639 1822 [Eudocia
655 1795 682 1825 p.
700 1792 766 1820 247.
797 1782 947 1823 scripserat

93 1828 118 1857 is
141 1831 272 1870 quinque
297 1831 457 1858 orationes.
487 1827 565 1857 conf.
587 1827 691 1868 supra,
713 1829 789 1856 inter
809 1829 946 1863 tragicos,

93 1882 161 1914 pag.
179 1882 246 1907 325.
292 1870 453 1903 Schii‘arli.
471 1873 499 1899 in
516 1869 578 1900 diss.
598 1870 633 1899 de
649 1870 772 1901 Isocrate
789 1880 852 1910 pag.
873 1880 888 1898 2
905 1869 946 1910 sq.

95 1918 147 1957 qui
167 1926 232 1957 pag.
251 1926 279 1950 4.
300 1917 423 1953 corrigit
447 1914 573 1944 Fabricii
600 1924 732 1944 errorem
760 1913 795 1942 de
824 1913 948 1943 Isocrate

93 1961 227 1997 tragico,
251 1958 332 2000 quod
355 1958 440 2000 supra
463 1955 696 1987 commemorare
721 1956 830 1986 oblitus
862 1956 948 1994 sum.]

92 2003 237 2034 Tertium
269 2002 426 2043 quemdam
461 2001 594 2035 Dionyfii
630 1999 883 2030 Halicarnasso-,fis
924 2009 952 2030 et

95 2048 272 2082 Echecratis,
290 2050 352 2076 eius
368 2045 433 2081 filii,
449 2046 552 2084 ἑταῖρον
566 2055 600 2073 cx
617 2043 751 2076 Dionysii
771 2051 832 2072 arte
848 2043 948 2072 rheto-

96 2093 157 2123 rica
175 2100 247 2122 tom,
265 2093 300 2121 11.
319 2101 383 2131 pag.
403 2099 446 2127 ΞΤ.
463 2088 513 2118 lin.
525 2099 576 2123 40.
593 2087 638 2116 ed.
653 2086 786 2123 Sylburg.
806 2088 948 2115 confinxit

94 2130 244 2167 Muretus
258 2144 320 2164 var.
331 2134 408 2164 leett.
426 2132 502 2163 libro
518 2140 546 2161 ct
564 2133 657 2172 capite
671 2132 779 2171 primo.
824 2129 877 2159 Sed
894 2128 947 2158 illo

95 2179 126 2210 in
143 2178 210 2209 loco
233 2177 400 2213 Isocratem,
423 2175 639 2209 Atheniensem,
661 2173 818 2207 Dionysius
844 2173 948 2212 ἑταῖρον

94 2222 180 2254 suum
203 2229 309 2257 vocat,
334 2220 456 2263 perinde
489 2228 520 2249 vt
544 2218 678 2252 Philoni,
709 2216 837 2250 Iudaeo,
869 2215 947 2257 apud

96 2266 199 2298 Euseb.
225 2268 274 2296 xi.
299 2275 335 2299 15.
358 2271 523 2306 praeparat.
554 2263 705 2291 Zacharias
735 2260 881 2300 propheta
903 2260 946 2289 di-

97 2313 173 2342 citur
191 2303 223 2338 εἷς
245 2310 296 2336 τῶν
318 2310 453 2337 Mustius
478 2304 605 2346 ἕτοιῖρων,
628 2313 656 2334 ct
670 2306 773 2333 Cicero
790 2305 826 2334 Π.
853 2306 893 2332 16.
910 2303 947 2332 ad

95 2357 182 2387 Attic.
205 2353 450 2393 Theophrastum
472 2352 603 2380 anticum
620 2347 729 2389 suum,
757 2355 785 2376 et
811 2349 947 2377 Dicaear-

95 2400 183 2429 chum
205 2398 292 2427 Attici
317 2394 514 2435 familiarem
539 2391 674 2433 adpellat.
699 2389 810 2420 Confer
832 2389 948 2420 Cotele-

96 2445 175 2474 rium
188 2441 224 2470 ad
242 2438 389 2474 Chrysost.
405 2441 435 2468 in
454 2436 568 2468 Daniel.
586 2446 652 2477 pag.
667 2445 709 2464 21.
726 2444 771 2463 22.

140 2494 212 2527 Vol.
229 2492 277 2524 II.

990 1563 1124 1595 Plionus
1145 1563 1209 1593 cod.
1229 1565 1339 1593 CCLX.
1369 1562 1462 1593 Fabr.
1480 1562 1596 1604 Corfini
1617 1564 1646 1592 F.
1661 1565 1694 1593 A.
1716 1571 1787 1594 tom.
1804 1567 1843 1596 11.

991 1618 1056 1648 pag.
1073 1611 1111 1645 ὅτ
1126 1607 1164 1647 sq.
1181 1615 1253 1636 toni.
1270 1609 1321 1637 111.
1336 1616 1400 1648 pag.
1412 1616 1474 1641 223.
1519 1608 1562 1637 Dc
1580 1605 1704 1636 Isocrate
1721 1604 1844 1646 egerunt

991 1649 1119 1690 Dionys]
1136 1650 1210 1681 Hal.
1227 1652 1256 1680 in
1271 1652 1333 1680 vita
1342 1649 1492 1685 Isocratis,
1517 1649 1696 1692 Philostrat.
1717 1651 1752 1681 de
1771 1654 1842 1683 vitis

991 1693 1142 1735 sophistar.
1162 1696 1183 1724 Ι.
1201 1696 1293 1724 XVII.
1316 1703 1381 1734 pag.
1397 1701 1448 1728 503
1466 1692 1526 1734 sqq.
1554 1692 1599 1722 cd.
1623 1692 1721 1723 Olear.
1745 1697 1797 1736 qui
1810 1698 1842 1726 in

991 1740 1069 1767 notis
1083 1739 1164 1767 varia
1180 1737 1215 1766 de
1231 1736 1356 1767 Isocrate
1371 1739 1492 1777 eiusque
1508 1735 1581 1771 stylo
1598 1736 1727 1775 collegit,
1753 1737 1842 1780 Pseu-

990 1780 1209 1812 do-Plutarclt.
1223 1783 1253 1810 ii:
1264 1782 1316 1810 vit.
1327 1782 1360 1811 X.
1377 1781 1488 1810 rhetor.
1504 1790 1603 1820 quem,
1618 1780 1761 1821 quaedam
1776 1793 1842 1823 per.

991 1835 1091 1866 peram
1109 1824 1288 1859 tradentem,
1310 1825 1432 1861 corrigit
1453 1823 1577 1863 Taylor.
1599 1825 1629 1853 in
1652 1826 1712 1853 vita
1730 1826 1842 1863 Lysiae,

992 1870 1056 1898 init.
1075 1876 1134 1897 not.
1155 1878 1181 1896 2.
1211 1866 1368 1898 Ruhnken.
1385 1869 1414 1896 in
1432 1867 1553 1896 historia
1570 1869 1671 1896 critica
1687 1876 1842 1900 oratorum

993 1922 1086 1950 graec.
1102 1922 1166 1952 pag.
1183 1914 1221 1940 60
1237 1910 1276 1951 sq.
1295 1913 1345 1951 qui
1361 1912 1489 1939 maxime
1504 1910 1638 1940 emendat
1652 1910 1710 1940 duo
1727 1910 1790 1942 loca
1806 1912 1844 1943 de

995 1955 1127 1985 Isocratis
1143 1953 1220 1983 fama
1237 1956 1409 1995 meritisque
1424 1952 1540 1982 classica.
1574 1953 1676 1984 Cicero
1697 1953 1733 1984 de
1757 1957 1841 1987 Orat.

994 2001 1031 2029 11.
1049 2009 1094 2027 22.
1112 2006 1139 2028 et
1156 2000 1186 2028 in
1204 2000 1294 2027 Bruto
1309 2008 1370 2038 cap.
1387 2003 1411 2029 8-
1429 2013 1470 2019 —-
1498 1997 1588 2027 Frid.
1606 1996 1843 2040 GottlziffFrey·>

994 2046 1063 2081 tag.
1081 2050 1234 2071 oratorum
1251 2050 1424 2079 graecorum
1436 2062 1444 2074 ‚
1467 2040 1575 2081 quibus
1593 2041 1701 2070 statuae
1717 2042 1841 2074 honoris

993 2084 1084 2115 caussa
1100 2085 1208 2126 positae
1223 2084 1354 2119 fuerunt,
1370 2083 1452 2112 decas
1463 2106 1471 2118 ‚
1495 2083 1618 2124 Lipsiae,
1637 2092 1718 2122 1722.
1734 2091 1758 2119 8.
1776 2094 1843 2128 pag}

992 2138 1028 2157 22
1046 2127 1105 2169 sqq.
1137 2130 1272 2168 inprimis
1295 2127 1430 2158 Gottlob.
1455 2126 1606 2157 Benediff.
1625 2126 1786 2160 Sclzirach.
1809 2134 1842 2162 in

992 2174 1027 2201 11.
1045 2171 1192 2213 disputatt.
1217 2170 1252 2200 de
1274 2173 1334 2200 vita
1356 2178 1383 2200 et
1404 2180 1510 2208 genere
1531 2169 1677 2200 scribendi
1693 2171 1840 2210 isocratis.

991 2215 1098 2244 additis
1120 2213 1268 2244 nonnullis
1289 2214 1325 2243 ad
1346 2213 1408 2243 loca
1422 2213 1565 2254 quaedam
1586 2213 1719 2246 Isocratis
1740 2217 1838 2248 obser.

991 2258 1169 2288 vationibus.
1195 2257 1285 2287 Halae
1302 2257 1438 2295 Magdcb.
1457 2262 1534 2295 1765.
1553 2267 1582 2292 4.
1605 2259 1635 2287 in
1658 2258 1766 2298 quibus
1786 2261 1838 2292 ali.

992 2304 1107 2343 quoties
1124 2302 1418 2339 corrigitFabricium
1435 2303 1577 2337 nostrum,
1600 2309 1629 2330 et
1643 2303 1673 2331 in
1687 2301 1778 2333 altera
1795 2305 1838 2335 di-

992 2345 1116 2383 ligenter
1132 2344 1259 2386 disputat
1276 2344 1311 2374 de
1326 2343 1392 2374 stilo
1406 2342 1558 2385 Isocratis
1579 2346 1702 2386 eiusque
1724 2349 1838 2390 vitupe-

991 2389 1148 2420 ratoribus.
1174 2387 1266 2419 Harl.

1039 2472 1173 2513 Fffff
