2183 2747
262 166 330 204 808
381 157 456 195 Lib.
467 155 516 193 II.
528 149 560 192 ἐ.
572 166 615 192 12.
675 148 972 191 EMPEDOCLIS
1005 145 1142 185 SCRIP.
1167 139 1450 184 DEPERDITAE
1488 140 1787 186 EPMETRONJ

266 255 332 294 stus
355 252 488 292 disserit.
516 272 569 283 —-
594 250 688 289 Adde
709 250 752 287 cl.
779 249 972 284 Tiedcmann
987 243 1027 281 de
1044 241 1217 292 systemate
1236 239 1378 292 Emped.
1397 243 1451 279 in:
1467 243 1620 294 Gotting.
1633 244 1793 294 Magazin
1805 241 1874 281 vol.
1893 241 2034 282 mnf(

268 322 299 356 3.
316 323 347 360 p.
358 316 398 353 38
412 328 465 336 -
479 319 526 353 71.
555 326 606 334 —
633 307 855 342 Heumannus
876 298 1021 336 laudauit
1036 307 1163 347 praeter
1177 297 1261 332 eain
1274 298 1426 346 margine
1438 296 1583 346 exempli
1598 294 1658 341 sui,
1698 297 1854 346 Origmfis
1875 293 2025 347 Philoso-
2087 294 2090 300 ‚
2135 281 2152 323 -ἓ
2170 278 2174 292 ¹

270 366 391 415 phum.
409 373 478 410 cap.
493 372 523 406 3.
547 369 579 395 et
600 359 704 400 Maii,
741 351 934 392 Professbris
957 348 1131 401 quondam
1147 346 1333 392 Gieffenfis‚
1360 346 1534 386 obseruatt.
1550 347 1665 393 sacras,
1693 349 1768 387 libr.
1786 351 1842 386 111.
1862 362 1940 399 cap.¹
1951 363 1986 398 9.

373 415 496 451 Homo
511 409 574 448 suit
589 410 710 461 sagacis
724 411 873 457 acutique
890 406 1025 455 ingenii,
1052 414 1084 440 et
1097 415 1158 453 pro
1175 401 1236 438 illo
1251 412 1416 453 tempore,
1442 401 1623 439 multarum
1649 401 1834 440 litterarum
1889 388 2026 453 nephi·
2150 403 2153 427 4

269 465 434 518 losophus
450 465 621 517 praessanS.
677 462 795 499 Placita
810 462 879 496 eius
892 456 1039 509 physica,
1065 453 1301 506 philosophica
1322 468 1360 491 ac
1383 454 1575 505 theologica
1597 454 1808 507 collegerunt
1827 428 2012 492 B’ruckerus
2084 445 2086 449 ¹

269 519 490 564 Meinerfius,
517 517 746 556 cudworthus
769 513 890 564 aliique
914 510 1068 547 historiae
1088 506 1321 560 philosophiae
1342 509 1547 545 conditores.
1599 511 1663 552 At,
1690 521 1898 559 quamquam
1923 483 2027 547 trans1
2078 506 2080 509 ’
2132 485 2148 523 *14

273 576 510 626 migrationem
526 574 721 608 animorum
735 578 766 604 et
781 565 944 619 quaedam
958 564 1020 601 alia
1036 563 1254 613 pythagorica
1266 572 1321 598 aut
1336 563 1384 597 his
1401 559 1521 598 similia
1535 559 1696 612 dogmata
1713 561 1875 606 docuerit,
1902 572 2013 599 tamen

272 642 357 667 num
371 626 610 676 antiquioribus
626 623 857 672 Pythagoreis,
882 631 916 655 vt
933 618 974 655 V
973 617 1062 664 offius
1077 614 1118 653 de
1135 611 1422 666 philosophorum
1439 611 1529 650 sedlis
1547 626 1619 664 cap.
1635 616 1691 651 Vl.
1715 615 1748 664 §.
1766 623 1819 660 38.
1838 628 1871 666 p,
1886 626 1938 660 42,
1959 588 2029 650 alii:

274 694 340 732 que
356 681 523 731 putabant,
539 680 608 713 iure
632 674 670 711 fit
683 672 915 715 accensendus,
943 673 1066 707 merito
1087 667 1309 706 dubitandum
1325 666 1380 704 est.
1436 668 1638 704 Doctrinam
1659 669 1728 704 eius
1753 666 1795 704 de
1817 679 1961 717 quatuor
1981 680 2032 704 re-

275 751 354 777 rum
369 733 536 785 principiis
553 745 571 767 a
588 730 808 779 pythagorica
821 721 984 763 diuersam
1000 721 1076 760 vide
1091 720 1178 774 apud
1193 720 1518 770 Pseudo-Plutarch.
1535 718 1577 757 de
1593 719 1722 770 placitis
1731 719 1924 771 philosoph.
1939 719 1993 757 lib.
2003 720 2032 756 ῐ.

275 805 347 842 cap,
364 801 392 833 3.
408 788 519 836 ibique
527 781 729 824 Corfinum3
745 780 827 818 adde
844 780 883 815 ΙΙ.
900 791 973 828 cap.
989 789 1034 822 31.
1051 779 1108 813 lv.
1125 788 1196 825 cap.
1213 787 1246 821 9.
1264 786 1312 818 ¹4-
1327 776 1369 810 V.
1379 787 1409 821 7.
1427 781 1476 817 18.
1491 775 1535 810 26
1548 794 1602 800 —-
1616 781 1670 816 28.
1686 784 1748 810 etc.
1771 774 1882 824 ibique
1897 771 2031 810 Corsm.
2043 775 2077 797 ='

276 846 400 899 partim
418 842 452 876 in
466 839 566 880 notis,
583 837 753 888 partimin
767 831 834 871 diss.
850 829 1040 869 subiunctis.
1093 830 1280 865 Enimuero
1296 826 1429 863 vberior
1448 828 1543 862 huius
1561 828 1607 862 rei
1624 824 1796 877 inquisitio
1817 826 1924 864 aliena
1945 824 1991 862 est
2013 838 2034 862 a

276 896 394 938 nostro
412 891 570 935 instituto.
620 887 658 924 Id
673 887 811 940 quidem
829 896 957 923 certum
975 881 1033 927 est,
1061 880 1308 931 Empedoclem
1323 892 1432 929 neque
1449 889 1597 916 veterem
1613 892 1723 930 neque
1736 883 1924 930 genuinum
1939 875 2035 915 fuiss'e
2081 892 2086 896 ·

277 951 488 998 Pythagorae
502 941 714 992 discipulum,
743 944 777 979 in
792 939 973 988 multisque
992 938 1086 973 rebus
1102 931 1275 971 deseruisse
1295 933 1382 970 illius
1408 929 1628 982 disciplinam.
1682 931 1779 970 Adde
1804 935 1843 969 ds
1863 933 1896 968 la
1913 932 2036 969 Nauzs
2086 944 2089 947 ·

277 1005 320 1042 de
335 1011 436 1039 aetate
461 998 687 1047 Pythagorae,
713 997 745 1046 §
768 1008 816 1040 14.
843 1007 873 1043 p.
893 1004 961 1038 105.
988 986 1132 1026 version.
1154 983 1344 1023 Hiffmann.
1399 983 1521 1022 Versus
1541 983 1680 1036 quidem
1700 983 1780 1022 fecit
1800 984 1890 1022 haud
1909 985 2038 1023 malos:

279 1070 366 1096 num
378 1064 490 1091 autem
508 1051 704 1088 melioribus
720 1050 825 1099 poetis
842 1045 880 1083 sit
895 1040 1126 1084 accensendus,
1152 1040 1194 1076 de
1208 1053 1250 1076 eo
1266 1052 1337 1075 non
1352 1050 1584 1075 conuenerunt
1598 1049 1631 1074 et
1644 1041 1848 1089 antiquiores
1875 1049 1908 1076 et
1928 1051 2038 1076 recen-
2087 1050 2094 1059 -’

279 1115 392 1148 tiores.
414 1104 609 1154 Aristoteles
623 1100 664 1140 de
682 1107 720 1140 A.
738 1105 770 1139 P.
784 1113 854 1150 cap.
871 1112 899 1135 r.
917 1110 948 1148 p.
962 1109 1012 1143 ιο.
1032 1108 1126 1131 meae
1142 1093 1220 1129 edit.
1237 1088 1322 1134 ἐὸἐν,
1349 1094 1414 1136 ait,
1440 1088 1542 1131 χωρ’,
1565 1094 1615 1133 ἐς,
1635 1089 1774 1144 Ὁμήρῳ
1795 1089 1854 1142 ’wi
1873 1086 2038 1142 Ἑμπεῶ,
2080 1110 2081 1115 ,

279 1163 358 1206 κλέἶ
373 1157 466 1206 πλὴν
479 1158 521 1200 τὸ
540 1159 678 1209 μέτρον·
701 1152 738 1196 δι’
761 1150 847 1195 ἓτόν
862 1152 922 1202 μὲν
939 1146 1078 1194 ποιητὴν
1094 1143 1217 1187 δίκαιον
1233 1145 1355 1186 καλεῖν
1368 1156 1376 1164 ·
1403 1143 1462 1184 ‘riv
1485 1140 1519 1184 δὲ
1547 1146 1596 1192 (u.
1617 1145 1896 1196 Empedoclem,)
1921 1151 2039 1193 Qua-10.

280 1217 387 1265 λόγον
406 1217 546 1266 μᾶλλον
560 1207 578 1256 ἦ
594 1206 748 1255 ποιητὴν,
771 1206 810 1244 ad
829 1203 920 1256 quod
945 1212 1042 1252 caput
1065 1200 1127 1236 vid.
1150 1201 1290 1235 Benium
1314 1199 1347 1248 ᾗ.
1365 1211 1396 1245 9.
1420 1212 1438 1234 a
1463 1212 1513 1234 nr.
1527 1211 1581 1244 77.
1602 1208 1634 1234 et
1658 1199 1802 1249 reliquos
1830 1201 2038 1248 interpretes.
2076 1188 2078 1195 ,

282 1270 480 1310 Laffasitifzs
497 1279 576 1304 veto
596 1264 652 1300 lib.
670 1267 710 1299 n.
743 1260 938 1297 institution.
966 1268 1036 1305 cap.
1054 1267 1097 1290 12.
1115 1254 1147 1302 ᾗ.
1165 1265 1195 1297 4.
1220 1253 1260 1288 de
1276 1253 1446 1302 principiis
1474 1265 1586 1287 rerum
1613 1252 1849 1301 Empedocleis
1872 1248 2043 1295 differens,
2059 1264 2067 1269 ·
2124 1277 2127 1285 .

282 1323 502 1371 Empedocles,
528 1329 618 1367 quem
634 1316 761 1366 nescias,
786 1316 840 1355 ait,
856 1316 1005 1347 utrumne
1021 1310 1106 1343 inter
1118 1313 1248 1353 poetas,
1275 1317 1317 1340 an
1333 1308 1418 1340 inter
1427 1304 1636 1353 philosophos
1650 1317 1806 1347 numeres,
1835 1306 1923 1354 quod
1937 1306 1976 1340 de
1995 1316 2046 1340 re-

282 1390 358 1416 rum
374 1383 492 1413 natura
507 1367 799 1420 vcrssbusscripstt,
826 1372 862 1401 vt
882 1362 971 1410 apud
986 1362 1151 1396 Romanos
1167 1359 1353 1400 Lucretius,
1382 1360 1454 1407 (qui
1470 1356 1581 1394 laudat
1597 1356 1842 1408 Empedoclem
1855 1357 1909 1394 lib.
1921 1359 1947 1394 1.
1962 1352 2045 1395 vers.

286 1443 347 1479 7¹7
365 1429 429 1481 sq.)
456 1434 486 1464 ct
513 1425 642 1463 Varro.
696 1422 799 1469 Atqui
815 1419 928 1454 Cicero
944 1414 983 1451 de
999 1415 1092 1450 Orat.
1109 1413 1135 1448 l.
1155 1425 1206 1460 50.
1223 1411 1390 1453 adfirmat,
1418 1409 1662 1460 Empedoclem
1679 1410 1860 1461 physicum
1876 1411 2046 1459 egregium

278 1496 395 1537 poema
410 1476 530 1518 fecisse.
582 1478 635 1512 Sic
651 1474 705 1512 alii
722 1485 840 1510 venam
855 1468 958 1506 nostri
976 1469 1141 1518 poeticam
1158 1465 1363 1502 celebrarunt
1381 1463 1469 1514 apud
1483 1465 1701 1499 Laurentium
1719 1464 1868 1513 Craffiam
1881 1462 1923 1499 dc
1938 1464 2047 1512 poeti,

285 1540 411 1591 graecis
432 1549 463 1584 p.
481 1543 546 1576 132.
563 1539 595 1566 et
612 1529 839 1576 Mongitorem
854 1525 887 1559 iu
905 1521 981 1557 bibl.
998 1520 1107 1555 Sicula
1123 1521 1147 1555 l.
1164 1532 1195 1568 p.
1214 1531 1281 1565 ¹75-
1308 1518 1441 1554 Nimius
1461 1526 1575 1552 tamen
1595 1518 1630 1553 in
1650 1516 1819 1553 laudando
1835 1513 2048 1566 Empedocle
2123 1518 2127 1557 ἑ

288 1603 389 1644 poeta
405 1586 466 1625 elle
482 1584 610 1622 videtur
625 1582 805 1620 Patricius,
827 1578 884 1626 qui
901 1578 933 1610 in
950 1584 1036 1624 poet.
1051 1570 1164 1608 decad.
1181 1568 1300 1621 disput.
1319 1569 1390 1608 libr.
1406 1570 1479 1605 Vll.
1495 1570 1634 1614 (ferrar.
1649 1573 1740 1615 1586.
1759 1570 1823 1606 ital.
1840 1567 1966 1618 tlript.)
1989 1579 2047 1616 pet

287 1657 402 1684 torum
419 1642 458 1678 de
473 1637 587 1676 nostro
604 1635 745 1684 longam
762 1630 897 1668 instituit
913 1624 1184 1666 dissertationem,
1211 1623 1292 1660 dum
1315 1635 1395 1658 eum
1416 1634 1489 1658 non
1503 1619 1613 1657 solum
1636 1623 1719 1658 iuter
1741 1635 1852 1672 poeta>
1879 1618 2049 1658 ¹menseu-

287 1700 385 1740 dum,
412 1693 468 1731 sed
482 1693 642 1729 Homero
658 1698 792 1737 quoque
807 1679 1062 1734 praeferendum
1077 1675 1197 1714 censet.
1250 1671 1440 1713 Praestitiffe
1458 1674 1587 1710 videtur
1601 1674 1715 1711 multis
1730 1678 1812 1717 aliis,
1829 1678 1885 1724 qui
1901 1676 1956 1710 illa
1966 1686 1996 1710 te
2006 1692 2024 1706 ι.

289 1751 414 1805 pestate
427 1758 458 1784 ct
473 1758 570 1783 more
584 1736 809 1790 antiquissimo
823 1735 863 1771 de
881 1734 974 1769 rebus
994 1729 1140 1782 physicis
1155 1730 1355 1765 cecinerunt.
1411 1729 1534 1764 Acutus
1553 1723 1650 1763 fuerit
1671 1729 1705 1763 in
1721 1726 1878 1767 dicendo,
1891 1728 2047 1776 egregiae

292 1811 328 1845 in
344 1813 463 1842 ornatu
480 1809 511 1836 et
526 1800 558 1833 vi
576 1794 732 1831 orationis
750 1801 779 1826 et
793 1786 1058 1825 translationibus
1079 1783 1148 1819 aliis
1177 1796 1217 1818 ue
1232 1781 1403 1817 virtutibus
1419 1783 1555 1837 poeticis
1571 1779 1744 1826 adhibitis,
1776 1782 1856 1825 (vid.
1875 1771 2052 1821 Aristotel,

291 1857 380 1910 apud
398 1849 724 1903 Diogen.Lacrtium
739 1843 914 1886 V11¹.57.)
943 1848 972 1875 at
990 1847 1118 1873 tantum
1142 1795 1223 1871 aluit
1246 1845 1279 1870 vt
1297 1834 1366 1871 talis
1384 1832 1460 1869 esset
1474 1843 1592 1883 poeta,
1619 1833 1752 1882 qualem
1777 1836 1892 1870 animo
1919 1820 1974 1868 sibi
2004 1833 2026 1860 ¹.

291 1911 458 1951 formauit

292 1969 333 2003 tis
347 1958 514 2000 audiendis
529 1970 599 2006 cap.
617 1966 646 1990 a.
663 1965 694 2002 p.
715 1958 743 1992 8.
759 1946 836 1986 edit.
852 1943 987 1987 Krebsii,
1014 1942 1098 1990 (vol.
1116 1943 1174 1977 Vl.
1190 1955 1222 1991 p.
1245 1944 1291 1988 56.
1311 1941 1403 1990 Opp.
1423 1938 1501 1976 edit.
1520 1941 1665 1986 Reiske)
1702 1942 1735 1975 in
1758 1941 1828 1974 eius
1849 1939 2021 1974 carmini
2062 1950 2066 1956 ·

296 2016 405 2056 laudat
423 2022 551 2050 tamum
567 2004 787 2058 granditatem
803 2013 838 2037 ac
854 1995 1055 2034 mensuram.
1112 1996 1150 2030 In
1167 2007 1208 2030 eo
1227 2006 1363 2044 quoque
1381 1990 1587 2042 praedicatur
1604 2004 1654 2028 ars
1668 2002 1698 2027 et
1716 1989 1846 2027 scientia
1863 1988 1992 2032 orandi,
2023 2012 2028 2016 .
2049 2000 2050 2003 =
2086 1982 2099 1991 ⁵

298 2078 472 2122 praecepta
487 2060 649 2114 quaedam
665 2057 825 2094 rhetorica
841 2050 968 2087 videtur
987 2044 1196 2097 excogitasse,
1224 2057 1278 2083 aut
1292 2043 1432 2082 ornalse.
1485 2044 1676 2092 Aristoteles
1695 2043 1833 2092 quidem
1854 2045 1889 2078 in
1911 2038 2054 2092 sophish,
2081 2067 2089 2079 ,

299 2120 403 2173 (apud
421 2121 566 2165 Diogen.
585 2114 696 2148 Lam.
718 2109 807 2146 Vlll.
826 2118 873 2151 57.
888 2116 919 2140 ct
941 2103 1115 2138 Eudociam
1133 2102 1166 2136 in
1185 2101 1323 2136 Zenone
1348 2112 1380 2148 p.
1397 2099 1488 2143 204)
1518 2096 1781 2146 Empedoclem,
1812 2094 1931 2142 tradit,
1961 2096 2060 2133 inne·>

300 2173 382 2214 nisse
398 2171 594 2209 rhetoricen.
647 2163 747 2200 lllum
762 2173 842 2197 vero
861 2158 996 2208 πςῶτςν
1012 2151 1195 2205 Ῥητορικὴν
1220 2160 1245 2192 1<
1259 2159 1283 2192 Ε
1294 2159 1318 2191 Κ
1331 2159 1343 2190 1
1354 2159 1383 2190 N
1395 2157 1427 2189 Η
1438 2147 1538 2190 ΚΕ’Ν
1551 2156 1578 2188 Λ
1591 2158 1617 2193 Ι,
1641 2151 1696 2196 ait,
1729 2151 1847 2184 Sextus
1869 2147 2052 2195 Empirises

303 2224 426 2265 aduers.
442 2224 642 2261 Mathemat.
660 2230 693 2265 p.
710 2228 770 2259 ¹39·
800 2224 898 2260 atque
914 2207 1030 2245 eadem
1044 2205 1115 2243 sere
1133 2204 1281 2242 formula
1299 2203 1459 2253 loquendi
1478 2201 1561 2246 vsu„
1590 2201 1828 2248 Qumffiljanm
1840 2199 1952 2236 lnssitt.
1968 2204 2050 2236 om
2066 2199 2070 2205 ·

304 2283 360 2318 111.
378 2293 400 2314 ι.
416 2286 448 2319 8,
471 2277 612 2323 primus,
637 2272 692 2311 ait,
717 2265 787 2315 post
803 2277 866 2311 eos,
890 2275 969 2311 quos
979 2268 1094 2308 poetae
1112 2260 1334 2299 tradiderunt,
1360 2255 1488 2304 momffir
1502 2257 1609 2304 aliqua
1632 2258 1715 2290 cirta
1738 2255 1913 2290 rhetoricen
1937 2248 2074 2297 W*-

304 2332 407 2370 doclcs
424 2331 549 2364 dicitur.
601 2324 739 2360 Artium
755 2325 859 2354 autem
867 2316 1053 2364 scriptores
1070 2313 1285 2360 antiquffms',
1313 2311 1428 2347 Cvrax
1442 2315 1472 2344 et
1495 2308 1607 2358 Tisias,
1629 2308 1747 2343 Siculi:
1774 2318 1855 2354 quos
1867 2304 2051 2354 insequuta

309 2385 351 2433 3st
368 2386 419 2419 vir
437 2381 572 2415 eiusdem
596 2376 717 2424 insulae
733 2371 881 2418 Gorgias
898 2369 1088 2407 Leontinus,
1116 2364 1328 2410 Empedoclis,
1360 2369 1396 2397 vt
1419 2363 1586 2401 traditur,
1619 2359 1805 2407 discipulus.
1830 2378 1881 2387 --
1909 2357 2052 2392 Natum

307 2430 554 2488 perscrutandae
571 2427 632 2464 suit
656 2423 828 2468 studiosus,
852 2419 1001 2456 Musicae
1018 2431 1128 2454 amaus
1146 2428 1177 2452 et
1191 2419 1267 2453 artis
1288 2414 1435 2451 medicae
1452 2415 1586 2463 peritus.
1602 2426 1632 2448 v.
1649 2409 1734 2448 infra
1750 2409 1816 2448 vol.
1832 2411 1920 2446 Xlll.
1935 2421 1967 2457 p.
1979 2412 2061 2454 149.¹

307 2486 411 2540 Qod
427 2498 504 2521 vero
520 2482 602 2517 vltra
619 2479 750 2528 plebem
767 2474 884 2523 sapuit,
912 2472 1081 2520 multaque
1100 2468 1177 2507 fecit
1193 2480 1223 2504 et
1245 2471 1369 2504 curauit
1391 2469 1546 2514 ingenio,
1583 2476 1673 2504 arte,
1707 2460 1881 2512 modoque
1903 2456 2052 2500 naturali.

304 2547 396 2582 euius
412 2550 492 2574 vero
515 2537 595 2572 ratio
612 2533 649 2568 ab
667 2529 859 2567 homiuibus
875 2527 964 2562 illius
981 2526 1089 2562 aetatis
1103 2524 1227 2573 percipi
1249 2531 1278 2557 ct
1294 2517 1432 2571 perspici
1449 2532 1520 2556 non
1535 2519 1666 2568 potuit,
1692 2528 1753 2554 nec
1768 2515 1808 2552 ab
1823 2514 1883 2551 illo
1901 2509 2054 2601 explicit·

1960 2562 2052 2604 nefit-
2117 2580 2124 2588 ·

472 1901 682 1943 Aristotele33
704 1907 738 1932 vt
753 1909 794 1933 ne
816 1894 1042 1942 aequipararet
1059 1890 1195 1939 quidem
1215 1898 1269 1924 aut
1284 1886 1450 1936 superaret
1461 1888 1668 1923 Homerum.
1696 1887 1897 1922 Plutarchus
1912 1884 1953 1920 de
1977 1901 1985 1914 ·
2000 1900 2007 1913 ·
