2183 2747
4 180 67 208 vot.
81 180 102 209 1.
118 187 143 214 ρ.
155 179 286 213 noras·
734 176 1011 216 DEPERmTA.
1376 175 1447 214 Lib.
1458 177 1502 212 II.
1519 189 1543 212 c.
1561 190 1586 213 ε.
1692 189 1749 223 377

344 271 517 304 Fortunam
542 270 666 303 Priami
688 271 840 309 cantabo,
870 277 899 304 et
922 270 1022 303 nobile
1045 269 1160 303 bellum.

348 319 438 349 ’Δάου
461 318 593 359 Πριάμοιο
615 318 707 354 vex-iv
730 318 850 355 πολεμόν
869 329 900 346 τι
921 318 1040 348 κλειννᾶν
1053 318 1096 354 Η).

5 383 164 418 Ceterum
188 377 287 418 falsus
312 379 356 416 est
373 381 552 422 Petamus,
581 383 636 429 qui
661 383 694 414 in
717 382 910 416 Rationario
932 390 1126 430 temporum
1150 388 1233 429 part.
1255 379 1279 415 I.
1303 380 1359 416 lib⁴
1380 381 1403 417 Ι.
1439 395 1511 431 cap.
1529 395 1578 419 10.
1608 394 1690 432 part.
1709 385 1749 421 ΙΙ.

6 434 62 472 lib.
79 436 120 469 ll.
140 448 212 484 cap.
228 446 260 480 9.
281 446 329 471 ιο.
353 443 386 469 et
409 433 484 469 alibi
509 445 572 482 pro
596 435 694 468 veteri
721 433 776 468 illa
798 447 898 482 parua
919 431 1019 468 Iliade
1041 432 1173 477 habuit,
1205 442 1277 467 tum
1294 432 1468 468 Federicus
1487 436 1669 479 Morellus,
1696 440 1753 486 qui

6 497 179 536 tamquam
197 489 311 522 veteris
326 496 443 536 poetae
459 488 567 535 graeci
584 498 661 521 cum
679 484 826 521 versione
845 496 877 521 et
898 487 984 521 notis
1009 483 1130 520 Parisiis
1157 487 1190 519 in
1207 491 1238 525 8.
1257 483 1358 521 edidit
1372 499 1494 535 poema
1510 487 1647 524 Iliacum
1661 502 1754 538 grae-

9 552 86 575 cum
102 538 237 582 eruditi,
265 535 316 575 sed
333 541 470 574 recentis
494 549 631 588 poetae,
662 538 833 573 Laurentii
850 538 1089 580 Rhodornanni,
1117 536 1208 587 quod
1232 536 1298 573 sule
1322 540 1463 575 aucloris
1487 543 1626 577 nomine
1652 541 1754 578 edidit

7 591 154 628 Michael
169 592 337 631 Neander,
364 588 448 642 Lips.
469 599 559 638 1588.
577 599 608 631 8.
627 604 689 626 vna
707 604 784 626 cum
799 590 944 626 eiusdem
961 589 1200 626 Rhodomanui
1220 592 1451 639 Argonauticis
1466 591 1548 636 ”⁷¹'¹)‚
1576 595 1752 630 Thebaicis

9 654 42 680 et
52 645 207 687 Troicis,
234 643 300 680 siue
317 647 474 693 Epitome
491 646 633 678 Homeri
651 654 682 679 et
698 645 810 680 Cointi
826 646 923 679 totius
940 642 1092 678 historiae
1107 644 1296 686 Troianae,
1320 644 1406 690 stylo
1422 647 1609 682 Homerico
1623 647 1753 696 elegan-

9 695 126 732 tissime
143 694 306 747 expressa,
331 698 466 732 Troicis
486 699 564 732 item
582 694 750 731 Manass‘ae
773 695 913 731 versibus
935 696 1096 744 politicis,
1131 705 1162 731 et
1182 706 1336 745 poemate
1359 699 1488 734 Dorico
1511 698 1754 736 Rbodomanni

9 747 51 784 de
68 751 191 785 Arione
206 750 464 795 Methymnaeo.
517 749 645 785 Troica
659 747 794 791 eadem,
823 748 989 798 praefixo,
1015 762 1058 783 ne
1076 751 1145 798 quis
1169 747 1311 791 dubitet,
1338 750 1578 787 Rhodomanni
1605 755 1755 796 nomine,

10 802 186 851 paululum
209 812 333 837 mutata
355 802 510 850 leguntur
534 815 611 836 cum
636 800 838 851 Metaphrasi
862 803 973 836 Latina
991 803 1117 850 poetica
1136 799 1177 836 ad
1191 802 1327 838 calcem
1343 803 1455 838 Cointi
1471 804 1658 850 Smyrnaei,
1688 806 1757 840 Ha-

11 867 91 890 nou.
113 856 194 897 1604
223 861 253 896 8.
282 855 407 890 Fabric.
461 851 600 890 Confer.
619 851 713 903 supra
728 853 768 890 ad
787 855 859 890 libr.
879 867 950 903 cap.
970 856 1010 889 ll.
1027 855 1057 902 ᾗ.
1079 866 1111 897 4,
1128 867 1160 903 p.
1179 867 1211 900 9.
1230 852 1396 891 adnotata.
1459 856 1496 891 In
1517 856 1592 893 cod.
1611 859 1755 893 Homeri

11 908 143 942 Veneto
162 909 416 956 praemittuntur
432 907 594 942 nonnulla
610 917 761 955 excerpta
787 920 826 941 ex
847 906 955 942 Procli
978 906 1261 942 Chrestomathia:
1286 909 1319 941 in
1335 909 1384 942 his
1409 921 1458 945 nr.
1475 922 1507 953 4.
1537 905 1682 949 ’midiae
1705 928 1758 960 μι-

12 960 99 1007 κροῖς
114 957 252 1002 βιβλία.
268 960 429 1009 τέσσαρσι
446 960 592 1006 Λέσχεω
607 956 837 1002 Μυτιληνοάε.
894 955 1030 994 Lesches
1052 961 1151 1007 igitur
1175 961 1242 994 hoc
1258 959 1337 995 loco
1361 971 1498 996 vocatur
1521 963 1756 1007 Mytilenaeus.

12 1010 76 1046 vid.
94 1012 135 1046 cl.
152 1012 327 1046 Siebenkaees
343 1014 376 1045 in
395 1012 581 1046 Bibliothek
597 1009 655 1046 der
670 1012 757 1046 alten
773 1014 946 1047 Litteratur
962 1010 1029 1046 und
1045 1010 1162 1052 Kunst,
1190 1022 1272 1060 part.
1293 1013 1316 1047 l.
1334 1026 1366 1062 p.
1381 1015 1437 1048 66.
1456 1012 1532 1050 ibid.
1556 1017 1641 1051 inter
1658 1014 1758 1050 inedi-

13 1072 44 1098 ta
60 1077 93 1112 p.
110 1075 145 1110 35
161 1061 228 1113 sqq.
246 1063 459 1111 promulgata
477 1062 522 1098 est
540 1063 595 1099 illa
611 1064 782 1112 particula.
838 1065 886 1098 Ex
901 1074 1100 1111 argumento
1116 1074 1226 1099 autem
1245 1066 1312 1099 hoc
1327 1079 1344 1100 e
1367 1066 1488 1101 Proclo
1513 1063 1642 1103 seruato
1665 1067 1757 1103 intel-

11 1115 144 1164 ligitur,
169 1114 345 1151 exordium
362 1113 442 1151 illud
459 1128 595 1151 carmen
610 1113 753 1151 habuiffe
768 1116 807 1150 ab
825 1116 961 1151 Achillis
981 1126 1090 1151 morte
1108 1127 1139 1151 et
1155 1115 1329 1152 armorum
1358 1117 1479 1154 iudicio
1501 1129 1533 1154 et
1555 1118 1758 1168 productum

11 1165 106 1203 fuisse
121 1181 220 1217 vsque
237 1166 277 1203 ad
291 1168 374 1203 vrbis
393 1166 570 1204 excidium.
623 1166 674 1203 Ad
686 1167 813 1215 Lcsclu's
829 1167 1053 1203 testimonium
1070 1180 1232 1217 prouocat
1249 1169 1412 1209 Endocia,
1441 1172 1474 1205 iu
1490 1171 1636 1219 Aesemo,
1663 1187 1696 1222 p.
1715 1185 1757 1215 31.

15 1221 105 1256 viol.
179 1220 340 1267 Tanaquil
364 1221 469 1254 Faber
488 1223 520 1255 in
543 1223 615 1255 vitis
637 1230 812 1270 poetarum
838 1233 1037 1270 graecorum
1061 1235 1099 1255 ex
1131 1224 1358 1270 grammaticis
1377 1226 1502 1270 graecis
1531 1225 1756 1274 interpretibus

13 1271 263 1315 animaduertit,
290 1272 466 1307 Pindarum
484 1274 561 1308 hinc
576 1272 651 1308 inde
669 1273 831 1308 nonnulla
848 1274 886 1308 ab
904 1287 944 1308 eo
961 1284 1075 1308 mutua
1093 1270 1247 1309 sumsilse.
1303 1273 1396 1309 Plura
1412 1273 1452 1310 de
1470 1276 1572 1310 Iliade
1581 1276 1759 1322 paruisda-

14 1325 60 1362 bit
73 1325 134 1362 cel.
155 1326 264 1373 Heync
287 1327 322 1360 in
336 1326 416 1361 Exc.
434 1327 458 1360 1.
475 1323 516 1360 ad
532 1325 606 1361 libr.
625 1326 665 1361 11.
681 1325 846 1361 Aeneidos
863 1326 980 1374 Virgil.
1005 1339 1038 1374 p.
1056 1338 1117 1370 277
1135 1323 1203 1375 sqq.
1226 1324 1302 1362 edit.
1321 1327 1361 1361 Π.
1397 1347 1448 1352 -
1483 1330 1665 1377 Λέσχεως,
1696 1329 1759 1366 Le.

4 1378 120 1426 schem
137 1378 344 1426 Pyrrhacus,
373 1378 406 1412 h.
425 1391 453 1413 e.
473 1378 599 1422 Pyrrha
615 1380 744 1413 ciuitate
759 1377 931 1420 oriundus,
951 1378 1256 1426 Affclzylenifilt'ur,
1280 1380 1310 1417 ἐν
1330 1376 1413 1419 ’lala
1429 1377 1558 1432 mquid}
1576 1379 1700 1432 saepius
1717 1386 1759 1417 ci-

14 1440 102 1466 tatur
118 1445 135 1466 a
158 1430 320 1476 Pmfimia
335 1429 391 1464 lib.
409 1431 449 1465 X.
466 1443 537 1478 cap.
554 1442 602 1475 25.
619 1444 652 1480 p.
669 1433 748 1471 860.
768 1435 838 1472 861.
853 1433 926 1473 863.
947 1441 978 1466 et
997 1445 1068 1479 cap.
1086 1434 1138 1467 26.
1161 1445 1195 1480 p.
1211 1435 1291 1473 864.
1319 1445 1392 1482 cap.
1410 1435 1463 1468 26.
1490 1448 1522 1482 p.
1541 1436 1618 1475 862.
1644 1438 1760 1470 citatur

15 1493 143 1519 tanturn
160 1484 342 1532 Λέσχεως,
369 1495 408 1516 ex
431 1482 545 1532 quibus
566 1482 649 1518 locis
673 1486 791 1524 etiam,
818 1497 900 1532 quae
924 1486 957 1518 iu
982 1484 1040 1519 illo
1065 1487 1234 1532 poematio
1260 1486 1393 1520 tracslata
1414 1482 1566 1529 fuerunt,
1601 1485 1760 1536 cognosci

15 1535 133 1586 potest.
188 1535 284 1570 Illam
310 1545 420 1570 tamen
443 1549 460 1570 a
486 1531 638 1570 Pausania
661 1533 828 1571 laudatam
851 1533 934 1575 Ἰλίε
957 1537 1072 1586 πέρσαν
1094 1534 1224 1571 Leschei
1248 1537 1377 1573 nullam
1399 1537 1497 1573 aliam
1518 1536 1630 1583 fuisse,
1657 1553 1760 1590 quam

14 1599 144 1638 partem
160 1585 268 1623 Iliadis
281 1600 420 1637 paruae,
446 1600 486 1622 co
501 1591 641 1622 nomine
657 1585 866 1637 inscriptam,
895 1588 1093 1624 existimarat
1113 1589 1263 1636 Heynius
1279 1589 1302 1624 l.
1321 1603 1367 1624 m.
1387 1603 1419 1639 p.
1442 1599 1507 1632 281.
1561 1594 1606 1627 At
1629 1591 1718 1642 quod
1743 1605 1760 1627 a

15 1641 139 1677 Proclo
161 1642 212 1686 (in
236 1639 312 1676 cod.
329 1641 479 1681 Veneto,
513 1638 586 1674 vide
608 1640 846 1676 Bibliothecam
875 1653 978 1676 mem.
1002 1655 1035 1690 p.
1054 1643 1110 1676 66.
1139 1652 1170 1677 et
1187 1644 1269 1676 inter
1284 1640 1403 1677 inedita
1419 1655 1452 1690 p.
1469 1655 1506 1686 37
1523 1640 1610 1692 sqq.)
1627 1647 1659 1679 in
1675 1642 1765 1692 frag-

17 1704 133 1729 mento
147 1702 384 1742 argumentum
399 1689 482 1731 Ἰλιέ
505 1687 658 1743 πέρσιὸος
674 1690 725 1736 β’.
749 1689 1040 1732 ἈΡΚΤΙ’ΝΟΥ
1072 1694 1176 1743 (quod
1207 1707 1340 1729 carmen
1372 1692 1538 1730 diuersum
1571 1693 1664 1731 fuita
1697 1709 1764 1731 car-

18 1749 110 1782 mine
125 1744 272 1781 eiusdem
290 1747 415 1782 Aretini
431 1743 472 1780 de
487 1745 701 1789 Memnone,)
719 1746 860 1781 breuiter
877 1748 1072 1795 exponitur,
1100 1745 1234 1782 tandem
1260 1744 1434 1796 suspicatus
1457 1747 1501 1782 est
1525 1746 1644 1783 ibidem
1657 1777 1667 1791 ,
1693 1761 1764 1784 non

19 1799 119 1835 aliam
143 1795 231 1832 forte
254 1794 347 1833 suiffe
369 1795 451 1836 Ἰλί8
473 1798 589 1848 πέρσιν
614 1795 786 1834 Pausaniae
811 1795 865 1833 sub
887 1796 1015 1834 Leschei
1039 1801 1177 1834 nomine
1198 1798 1385 1841 laudatam,
1425 1813 1524 1848 quam
1546 1801 1634 1836 hanc
1658 1798 1764 1850 ipsam

18 1850 166 1888 ArHini.
221 1850 258 1884 In
276 1859 354 1885 nota
371 1860 482 1885 tamen
496 1849 537 1885 ad
556 1851 663 1886 Procli
679 1847 927 1900 fragmentum,
951 1853 983 1886 in
998 1851 1147 1887 biblioth.
1169 1865 1271 1888 mem.
1288 1866 1321 1901 p.
1337 1864 1376 1897 39
1392 1848 1435 1900 sq.
1491 1851 1624 1888 Arfflni
1646 1855 1766 1904 Πέρσην

7 1900 105 1943 ’Ἰλιέ
133 1900 294 1938 existimat
326 1899 489 1936 diuersam
513 1899 608 1938 fuiffe
636 1903 675 1937 ab
697 1900 780 1943 Ἰλίε
800 1898 948 1954 πέρσιδι,
980 1918 998 1938 a
1025 1900 1167 1940 Lescheo
1184 1902 1373 1954 perscripta.
1408 1902 1491 1940 adde
1515 1904 1557 1941 cl.
1578 1906 1706 1942 Hecren
1729 1909 1765 1943 in

20 1956 105 1992 Bibl.
123 1954 181 1990 der
197 1955 284 1990 alten
300 1954 411 1990 Litter.
431 1952 497 1988 und
516 1954 635 1997 Kunst,
659 1965 742 2004 part.
759 1957 814 1991 1V.
839 1970 872 2005 p.
889 1959 926 1992 61
944 1952 988 2005 sq.
1028 1956 1131 1992 Harl.

177 2034 220 2066 13.
247 2018 506 2061 KEPAMl'z.
533 2021 652 2059 Suidae
674 2033 880 2065 memorata,
903 2022 968 2059 siue
996 2025 1180 2075 Κεραμέῗς,
1201 2034 1235 2060 vt
1256 2037 1295 2059 ex
1318 2023 1452 2060 Polluce
1473 2024 1554 2076 legit
1577 2026 1635 2075 [ff]
1659 2028 1766 2065 Hem.

19 2073 194 2112 ssethufius
210 2073 279 2116 ¹¹¹⁸),
306 2088 374 2109 non
398 2073 486 2110 aliud
509 2088 631 2125 poema
652 2076 716 2118 est,
751 2089 852 2125 quam
879 2078 997 2112 XXIV.
1021 2075 1128 2113 versus
1155 2079 1368 2119 Hexametri,
1395 2081 1450 2127 qui
1473 2078 1595 2115 exstant
1612 2078 1656 2113 ⁰⁰)
1677 2080 1765 2131 apud

21 2126 238 2165 Herodotum
254 2130 287 2162 in
302 2128 447 2162 Homeri
463 2130 524 2163 vita
541 2141 611 2179 cap.
630 2140 677 2173 32.
695 2139 791 2178 atque
812 2126 889 2165 inde
913 2128 1000 2180 apud
1024 2129 1155 2165 saidam
1179 2133 1212 2166 in
1225 2126 1397 2180 ”ομηξος,
1426 2131 1476 2165 vbi
1497 2131 1669 2175 testantur,
1693 2137 1765 2169 titu-

1693 2185 1766 2222 lum

0 2312 1 2321 ¹
65 2283 99 2319 ff)
120 2282 175 2314 Sed
189 2285 213 2313 in
228 2282 327 2313 versus
345 2294 360 2313 a
376 2283 512 2314 salmafio
525 2284 666 2315 conflans
683 2292 713 2316 et
726 2296 782 2327 pro
805 2296 871 2327 par-
951 2290 1025 2317 mm)
1034 2288 1114 2315 Haec
1129 2295 1184 2326 pro
1200 2287 1312 2326 antiqui
1328 2285 1475 2327 scriptoris
1484 2288 1632 2323 Anonymi
1647 2299 1765 2330 poema-

0 2331 1 2334 ’
25 2336 81 2358 vae
103 2326 201 2357 Iliadis
221 2327 362 2357 Lescheae
382 2338 479 2368 primo
494 2327 577 2357 versu
601 2328 765 2360 venditurus
786 2332 825 2360 est
841 2333 871 2360 in
922 2336 952 2359 te
967 2330 1070 2359 habuit
1084 2330 1167 2359 Iosua
1184 2331 1289 2358 Bai-nes
1305 2329 1339 2359 ad
1355 2330 1502 2371 Euripidis
1519 2332 1653 2361 Medeam
1669 2343 1697 2373 p.
1707 2341 1765 2371 175.

0 2382 3 2386 ·
27 2370 163 2401 Exercitt.
178 2369 250 2400 Plin.
265 2382 293 2412 p.
309 2374 372 2401 60¹.
388 2373 420 2400 A.
446 2369 552 2401 scilicet
572 2373 596 2401 is
618 2371 739 2403 Iliadem
765 2373 870 2401 ἕλκ’σσω
966 2377 1020 2406 nn)
1045 2373 1127 2410 [Vid.
1151 2374 1226 2402 hunc
1240 2373 1275 2403 ad
1295 2372 1440 2403 Pollucem
1466 2385 1493 2415 p.
1512 2383 1585 2410 1255.
1609 2386 1653 2405 nr.
1670 2386 1713 2412 14.
1734 2379 1765 2407 in

0 2415 1 2420 ’
28 2411 172 2445 diuersam
187 2414 223 2444 ab
238 2413 328 2444 Iliade
342 2425 433 2455 parua
444 2437 452 2450 ,
476 2422 504 2444 et
519 2414 653 2445 eamdem
669 2427 736 2446 cum
752 2418 869 2457 Cypriis
923 2418 1026 2457 primis
1042 2419 1070 2445 in
1087 2416 1232 2446 Addendis
1247 2417 1281 2446 ad
1300 2417 1371 2446 hanc
1394 2419 1554 2458 paginam]

26 2457 204 2489 carminibus
223 2456 278 2487 ess‘e
294 2457 426 2487 volebat:
449 2466 481 2487 vt
497 2459 538 2488 ait
561 2457 595 2489 d.
609 2458 719 2500 Heyne
735 2460 771 2490 ad
787 2463 869 2500 Virg.
969 2464 1018 2490 oo)
1043 2461 1159 2489 Rcfflus
1177 2463 1273 2501 itaque
1288 2461 1411 2490 debebat
1426 2462 1480 2490 hoc
1496 2460 1573 2497 loco,
1596 2462 1646 2492 vbi
1663 2462 1765 2506 deper-

0 2537 2 2549 Ι
28 2499 95 2532 Εκε.
111 2503 132 2530 1.
150 2499 186 2530 ad
206 2499 272 2531 libr.
287 2503 324 2532 u.
337 2512 368 2543 p.
383 2507 450 2541 ²7⁸·
473 2501 568 2534 Harl.
926 2502 987 2532 dita
996 2504 1127 2582 ξὲηὲεῐὶ
1151 2503 1253 2546 scripta
1276 2503 1430 2540 recenseo,
1452 2507 1657 2546 praetermitti.

0 2554 2 2565 ¹
74 2550 142 2583 Vnt.
156 2552 184 2584 I.
