2183 2747
291 97 303 114 ‘
660 108 727 146 ΕΤ
759 109 992 146 ERvDiTio
1031 110 1182 146 vatim.
1431 111 1559 148 Lim
1577 114 1638 148 ια.
1741 124 1795 159 535

50 221 151 260 quam
165 210 249 244 vitae
266 206 427 257 elegantia
443 203 600 256 cultuque
623 215 720 256 atque
741 205 925 243 litterarum
951 204 1197 242 reconditarum
1222 203 1394 243 subtilitate
1414 219 1453 242 ac
1476 209 1608 242 veritate
1627 207 1787 256 guberna.

47 264 94 305 ri,
124 274 172 297 res
189 260 351 296 naturales
365 257 452 295 haud
467 269 578 309 turpes
593 258 683 294 dictu
700 257 854 309 sacluque
873 258 1002 300 habere,
1030 272 1090 294 nec
1106 261 1138 293 in
1156 256 1392 295 consuetudine
1406 273 1482 294 cum
1500 260 1686 308 aequalibus
1703 259 1786 295 adeo

46 312 203 350 delicatos
224 311 287 349 ell'e
309 323 339 349 et
363 311 533 354 venustos,
560 310 676 347 eadem
700 312 795 346 verba
815 309 1050 360 sententiasque
1069 312 1185 346 crebro
1207 323 1360 360 repetere.
1413 313 1527 347 Subito
1550 315 1720 362 rapiuntur
1743 311 1785 347 ad

46 369 129 402 iram
149 378 246 415 atque
262 362 503 407 ofsenfionem;
530 376 591 400 nec
606 377 685 399 vero
701 366 856 400 conuiciis
876 363 1020 399 aliorum
1038 374 1092 399 aut
1105 367 1302 417 παρρησίᾳ,
1331 378 1431 414 quam
1456 363 1514 414 ipsi
1538 375 1671 406 amant,
1701 362 1786 400 adeo

45 429 101 456 aut
123 416 222 454 facile
241 416 426 456 laeduntur.
481 419 593 452 Paucis
609 426 642 451 vt
663 415 794 458 dicam,
820 429 931 452 mores
951 417 1131 452 hominum
1152 419 1317 466 vtriusque
1340 414 1450 460 sexus,
1477 416 1585 453 donec
1605 414 1660 452 vsu
1683 430 1787 452 anno-

43 484 119 507 rum
134 472 380 519 hominumque
400 479 497 518 atque
515 468 716 504 institutione
732 468 810 504 fiant
831 465 1060 518 sapientiores,
1086 467 1315 518 prudentiores
1337 480 1369 506 et
1392 469 1528 511 exculti,
1555 483 1675 519 parum
1701 471 1784 505 inter

42 521 77 560 se
89 521 242 563 differre,
270 518 371 558 sedin
388 524 481 557 omni
497 523 560 557 vita
577 532 673 570 atque
690 524 840 556 oratione
858 523 979 556 miram
995 519 1237 570 simplicitatem
1254 532 1350 571 atque
1370 520 1618 558 similitudinem
1642 521 1785 571 prodere

40 573 160 612 solent.
214 568 336 611 Nonne
360 573 526 624 probabile
551 572 700 615 videtur,
726 576 955 622 cognitionem
978 575 1162 609 humanam
1188 576 1386 624 antiquitatis
1410 574 1545 610 vltimae
1565 574 1700 611 eosdem
1727 576 1784 610 ha-

41 625 142 664 buisse
163 626 285 681 ffladus
306 640 343 662 ac
365 624 625 675 progrell'iOnes,
652 639 855 676 quamquam
883 624 1058 669 tardiores,
1084 622 1210 669 fecilse,
1241 629 1387 676 primam
1411 627 1496 663 illius
1523 638 1661 664 aetatem
1688 624 1782 662 suiss‘e

40 679 180 722 rudem,
205 676 322 715 sensim
344 676 527 728 seufimque
551 676 747 721 adoleuisse,
773 688 804 714 et
825 679 979 713 homines
1002 678 1088 714 illius
1109 681 1180 714 aeui
1203 678 1357 715 nonduin
1381 680 1530 716 excultos
1556 682 1639 716 vitae
1661 680 1781 716 littera-

41 746 184 782 rumque
198 732 359 780 elegantia
377 730 559 780 legumque
572 727 758 771 seueritate,
785 733 822 765 iis
843 744 926 779 quae
951 727 1008 766 sub
1028 728 1166 772 sensum,
1181 730 1318 775 cadunt,
1346 731 1551 782 potiss'imum
1575 742 1688 782 captos
1712 733 1783 781 pari

41 784 204 833 fimilique
223 787 350 820 ratione
367 781 477 819 vixiffe
491 786 659 833 animique
681 780 767 817 sensa
791 780 997 831 expressiss'e?
1051 785 1180 833 Qanta
1203 797 1359 828 morum,
1384 783 1559 827 sentiendi,
1587 783 1783 833 dicendique

39 835 221 874 fimiiitudo
247 835 353 871 adhuc
377 838 536 885 reperitur
557 838 640 871 inter
664 835 734 870 illas
756 835 903 870 barbaras
925 845 1058 882 gentes,
1086 849 1169 885 quae
1193 850 1231 872 ex
1253 838 1362 886 prima
1377 836 1510 887 quidem
1536 838 1680 873 barbarie
1696 840 1782 872 vitae

38 900 262 937 emergentes,
291 886 445 923 nondum
465 890 621 924 excitatae
641 888 822 923 cultiorum
842 890 1019 923 nationum
1039 885 1112 930 vsu,
1140 903 1200 924 nec
1223 889 1344 925 artibus
1368 900 1400 926 et
1421 887 1634 926 seuerioribus
1660 888 1782 926 doetri-

37 944 88 978 nis
108 941 215 990 pulcri
241 936 332 975 sensu
358 940 502 975 imbutae
522 937 612 975 sunt!
675 938 810 976 Accedit
834 941 946 975 Ioniae
969 950 1000 975 et
1020 939 1200 977 insularum
1223 944 1393 990 ingenium
1417 942 1568 992 coelique
1592 944 1779 991 temperies.

36 991 192 1034 Accedit,
216 989 307 1040 quod
326 994 423 1041 primi
445 994 563 1027 Graeci
590 1005 630 1027 ex
645 993 840 1034 Phoenicia,
868 991 1017 1041 adeoque
1040 995 1174 1028 Oriente
1193 996 1282 1029 initia
1302 993 1485 1031 litterarum
1510 995 1707 1044 linguaeque
1728 1006 1780 1028 ac-

36 1055 206 1096 ceperunt.
259 1046 387 1080 Aurora
409 1057 488 1080 vero
503 1043 651 1080 culturae
666 1055 698 1080 et
711 1047 831 1080 artium
849 1044 1020 1088 illuxerat,
1047 1058 1151 1094 quum
1168 1047 1339 1082 Homerus
1355 1043 1447 1082 vsura
1460 1047 1544 1083 lucis
1568 1044 1633 1081 frui
1655 1041 1779 1096 coepis-

34 1097 91 1135 set.
144 1097 254 1132 Rebus
272 1095 315 1132 fic
331 1093 362 1132 se
376 1096 584 1139 habentibus,
610 1110 723 1132 nonne
740 1096 877 1145 intelligi
894 1100 1014 1147 poterit
1032 1095 1176 1138 facilius,
1203 1112 1265 1148 qua
1284 1102 1410 1134 ratione
1425 1110 1512 1135 tanta
1528 1097 1710 1134 similitudo
1730 1100 1779 1133 in-

34 1147 211 1188 tercesserit
226 1152 308 1185 inter
325 1152 511 1185 orationem
527 1150 671 1185 Homeri
687 1160 785 1198 atque
801 1152 992 1198 primorum
1014 1152 1043 1185 S.
1061 1151 1090 1184 S.
1107 1153 1306 1187 auctorum?
1333 1154 1416 1187 inter
1438 1165 1548 1187 mores
1564 1153 1708 1186 Orientis
1731 1160 1777 1185 at-

36 1216 100 1254 que
114 1203 315 1244 hominum,
340 1204 396 1251 qui
422 1212 573 1252 tempore
594 1201 671 1238 belli
693 1203 836 1238 Troiani
858 1212 955 1252 atque
976 1204 1141 1242 Homeri,
1169 1205 1339 1239 vixerunt?
1391 1202 1557 1253 Qudquid
1584 1214 1695 1238 tamen
1716 1200 1779 1238 sin·

34 1255 122 1306 gulis
137 1255 300 1304 gentibus,
326 1256 501 1304 praecipue
518 1253 675 1297 iudaicae,
694 1255 858 1304 peculiare
874 1252 955 1300 fuit,
981 1254 1017 1298 fi,
1045 1269 1123 1291 cum
1141 1269 1253 1291 mores
1277 1255 1512 1305 linguamque,
1540 1267 1613 1291 tuni
1629 1257 1779 1291 maxime

34 1310 265 1357 cognitionem
281 1306 475 1356 cultumque
490 1305 542 1343 dei
555 1309 622 1342 veri
639 1309 809 1355 puriorem
834 1304 977 1356 spetsteS,
1007 1306 1039 1343 id
1064 1307 1248 1344 commode
1273 1311 1460 1358 comparari
1483 1310 1609 1357 nequit.
1668 1309 1706 1343 In
1729 1320 1778 1342 re-

14 1359 130 1410 .liquis
146 1372 245 1402 vero,
272 1372 355 1409 quae
368 1357 545 1394 vniucrfim
564 1356 697 1408 poffunt
719 1363 925 1409 comparari,
953 1370 984 1395 et
1005 1359 1046 1396 ad
1068 1371 1221 1396 naturam
1244 1359 1461 1411 indolemque
1486 1362 1613 1409 generis
1636 1361 1776 1395 humani

34 1415 216 1463 pertinent,
243 1424 280 1446 ac
301 1410 507 1460 lingularum
530 1421 674 1447 aetatum
696 1414 830 1462 propria
853 1409 947 1455 sunt,
974 1416 1164 1448 communis
1187 1422 1218 1448 et
1242 1416 1384 1449 omnino
1415 1412 1528 1449 similis
1551 1415 1661 1448 aetatis
1686 1411 1774 1448 illius

35 1463 221 1501 admodum
238 1464 388 1499 iuuenilis
404 1466 552 1514 vitaeque
566 1474 635 1499 erat
649 1467 745 1500 ratio.
799 1466 889 1500 Hinc
908 1467 942 1500 in
958 1466 1115 1502 Homero
1129 1465 1245 1501 eadem
1263 1468 1420 1502 orationis
1435 1476 1466 1501 et
1487 1467 1631 1501 heroum
1650 1463 1774 1513 simpli·

35 1520 131 1560 citas,
158 1515 273 1552 eadem
289 1515 542 1552 similitudinum
557 1517 595 1551 ab
613 1514 677 1566 ipsa
695 1527 810 1552 natura
828 1514 1011 1553 sumtarum
1030 1516 1232 1568 frequentia,
1261 1517 1349 1554 idem
1365 1518 1456 1554 calor
1478 1515 1658 1566 feruorque
1681 1519 1773 1552 iuue-

32 1570 125 1610 nilis,
151 1568 238 1604 idem
254 1568 350 1604 color
365 1571 543 1612 orationis,
570 1567 659 1604 idem
680 1566 836 1605 sentiendi
853 1581 884 1605 et
900 1569 1059 1620 loquendi
1086 1571 1208 1606 modus
1231 1570 1386 1620 idemque
1407 1583 1536 1612 rerum,
1564 1570 1679 1618 quibus
1706 1565 1774 1604 sen·

15 1619 83 1658 ‘sus
99 1620 303 1671 potissimum
321 1632 522 1668 mouentur,
547 1634 644 1657 amor
653 1637 664 1667 3
691 1619 877 1672 frequentes
891 1625 1100 1672 repetitiones
1114 1634 1145 1659 ct
1161 1623 1241 1669 alia,
1268 1637 1350 1672 quae
1375 1626 1408 1658 in
1431 1620 1655 1671 antiquiss'imis
1682 1620 1772 1657 libris

31 1671 127 1710 sacris
142 1676 361 1723 reperiuntur.
414 1675 530 1724 Neque
553 1684 665 1710 tamen
689 1688 728 1710 ex
749 1676 812 1710 hac
833 1673 1046 1711 fimilitudine
1065 1675 1179 1725 colligi
1201 1677 1323 1726 potest,
1350 1677 1542 1711 Homerum
1568 1670 1694 1710 nouisse
1717 1683 1772 1710 aut

31 1723 144 1776 legisse
162 1726 283 1762 litteras
306 1723 430 1761 sacras:
456 1739 474 1761 e
497 1730 666 1762 contrario
688 1725 720 1762 id
742 1727 900 1770 efficitur,
927 1729 1119 1763 Homerum
1152 1742 1220 1763 non
1242 1726 1382 1778 potuisse
1406 1741 1476 1763 non
1497 1725 1584 1775 sequi
1606 1739 1717 1762 mores
1742 1735 1776 1762 et

31 1774 220 1814 sermonem
245 1790 281 1812 ac
304 1778 501 1826 religionem
527 1776 602 1814 suae
623 1782 732 1814 aetatis
756 1782 946 1829 gentisque,
973 1777 1113 1816 sensibus
1136 1778 1311 1823 subiedlae,
1339 1791 1370 1816 et
1384 1781 1422 1815 ab
1439 1779 1612 1821 omnibus,
1638 1790 1775 1814 naturae

31 1841 63 1867 et
76 1833 152 1866 artis
169 1831 438 1878 litterarumque,
466 1843 545 1879 quas
563 1830 619 1866 illa
632 1841 785 1881 tempora
800 1830 951 1881 proferre
966 1843 1120 1882 poterant
1131 1862 1144 1876 ‚
1168 1832 1333 1882 praesidiis
1354 1833 1560 1871 infirmium,
1587 1830 1627 1867 ad
1644 1831 1775 1867 firmio·

32 1897 103 1919 rern
119 1883 318 1930 cognitionis
333 1882 498 1917 humanae
512 1885 717 1918 iuuentutem
739 1884 888 1927 celeriter
908 1883 1137 1934 progressum,
1167 1887 1320 1935 reliquis,
1346 1888 1401 1935 qui
1425 1882 1653 1934 sequerentur,
1677 1897 1772 1934 prae-

31 1932 137 1971 tuliffe
159 1933 279 1970 facem.
334 1934 424 1968 Hinc
441 1947 574 1984 quoque
589 1935 792 1984 tautologiae
808 1949 911 1985 aeque
930 1950 967 1972 ac
989 1938 1079 1987 leges
1104 1937 1335 1980 verecundiae,
1362 1949 1396 1973 vt
1417 1936 1551 1986 quidem
1575 1937 1669 1972 nobis
1691 1935 1772 1972 deli·

31 1989 205 2024 catioribus
236 1984 381 2028 videtur,
407 1996 440 2022 et
463 1984 578 2023 decori·
594 1987 756 2031 violatae,
786 1987 928 2038 denique
949 1993 1112 2031 conuitia,
1147 1992 1262 2040 quibus
1289 1992 1405 2025 heroes
1433 1999 1464 2024 et
1493 1987 1536 2024 dii
1564 1986 1596 2025 se
1625 1992 1770 2025 inuicem

30 2037 268 2091 proscindunt,
293 2041 326 2073 in
341 2040 531 2074 Homericis
547 2040 746 2076 carminibus
760 2039 895 2090 poffunt
909 2041 1027 2077 melius
1043 2041 1212 2078 diiudicari
1236 2053 1332 2091 atquc·
1350 2043 1542 2077 exaiiiinai'i.
1595 2043 1711 2092 Neque
1733 2044 1770 2077 in

28 2095 77 2129 his
92 2093 264 2128 Homerus
280 2090 376 2139 plene
391 2090 533 2140 iusteque
551 2091 655 2140 potest
673 2097 862 2143 comparari
879 2107 956 2129 cum
972 2094 1135 2143 Virgilio,
1162 2095 1309 2131 moribus
1330 2093 1484 2143 perditis,
1515 2105 1547 2130 et
1567 2105 1679 2130 tamen
1704 2093 1769 2129 ele-

29 2145 251 2195 gantioribus,
277 2146 311 2178 in
334 2143 410 2178 aula
433 2143 589 2191 Augusti,
614 2143 696 2180 luxu
719 2145 902 2194 ampliore,
935 2149 999 2182 vita
1019 2146 1229 2185 delicatiore,
1261 2147 1408 2181 libertate
1425 2144 1553 2182 dicendi
1578 2150 1768 2188 imminuta,

26 2200 129 2233 vitam
145 2195 296 2245 degente.
352 2197 433 2230 Suae
453 2199 590 2245 quisque
605 2200 715 2232 aetatis
731 2211 842 2233 mores
863 2195 1059 2248 sensumque
1082 2197 1231 2248 sequutus
1256 2197 1318 2240 est,
1345 2196 1408 2234 suis
1435 2201 1570 2247 quisque
1594 2200 1766 2234 virtutibus

26 2251 150 2299 ingenii
171 2259 202 2284 et
226 2246 377 2284 dictionis
404 2244 583 2296 splenduit3
614 2250 807 2286 Homerum
832 2261 962 2293 tamen,
988 2250 1063 2286 licet
1087 2251 1232 2299 Scaliger
1256 2250 1374 2300 aliique
1398 2248 1488 2285 secus
1515 2248 1697 2293 sensissent,
1730 2253 1764 2286 in

27 2301 141 2338 multis
159 2299 320 2351 praestare
337 2299 502 2348 Virgilio,
523 2299 642 2336 wood
655 2306 786 2352 egregie
801 2301 927 2338 docuit.
980 2302 1044 2339 Alii
1061 2316 1189 2340 mores,
1218 2303 1280 2338 alia
1296 2313 1449 2352 tempora
1465 2316 1556 2339 erant
1579 2305 1764 2339 homerica.

9 2355 139 2404 'Qare
161 2350 288 2392 nescio,
321 2366 425 2397 num,
453 2350 560 2401 i‘quod
585 2353 718 2402 quidem
743 2357 807 2390 iam
832 2355 930 2390 multi
952 2354 1005 2389 alii
1029 2355 1067 2389 ab
1089 2355 1200 2390 multis
1225 2353 1358 2391 saeculis
1381 2353 1555 2402 fece-rann)
1579 2357 1764 2397 Gottleber,

7 2426 10 2427 ⁷
24 2406 150 2444 Recitor
165 2403 336 2458 quondam
351 2397 484 2441 scholae
497 2407 772 2454 Annabergcnlis,
787 2407 864 2445 alias
879 2411 928 2443 vir
943 2409 1021 2444 redii
1036 2406 1146 2444 iudicii
1162 2418 1193 2444 et
1207 2407 1332 2444 multae
1347 2406 1552 2451 eruditionis,
1570 2411 1604 2444 in
1621 2410 1761 2445 Comm.

12 2480 23 2494 ι.
1656 2460 1764 2507 super
