2183 2747
119 113 400 148 v‹,t.v.p.;49?350
737 111 802 146 ET
834 111 1062 146 ERVDITIO
1096 111 1246 146 VARIA.
1496 112 1711 152 Lib.II.c.6.
1811 128 1866 164 545

118 224 150 260 p,
169 213 366 256 538—-564.
419 211 549 244 Praeter
572 221 626 249 ea,
653 221 736 257 quae
762 206 801 242 ad
825 209 854 256 §.
872 210 910 243 11.
936 204 1030 257 supra
1047 210 1181 248 notaui,
1208 217 1240 242 et
1253 216 1381 256 praeter
1396 209 1482 243 viros
1505 206 1623 245 doctos
1642 209 1760 245 ibidem
1776 225 1792 246 a
1810 226 1863 249 me

119 263 289 300 laudatos,
316 258 441 297 consuli
460 257 591 310 potsunt
607 261 649 295 R.
673 262 723 296 m.
741 262 932 296 vantioens
953 258 1023 296 diff.
1049 262 1219 296 homerica
1242 259 1281 295 ad
1309 262 1553 309 Porphyrium,
1587 261 1758 311 praemissa
1780 265 1864 301 illius

118 315 253 351 editioni
280 316 452 363 Porphyrii
470 312 510 349 de
526 325 621 348 antro
641 316 896 363 Nympharum,
925 315 1090 357 (Traia-cii
1106 313 1146 349 ad
1162 315 1269 351 Rhen,
1287 315 1373 358 1765.
1393 315 1439 356 4.)
1477 314 1562 349 Lud.
1580 315 1686 350 Hmr.
1706 317 1802 351 Iacob
1823 317 1864 354 de

116 368 255 417 allegor.
275 369 475 409 Homerica,
500 366 624 408 Halae,
655 377 740 412 1755.
760 375 790 405 3.
825 366 982 401 li’enea'iffl
997 368 1219 415 interpretatio
1235 365 1413 415 allegoriae
1429 367 1535 402 Hom.
1551 365 1591 402 de
1607 381 1718 403 errore
1739 379 1771 404 et
1793 384 1864 419 pre.

118 422 220 462 cibus,
236 419 371 470 Lipsiae,
394 428 475 464 1785.
498 433 527 462 4.
553 420 647 454 Harl.
703 421 734 455 Ι.
755 420 793 455 C.
816 419 1033 465 lVet‘nsdmfii
1052 419 1221 467 Allegoria
1239 420 1443 461 Homerica,
1474 421 1599 468 Raptus
1618 423 1784 465 Aurorae,
1811 437 1864 460 ex-

118 474 258 524 plicata,
287 477 319 508 in
335 470 472 508 Stoschii
488 471 608 508 Museo
626 474 750 507 Critico
776 473 798 514 l,
819 473 874 513 lll,
904 486 935 520 p.
954 479 1017 513 280
1038 469 1083 522 sq.
1139 474 1187 506 Io.
1203 472 1336 506 Floderi
1354 469 1433 507 Diss'.
1452 471 1492 507 dc
1508 476 1569 507 Ate
1591 474 1794 518 Homerica,
1822 477 1863 513 ib,

118 529 144 569 l,
160 528 201 569 Il,
225 540 258 575 p.
276 539 340 571 204
358 523 403 576 sq.
456 525 611 561 Eiusdem
631 526 805 574 Specimen
822 523 1052 573 philosophiae
1069 526 1291 567 Homericae,
1320 523 1395 560 ibid.
1414 527 1438 567 1,
1457 524 1514 568 IV,
1542 539 1574 575 p.
1591 538 1659 570 420
1678 524 1722 576 sq.
1753 529 1844 564 Beck.

156 593 196 618 Do
209 594 352 618 „udin-ae
425 584 514 619 Xlll.
540 585 591 618 De
608 583 774 628 Nepenthc
789 584 977 618 Homerico
994 581 1033 618 ad
1055 579 1171 628 Odyss.
1186 578 1222 622 δ’.
1242 595 1306 618 221.
1321 582 1420 618 exstat
1433 582 1514 618 liber
1530 582 1675 620 eruditus
1691 584 1865 634 postumus

117 636 143 657 '⁸
157 633 225 658 ''⁶⁴⁷¹''
236 633 351 665 fiunem
379 637 472 672 Petri
491 637 613 678 Petili,
640 634 766 670 Medici
784 633 981 672 Parisiensis.
1007 636 1154 671 Traiec‘t.
1172 638 1264 681 1689.
1280 644 1308 677 8.
1329 645 1360 670 et
1377 635 1458 671 alter
1473 636 1572 670 Petri
1592 637 1624 671 la
1641 638 1746 680 Scine,
1772 653 1866 688 prae.

117 670 197 700 ΜΝ·
380 691 475 737 cipue
490 699 581 738 parte
598 701 626 723 a.
645 686 751 736 Lugd.
771 691 862 731 1624.
880 695 911 729 8.
928 685 1057 723 recusus
1073 698 1156 723 tom.
1176 689 1229 722 XI.
1246 684 1384 723 thesauri
1400 689 1620 725 Gronouiani.
1655 688 1747 725 Idem
1765 695 1865 728 etiam

118 755 195 778 cura
214 739 368 790 expendit
385 744 417 775 in
432 743 672 776 Exercitatione
689 740 818 775 decima
833 738 962 775 decadis
981 743 1012 776 6.
1030 738 1293 776 dissbrmdonum
1308 739 1445 776 Medico
1463 741 1631 791 Philolog.
1650 743 1755 783 lenae,
1773 747 1865 790 1692.

118 807 148 839 4,
176 792 460 844 praeliatititliiiius
485 792 669 829 lenensium
697 790 925 842 Aesculapius,
957 793 1122 840 Georgius
1140 793 1369 842 llsoffgnngus
1386 793 1578 840 chelius‚
1605 797 1661 843 qui
1682 807 1809 844 praeter
1827 811 1864 833 ea

118 849 260 882 Exercit.
280 849 319 881 V.
345 844 467 881 Decad.
486 849 525 884 V.
549 844 590 880 de
611 847 753 881 Nec'lare
773 855 804 880 et
824 844 1014 887 Ambrosia,
1045 856 1077 881 et
1098 842 1167 881 diss.
1184 847 1215 880 6.
1241 847 1294 880 Vl.
1310 843 1439 881 decadis
1459 848 1528 895 agit
1548 845 1589 882 de
1611 845 1719 883 radice
1740 862 1864 897 amara,

118 913 182 950 qua
203 899 318 935 vulnus
338 897 502 947 Eurypyli
517 908 668 932 curatum
686 899 856 932 Homerus
873 895 973 933 refert
992 898 1082 934 Iliad.
1099 895 1141 937 λ’.
1159 905 1232 942 845.
1255 908 1286 934 et
1309 896 1450 946 dignum
1471 895 1533 933 effe
1558 901 1694 935 Poetarn
1715 914 1865 951 pronun.

117 954 199 992 ciat,
226 964 325 1000 quem
343 961 373 986 et
389 949 513 986 Medici
534 949 647 999 legant
662 962 693 986 et
710 963 780 985 non
794 952 905 1000 paucis
921 951 1003 986 locis
1023 951 1185 1000 explicent
1199 951 1238 986 ab
1256 950 1324 986 aliis
1342 953 1452 986 minus
1476 950 1691 999 intelligenda
1715 956 1796 989 citra
1817 953 1865 990 di-

115 1006 211 1039 vinae
227 1001 416 1039 Medicinae
430 999 610 1038 scientiam.
663 1002 807 1050 [Georg.
829 1003 961 1051 Wotfg.
983 1003 1036 1039 W
1034 1005 1125 1038 edclii
1151 1016 1263 1052 progr.
1281 1003 1430 1038 1—111.
1453 1000 1495 1038 de
1519 1003 1738 1053 Mythologia
1760 1006 1865 1053 Moly

116 1058 313 1092 Homerica.
343 1058 456 1099 lenae,
484 1067 562 1100 1713.
591 1067 622 1100 4.
649 1075 703 1082 -—
730 1052 820 1091 Danss
838 1056 929 1090 Guil.
955 1056 1077 1090 Trillcr
1099 1053 1179 1105 disp.
1202 1055 1243 1091 de
1261 1055 1362 1100 Moly
1386 1057 1591 1099 Homerico,
1617 1067 1649 1092 et
1668 1054 1778 1094 sabula
1794 1061 1865 1095 Cir-

116 1123 205 1152 caea,
233 1107 379 1159 Lipsiae,
407 1110 491 1153 1716.
519 1119 548 1151 4.
585 1117 685 1157 repet.
714 1110 748 1143 in
776 1108 861 1144 illius
885 1105 1059 1158 Opusculis
1091 1107 1226 1144 medicis
1248 1117 1279 1143 et
1307 1105 1705 1157 medico-philologieis.
1739 1110 1805 1146 vol.
1825 1113 1865 1149 11.

115 1159 272 1198 Francos.
291 1160 330 1197 ad
347 1163 465 1196 Moen.
494 1163 582 1204 1766,
610 1174 659 1196 nr.
677 1173 706 1196 2.
735 1157 827 1196 conf.
842 1158 938 1210 supra
957 1159 996 1196 ad
1011 1174 1082 1210 cap.
1105 1164 1142 1196 V.
1172 1174 1220 1196 nr.
1237 1161 1401 1207 XXXIV]
1456 1161 1602 1195 Medicac
1624 1164 1709 1196 artis
1727 1161 1758 1195 ⁹)
1781 1165 1865 1212 peri.

95 1250 97 1254 ,
116 1225 189 1250 tum
205 1216 397 1250 Homerum
415 1211 555 1249 ostendit
571 1224 700 1263 praeter
715 1214 887 1250 auctorem
903 1217 987 1249 vitae
1006 1216 1073 1249 eius
1088 1214 1145 1262 [ff]
1161 1227 1193 1263 p.
1209 1225 1274 1259 390
1292 1210 1336 1262 sq.
1366 1211 1442 1249 edit.
1460 1212 1572 1256 Galei,
1607 1213 1814 1261 Tiraquellur
1829 1218 1864 1252 in

115 1267 202 1304 libro
219 1265 259 1303 de
274 1266 455 1303 Nobilitate
470 1280 503 1316 p.
523 1278 586 1310 274
599 1286 644 1293 —
656 1273 734 1312 289.
766 1267 906 1301 Thomas
924 1266 1141 1302 Bartholinus
1168 1263 1226 1301 sub
1248 1268 1376 1301 initium
1400 1266 1485 1301 Libri
1509 1264 1551 1301 de
1570 1264 1711 1302 Medicis
1736 1269 1862 1314 Poetis3

116 1319 268 1356 Adamas
290 1320 502 1355 Brendclinus
515 1316 737 1354 diss'ertatione
754 1317 795 1355 de
811 1321 967 1355 Homero
983 1318 1139 1362 Medico,
1165 1319 1392 1368 Wittebergae
1414 1331 1465 1353 an.
1485 1330 1580 1362 1700.
1604 1320 1637 1353 in
1656 1320 1775 1369 vulgus
1795 1319 1862 1356 edi-

115 1383 159 1409 ta.
213 1373 260 1419 [Ι.
280 1373 322 1409 G.
340 1372 475 1407 Daelme
490 1369 531 1406 de
546 1370 710 1408 medicina
726 1373 891 1412 Homeri,
919 1371 1061 1422 Lipsiae,
1089 1374 1182 1417 1776.
1231 1373 1258 1407 I.
1278 1369 1397 1417 Christ.
1417 1369 1582 1419 Haynifih
1603 1384 1716 1421 progr.
1733 1375 1863 1410 Home.

116 1439 192 1461 rum
211 1428 286 1461 artis
303 1423 457 1460 medendi
476 1427 619 1474 peritum
635 1421 748 1467 fuitse,
772 1425 910 1460 Schleiz.
947 1428 1037 1469 1736.
1064 1422 1127 1461 fol.
1156 1434 1188 1460 et
1208 1422 1397 1459 conditores
1422 1423 1575 1459 historiae
1594 1423 1768 1461 litterariae
1788 1427 1863 1462 Me.

115 1476 251 1514 dicinae.
307 1479 422 1514 Peritia
446 1489 526 1512 vero
547 1487 581 1512 et
605 1491 655 1513 ars
680 1475 835 1513 medendi
853 1488 1006 1528 tempore
1022 1479 1159 1514 heroico
1176 1479 1285 1526 potius
1310 1479 1342 1511 in
1358 1473 1487 1511 scientia
1504 1472 1627 1525 vsuque
1647 1488 1678 1513 et
1693 1482 1863 1514 curatione

116 1531 318 1567 morborum
336 1540 550 1566 externorum
567 1540 664 1579 atque
680 1533 712 1565 in
727 1530 916 1566 vulneribus
930 1529 1100 1574 curandis,
1128 1540 1196 1565 arte
1212 1531 1416 1577 chirurgica,
1449 1542 1551 1578 quam
1579 1530 1704 1565 morbis
1729 1533 1862 1567 internis

116 1597 182 1634 ope
205 1582 530 1618 medicamentorum
553 1592 585 1618 et
611 1585 775 1619 interioris
801 1586 951 1633 corporis
971 1585 1110 1619 humani
1128 1584 1328 1631 cognitionis
1350 1579 1505 1616 tollendis
1523 1579 1718 1618 versabatur.
1741 1583 1861 1631 Har-L]

117 1635 331 1672 Conuiuandi
350 1638 513 1671 rationem
533 1648 574 1670 ex
592 1637 750 1672 Homero
765 1635 969 1686 persequitur
983 1637 1170 1671 Athenaeus
1184 1635 1239 1670 lib.
1251 1637 1294 1671 V.
1310 1631 1562 1683 Dipnosophist.
1579 1632 1766 1683 praeferens
1783 1650 1863 1673 con-

117 1691 244 1724 viuium
265 1690 489 1725 Homericum
513 1687 698 1738 Sympostis
720 1688 885 1732 Platonis,
913 1690 1165 1739 Xenophontis,
1192 1689 1324 1737 Epicuri
1347 1697 1379 1722 et
1402 1686 1545 1723 aliorum
1570 1685 1863 1738 Philosophorum.

117 1742 249 1777 Fabric.
300 1745 338 1776 In
359 1738 489 1790 scyphis
509 1752 747 1790 argumentum
766 1742 929 1778 caelatum
946 1755 1080 1791 quoque
1096 1739 1262 1776 interdum
1277 1736 1371 1776 fuisse
1386 1753 1423 1775 ex
1439 1741 1594 1775 Homero
1611 1737 1770 1783 sumtum,
1794 1741 1863 1778 col.

118 1793 232 1842 ligitur
247 1806 285 1828 ex
300 1795 451 1829 Suetonio
470 1796 502 1827 in
517 1796 652 1829 Nerone
667 1807 740 1844 cap.
758 1806 813 1838 47.
836 1797 917 1829 duos
923 1794 1063 1841 scyphos
1076 1793 1247 1841 grntiffimi
1261 1793 1354 1840 usur,
1381 1804 1459 1839 quos
1475 1792 1696 1835 Homericos,
1725 1807 1743 1828 a
1766 1794 1864 1830 caela.

119 1853 198 1881 tura
223 1847 397 1879 carminum
422 1845 576 1886 Homeri,
602 1847 760 1893 vocabat,
783 1847 860 1894 solo
881 1847 970 1895 illisit
991 1849 1098 1892 (Nero
1110 1849 1134 1890 :)
1159 1847 1305 1881 litterata
1330 1844 1452 1894 pocula
1476 1843 1613 1893 intelligi
1637 1856 1754 1896 putant
1773 1847 1864 1883 Bur.

50 1923 57 1927 -
116 1910 224 1935 mann.
249 1896 288 1933 ad
310 1897 425 1933 locum
444 1895 622 1943 Casanbon.
647 1896 687 1933 ad
706 1900 828 1934 Athen.
845 1900 899 1934 XI.
932 1899 1056 1946 Reincs
1078 1897 1118 1934 ad
1136 1900 1267 1934 Petron.
1289 1912 1361 1947 cap.
1378 1899 1430 1932 Lt.
1451 1909 1514 1945 ego
1533 1910 1610 1933 vero
1628 1909 1766 1948 propter
1786 1912 1861 1935 voe.

117 1951 283 1986 caelatura
311 1963 389 1986 cum
409 1947 655 1999 Oudendorpio
675 1960 773 2001 atque
793 1950 931 1988 Ernesto
960 1961 1198 2002 argumentum
1225 1953 1438 1987 homericum
1462 1948 1625 1986 caelatum
1653 1954 1862 2002 interpretor.

117 2003 218 2040 Harl.

131 2063 268 2097 71101081'2
277 2060 355 2087 Hom.
408 2059 496 2094 XIV.
526 2056 735 2104 Theologiam
751 2059 895 2096 Homeri
909 2062 943 2105 ²)
961 2074 1096 2110 quoque
1111 2058 1191 2102 fuit,
1215 2061 1271 2109 qui
1293 2057 1447 2106 singulari
1470 2056 1584 2096 libello
1604 2058 1862 2110 persequeretur,

118 2115 245 2151 Petrus·
259 2112 519 2161 Lestaluperius,
545 2108 587 2146 ad
610 2110 736 2146 calcem
759 2115 1005 2150 Commentarii
1026 2116 1061 2149 iu
1078 2114 1216 2149 Librum
1231 2113 1270 2148 11.
1293 2113 1462 2147 Ciceronis
1483 2108 1525 2147 de
1550 2114 1675 2149 Natura
1698 2116 1861 2150 Deorum.

1752 2167 1863 2202 Exstat

159 2238 195 2275 y)
220 2231 376 2263 Chemicae
403 2240 540 2272 quoque,
573 2231 593 2260 fl
614 2229 759 2261 credimun
783 2231 847 2263 Iac.
871 2233 964 2264 Tollio
1017 2235 1079 2264 rius
1095 2232 1178 2263 fucus
1194 2230 1250 2262 etse
1265 2230 1385 2262 videtur
1401 2230 1532 2262 Antonii
1549 2232 1643 2263 I‘rcei
1656 2231 1759 2268 Codri,
1782 2233 1859 2264 iudi-

120 2287 184 2321 pag.
206 2287 277 2307 200.
299 2277 459 2306 Formitor.
484 2274 529 2313 [id
551 2274 631 2315 quod
661 2283 765 2314 magna
789 2276 964 2317 probatione
1017 2279 1107 2306 cantis
1122 2284 1196 2306 orat.
1216 2286 1252 2311 ¹3.
1268 2278 1367 2305 omnia
1383 2275 1420 2304 ab
1436 2277 1568 2305 Homero
1585 2274 1694 2305 discere
1708 2275 1808 2314 licere,
1822 2278 1860 2309 ab

120 2332 206 2360 egere
222 2319 287 2350 aliis
302 2319 477 2355 videbitur]
502 2320 667 2348 Homerum
688 2329 761 2349 vero
785 2318 883 2350 laudat
903 2320 964 2362 ipse
1016 2329 1078 2350 arte
1092 2321 1262 2360 coquinaria
1278 2319 1313 2348 ad
1328 2327 1419 2348 artem
1435 2319 1553 2349 vrbium
1569 2319 1771 2358 regendarum.

121 2366 316 2406 Hippocrates
331 2361 397 2392 libr.
413 2362 449 2392 de
464 2361 599 2392 Articulis
621 2369 691 2391 tom.
709 2364 745 2392 11.
766 2375 794 2404 p.
811 2368 876 2402 762.
901 2366 964 2394 Me.
1061 2370 1095 2399 z)
1119 2365 1233 2394 Notatu
1248 2362 1352 2401 dignus
1377 2361 1458 2392 locus
1480 2361 1664 2392 Scholiorum
1679 2363 1715 2393 ad
1732 2363 1815 2394 Iliad.
1833 2363 1859 2395 ν’.

121 2407 202 2439 dicae
224 2416 320 2438 tamen
343 2409 468 2436 Homeri
492 2404 626 2435 scientiae
645 2416 703 2435 non
719 2405 844 2438 multum
861 2407 965 2438 tribuit
1019 2416 1077 2443 521.
1097 2403 1141 2435 ’ὅτι
1160 2405 1232 2444 καιροὶ
1246 2407 1282 2441 τῷ·
1296 2406 1391 2441 ποιητῇ
1415 2405 1438 2434 οἱ
1452 2406 1519 2434 Θεοί
1535 2407 1693 2434 oman-rami}
1715 2407 1859 2441 λιμβηᾶ.

120 2451 214 2484 Alex.
235 2449 380 2492 Tqfflmus
397 2451 449 2481 IX.
467 2460 511 2480 ιο.
540 2450 672 2481 Penfitte
695 2448 812 2482 diuetfi.
856 2454 964 2483 Orato-
1013 2463 1086 2487 μινοι
1104 2447 1290 2486 ἰἰθρωκοσδῖὂι
1305 2450 1462 2490 Im'farraj,
1484 2450 1532 2489 wi
1544 2448 1685 2487 ἀθανασίᾳ
1701 2450 1781 2487 μόνον
1800 2448 1861 2479 δια-

165 2503 238 2537 Vol.
251 2502 280 2534 1.
1101 2495 1126 2532 z
1138 2508 1156 2531 z
1167 2507 1187 2532 z
1740 2496 1861 2534 wifam.
