2071 2747
664 56 959 95 HERODOTVS
1246 60 1319 98 Lib.
1331 61 1384 98 II.
1402 63 1524 100 axx,
1630 78 1689 114 329

0 159 49 188 nrt.
70 161 150 198 ¹753·
167 159 251 200 part.
267 151 310 187 11.
329 147 405 200 pag]
427 162 476 195 ¹53
492 147 560 201 sqq.
592 152 727 188 Nouam
744 151 910 189 Herodoti
926 151 1105 190 editionem
1125 153 1212 190 idem
1229 157 1383 196 molitus,
1413 169 1565 208 tempore
1579 172 1688 198 autem

0 199 112 245 dusiis,
147 201 384 239 diist-stationes
408 205 441 238 in
463 207 639 254 praecipua
661 206 758 240 huius
783 203 948 256 scriptoris
968 205 1043 242 loca
1066 218 1194 243 tantum
1210 209 1389 258 publicauit
1410 224 1485 257 ¹7¹5·
1511 212 1688 252 adnotantc

0 268 91 292 >ricto
115 269 148 290 in
170 267 239 291 not.
255 266 371 292 msstis.

46 325 174 360 Λυᾶοτ
187 324 318 370 claffitae
334 324 561 371 biographiae,
586 338 625 360 ex
649 322 801 362 sermone
823 327 956 376 anglico
981 330 1014 363 in
1031 331 1263 376 germanicum
1280 344 1297 364 a
1314 330 1397 365 Sam.
1415 331 1587 382 Mutfinna
1608 347 1686 374 con.

0 371 69 417 sae,
96 387 180 425 part.
196 377 236 411 11.
258 389 335 427 pag.
353 389 366 412 1
384 375 452 427 sqq.
481 377 588 413 Halae
606 379 727 414 Saxon.
757 382 847 424 ¹768·
877 385 908 419 8.

43 445 74 480 Ι.
88 445 131 480 G.
149 445 188 480 dt
206 444 386 493 Chausepic'
404 447 552 483 Dietion.
572 445 685 483 histor.
712 457 744 483 et
767 450 921 497 critique,
949 461 1020 484 voc.
1039 447 1216 486 Heroden.

47 513 107 548 Du
122 513 187 548 Pin
206 520 258 550 in:
286 516 330 550 La
345 514 569 564 bibliotheque
585 513 778 551 universelle
800 514 855 551 des
879 516 1073 552 Historiens.
1103 516 1266 554 Amsserd.
1294 524 1387 563 ¹708.
1415 531 1446 563 4.
1472 533 1550 570 pag.
1568 527 1634 561 108.

42 580 166 616 Petrus
178 583 354 631 lVeffiling
371 586 403 618 in
420 579 649 619 Dissertatione
665 582 877 627 Herodotea,
901 586 1047 621 Traiedli
1064 583 1104 620 ad
1123 586 1295 630 Rhenum,
1323 594 1409 632 1758.
1431 595 1462 630 8.
1490 609 1540 617 —
1570 593 1603 626 in
1621 595 1684 642 pri.

0 644 4 666 i
19 634 53 668 in
68 632 272 682 praefatione
293 635 332 671 ad
356 633 448 670 suam
464 635 630 672 Herodoti
647 635 838 672 editionem.

43 701 188 738 Larcber
208 706 240 740 in
267 703 500 753 chronologia
522 702 708 748 Herodoti,
742 702 885 740 francice
908 701 1043 755 scripta,
1080 702 1249 742 subiuncta
1272 709 1339 744 eius
1357 707 1495 757 gallicae
1514 710 1683 748 Herodoti

0 751 97 797 fioni.
122 754 163 792 de
184 770 248 806 qua
275 754 359 792 infra
381 770 530 805 agemus,

44 823 92 858 Ῑο.
107 824 205 861 Frid.
225 825 341 873 Degen
364 827 398 860 in
414 826 540 861 Notitia
560 825 716 861 litteraria
739 822 779 860 de
797 824 994 869 Herodoto,
1023 823 1189 862 subiuncta
1205 825 1272 862 vol.
1284 828 1324 864 V.
1341 825 1498 864 versionis
1515 830 1682 869 Herodoti

0 883 133 912 tonicae.

39 942 132 991 Pope
149 968 160 975 -
178 945 301 980 mount
317 942 464 981 Censura
482 947 660 981 authorum
681 954 741 980 etc.
763 958 796 994 p.
817 956 916 990 15—-
932 951 979 986 18.
1035 945 1126 981 Alios
1147 945 1266 988 libros,
1294 949 1327 981 in
1349 947 1465 996 quibus
1488 947 1529 984 de
1550 951 1680 1000 quibus·

0 1007 15 1030 n
30 994 111 1031 locis
127 996 328 1034 Herodoteis
349 997 483 1048 aliisque
498 996 537 1034 ad
554 1010 631 1033 eum
648 998 884 1048 pcrtinentibus
907 998 1001 1034 rebus
1025 995 1228 1048 disputatur,
1255 996 1340 1034 infra
1363 1000 1576 1037 commodius
1600 1003 1682 1040 indi-

0 1060 92 1084 imus.

36 1116 247 1166 Barthelemy
271 1121 304 1154 in
329 1121 444 1154 itinere
466 1119 603 1154 iunioris
626 1116 868 1153 Anacharfidos
896 1131 955 1166 per
976 1120 1149 1154 Graeciam
1176 1117 1215 1154 de
1241 1117 1440 1167 Herodoto,
1474 1121 1679 1167 Thucydide

0 1168 209 1219 {enophonte
225 1169 363 1211 iudicat,
389 1182 420 1207 et
434 1169 598 1220 quaedam
621 1169 734 1219 culpat
758 1173 788 1205 in
817 1169 1013 1206 Herodoto:
1038 1167 1090 1206 sed
1114 1185 1273 1220 compara
1296 1184 1421 1208 nouam
1444 1173 1678 1212 bibliothecam

0 1218 136 1258 fiensem
153 1221 338 1259 litteratum
357 1222 603 1273 elegantiorum
624 1223 692 1260 vol.
707 1224 855 1259 ΧΧΧΧΙ.
870 1234 952 1273 part.
967 1223 1006 1258 11.
1027 1235 1103 1272 pag.
1121 1235 1177 1267 223
1195 1221 1262 1274 sqq.

37 1307 142 1343 Natus
165 1305 210 1343 est
225 1305 430 1358 Olympiade
449 1306 612 1343 Lxxlm.
628 1318 653 1342 1.
684 1305 764 1352 (vid.
780 1317 850 1342 not.
864 1306 920 1357 g.)
948 1321 975 1343 a.
993 1309 1062 1343 Per.
1079 1308 1140 1343 Iul.
1156 1319 1249 1352 4230.
1274 1318 1347 1344 ante
1363 1309 1400 1344 C.
1415 1309 1456 1345 N.
1473 1315 1546 1354 484.
1578 1311 1618 1347 V.
1635 1311 1674 1348 C.

0 1374 14 1394 ι.
39 1358 122 1405 (vid.
140 1360 284 1396 Larcher
297 1374 329 1410 p.
343 1363 429 1406 576.)
482 1357 638 1396 Adultior
651 1357 918 1395 Halicarnassum
934 1360 1122 1409 relinquens
1140 1358 1171 1395 se
1186 1363 1218 1395 in
1237 1358 1377 1396 insulam
1400 1363 1538 1397 Samum
1561 1374 1677 1400 contu·

15 1411 121 1462 ibique
136 1414 235 1447 ionici
251 1410 411 1449 sermonis
426 1425 560 1447 veneres
573 1411 746 1461 amplexus
764 1411 819 1447 est.
874 1410 1024 1447 Consilio
1041 1412 1194 1448 hisloriae
1210 1411 1396 1448 scribendae
1419 1425 1534 1462 capto,
1561 1425 1595 1450 vt
1616 1414 1677 1451 sin.

0 1474 14 1499 Ι
28 1461 246 1514 expiscaretur
267 1475 299 1501 et
321 1467 497 1513 regionum
517 1462 592 1499 fitus
614 1473 711 1513 atque
732 1464 858 1499 habitus
881 1465 1086 1513 exploraret,
1114 1467 1225 1500 itinera
1245 1462 1322 1500 fecit
1337 1479 1396 1514 per
1418 1479 1556 1501 omnem
1577 1468 1676 1504 Grae-

0 1526 35 1556 n..
59 1515 318 1559 Macedoniam,
342 1518 530 1552 Thraciam
542 1544 552 1558 ‚
579 1516 662 1551 vltra
680 1515 799 1551 Istrum
816 1527 848 1552 et
864 1515 1117 1562 Borysthenem,
1145 1531 1204 1566 per
1223 1520 1406 1552 maximam
1424 1517 1518 1553 Asi-ae
1535 1530 1675 1568 partem.

0 1564 103 1605 fedius
117 1581 252 1619 quoque
265 1568 311 1605 est
333 1571 367 1604 in
384 1572 575 1618 Aegyptum
589 1562 615 1600 i)
638 1579 668 1604 et
692 1568 832 1615 Libyam
858 1571 1081 1618 Cyrenenque
1104 1579 1135 1605 et
1157 1569 1219 1605 alia
1247 1567 1358 1604 forsan
1388 1569 1604 1620 amplissimae
1631 1585 1678 1608 re-

0 1622 45 1656 nis
67 1619 190 1671 oppida
210 1619 301 1657 vidit.
368 1621 461 1657 Vidit
483 1620 696 1670 probabiliter
721 1634 855 1671 quoque
878 1620 1103 1667 Babylonem,
1139 1620 1218 1665 (vid.
1237 1622 1399 1656 Herodot.
1418 1624 1440 1657 1.
1464 1636 1534 1671 cap.
1555 1630 1620 1664 181.
1646 1635 1678 1660 et

0 1672 123 1723 &quod
141 1672 276 1723 quidem
289 1674 344 1708 der
361 1673 521 1723 Vignolcs
537 1673 703 1709 Chronol.
723 1674 795 1709 libr.
815 1675 872 1709 IV.
893 1686 926 1717 4,
941 1687 968 1720 ς.
993 1683 1025 1709 et
1052 1674 1107 1708 VI.
1125 1684 1152 1716 3,
1171 1687 1219 1710 10.
1243 1684 1361 1721 negat:
1389 1684 1420 1709 at
1442 1675 1585 1710 Bouhier
1605 1674 1676 1713 diss‘.

0 1723 53 1771 bd.
68 1740 141 1776 cap.
157 1738 183 1762 1.
197 1737 229 1761 et
243 1723 438 1775 Wesseling.
456 1728 488 1760 in
505 1723 609 1774 praef.
626 1723 656 1760 id
675 1724 872 1768 adfirmant,
899 1728 954 1774 qui
971 1737 1099 1776 praeter
1115 1739 1151 1760 ea
1169 1725 1418 1770 animaduertit,
1446 1727 1499 1761 des
1517 1727 1677 1775 Vignolet

0 1771 117 1813 todoto
135 1775 278 1827 saepius,
304 1791 405 1827 quam
425 1791 483 1827 par
498 1788 588 1819 erat,
615 1775 709 1812 fuisse
727 1780 945 1827 iniquiorem,
974 1780 1145 1827 nimioque
1170 1776 1294 1813 Ctefiae
1319 1791 1434 1813 amore
1460 1781 1493 1813 in
1517 1789 1677 1816 transuer-

0 1838 15 1865 Ι
29 1830 211 1880 abreptum.
240 1829 323 1866 adde
343 1830 508 1867 lValtlieri
525 1826 752 1865 animaduerfs.
769 1831 880 1865 histor.
898 1840 929 1865 et
946 1832 1071 1866 criticas
1090 1844 1122 1878 p.
1141 1837 1184 1876 98
1201 1827 1244 1878 sq.
1298 1830 1408 1866 Postea
1424 1830 1618 1868 Herodotus
1642 1836 1675 1869 in

0 1890 76 1918 mm
92 1893 275 1925 reuertens,
301 1895 358 1924 ea,
383 1895 466 1932 quae
485 1882 686 1930 collegerat,
711 1880 834 1931 seriptis
847 1881 1042 1931 consignare
1063 1886 1190 1931 coepit,
1217 1881 1315 1917 Suida
1337 1884 1481 1919 audiore.
1533 1884 1675 1922 Patriam

0 1935 38 1978 ᾤ,
65 1931 262 1971 faffionibus
283 1935 467 1977 turbatam,
501 1934 631 1983 reliquit
653 1937 752 1984 inque
774 1936 946 1970 Graeciam
973 1933 1120 1970 tetendit.
1169 1936 1205 1970 In
1227 1946 1394 1970 conuentu
1419 1935 1602 1985 Olympico
1627 1951 1677 1973 re·

0 1986 52 2022 1ιί
70 1986 241 2025 historiam
263 1984 356 2023 suain
376 1987 519 2036 Olymp.
535 1987 681 2022 LXXXI.
701 2001 725 2023 1.
750 1984 918 2037 praesente
939 1985 1164 2031 Thucydide,
1191 1999 1296 2034 puero
1314 1988 1385 2023 XV.
1408 2000 1591 2025 annorum:
1620 1992 1676 2026 ite-

0 2048 20 2073 ι
39 2041 184 2076 recitauit
206 2041 341 2076 Athenis
361 2039 502 2089 Olymp.
521 2039 736 2082 LXXX111.3.
765 2053 866 2088 quam
889 2037 1128 2084 Thucydides,
1159 2038 1243 2073 virili
1261 2041 1327 2074 iam
1347 2050 1468 2083 aetate,
1496 2037 1676 2078 auscultare

0 2089 61 2127 nit.
83 2090 150 2128 vid.
164 2093 215 2129 H.
229 2091 393 2128 Dodwelli
417 2090 612 2141 adparatum
636 2090 676 2127 ad
699 2092 806 2127 annal.
823 2090 1018 2137 Thucydid.
1045 2088 1118 2126 sect.
1134 2097 1180 2131 18.
1204 2104 1235 2139 p.
1252 2103 1298 2133 ²3·
1338 2091 1456 2141 Corfin.
1474 2093 1507 2127 F.
1528 2095 1566 2129 Λ.
1590 2103 1672 2130 tom.

0 2167 2 2175 .
22 2145 176 2193 μεως.
200 2157 268 2196 quo
293 2155 406 2181 tamen
429 2143 612 2195 posteriore
634 2143 714 2181 loco
728 2143 886 2181 Corfinus
901 2146 962 2187 ait,
989 2145 1217 2179 recitationem
1231 2142 1397 2180 Herodoti
1418 2141 1541 2180 faciam
1563 2144 1625 2181 effe
1642 2150 1676 2182 in

1486 2197 1675 2250 Olympici,

0 2298 131 2339 >Curtio
154 2302 272 2346 olymp.
288 2306 405 2337 Lxxx.
421 2314 442 2335 1.
461 2312 519 2336 ια.
538 2315 564 2336 ι.
583 2315 630 2342 2⁴-
654 2305 778 2336 Lai-ehe-
831 2311 860 2334 et
876 2303 1012 2334 edoetum
1037 2314 1052 2335 ι
1076 2302 1291 2342 sacerdotibus..
1314 2305 1434 2337 testatur
1450 2305 1601 2340 Ferodot.
1624 2308 1675 2341 lib.

0 2345 116 2375 mio-es
127 2343 314 2386 abducente,
329 2350 360 2379 in
375 2350 508 2392 Aegypto
523 2349 550 2380 se
564 2348 710 2382 versatum
725 2348 779 2380 ess'e
832 2349 867 2379 11.
892 2358 914 2383 3·
933 2357 969 2383 ¹3·
987 2357 1027 2385 19.

0 2408 57 2442 Vd-
67 2411 116 2445 11.
878 2408 914 2444 Τ
924 2417 938 2443 t
