2183 2747
507 143 830 182 PYTHAGORAE
863 144 1025 183 AETAS.
1064 145 1344 185 EPIMETRON
1374 149 1413 184 11.
1480 147 1713 184 Lib.Jl.e.r2.
1777 154 1839 194 759

81 245 147 280 mis
160 243 272 294 premi
288 240 552 285 difficultatibus,
583 242 742 277 Bmtesus
758 239 798 276 de
813 251 917 277 aetate
935 242 1144 291 Pythagorae
1159 256 1193 291 p.
1210 251 1249 287 38
1269 242 1312 293 sq.
1337 257 1376 280 ex
1391 242 1468 279 vers.
1487 245 1664 292 Lennepii,
1692 246 1836 292 cumpri-

81 299 145 332 mis
157 297 312 332 Brucker.
328 296 351 332 l.
367 309 415 331 m.
432 309 464 344 p.
485 308 510 330 1:
525 307 570 338 04
586 291 656 345 sqq.
682 295 886 330 Tiea‘cmarm.
902 308 934 344 p.
952 297 1227 343 235-etMt‘1'1161s
1247 304 1363 346 p.308.
1383 307 1413 332 et
1428 309 1479 340 312
1500 296 1565 346 sqq.
1595 296 1692 332 docte
1707 296 1836 346 lateque

80 348 313 386 ostenderunt:
336 351 392 398 qui
407 349 465 382 viri
480 347 569 383 docti
585 350 686 383 etiam
702 349 736 381 in
753 356 903 396 tempu8‚
930 346 1065 397 quando
1081 350 1112 383 in
1130 349 1303 384 Graeciam
1324 348 1455 385 redierit
1477 360 1507 384 et
1532 352 1682 385 Crotona
1706 346 1737 384 se
1758 362 1836 384 con-

78 401 212 444 tulerit,
238 412 353 437 contra
370 398 592 437 Dodwellmn
608 400 689 436 alios
715 412 774 445 ue,
801 398 976 448 diligenter
989 399 1236 450 inquisiuerunt.
1276 423 1328 428 —
1371 403 1424 448 F)
1445 403 1618 450 Quintam
1641 415 1720 437 vcro
1746 411 1835 438 tanta

77 455 158 491 haec
174 452 408 490 sententiarum
421 467 459 489 ae
476 455 644 489 rationum
662 414 850 488 discrimina
866 450 938 488 sunt
953 463 1045 488 enata
1062 467 1079 489 e
1094 452 1230 490 diuerfis
1246 465 1277 490 et
1292 451 1402 490 secum
1420 465 1473 490 aut
1491 468 1568 490 cum
1585 455 1711 504 reliqua
1733 454 1834 490 hisso-

77 510 124 543 ria
141 507 364 558 pugnantibus
387 516 536 542 veterum
561 505 602 542 de
622 507 812 554 Pythagora
838 506 1097 549 narrationibus3
1121 520 1262 556 quarum
1287 507 1455 558 plurimae
1475 518 1530 543 aut
1552 521 1655 543 vanae
1679 505 1754 542 sunt
1775 517 1834 543 aut

75 563 220 596 incertae
244 571 276 596 et
299 573 422 608 vagae3
455 561 626 609 pauciores
651 557 690 593 ad
716 560 888 593 veritatem
911 569 943 594 et
966 557 1067 594 fidem
1083 559 1273 596 hisson'cam
1292 559 1470 601 accedunt,
1496 559 1584 610 apud
1609 559 1832 596 Iamblichum

76 612 218 663 denique
236 614 322 649 bona
340 611 435 647 malis
451 615 554 647 mixta
570 622 600 647 et
619 608 756 647 confusa
773 607 847 646 sunt
862 625 924 647 nec
938 609 1113 660 diligenter
1129 609 1248 649 secreta
1265 612 1494 664 declarataque
1513 624 1664 649 veterum
1687 612 1833 648 testimo-

74 669 146 702 nia:
172 667 250 703 boni
275 665 420 701 historici
446 675 478 700 et
501 666 603 701 critici
628 663 692 707 est,
720 673 795 699 ante
819 666 934 699 omnia
954 663 1079 711 fidem,
1110 663 1356 707 dexteritatem,
1388 668 1541 716 peritiam
1558 677 1655 716 atque
1676 675 1830 713 aetatem,

75 721 174 755 etiam
193 721 365 767 ingenium
383 717 535 761 testium,
561 727 723 767 quantum
740 716 811 752 fieri
832 716 956 766 potest,
985 726 1135 754 accurate
1156 721 1363 762 examinare⁷
1387 719 1492 769 probe
1515 716 1696 755 discernere
1719 716 1830 754 fontes

73 771 233 822 limpidos
250 787 266 806 a
283 770 397 806 riuulis
415 770 549 806 turbidis
563 799 572 813 ,
600 769 761 820 indeque,
787 781 870 818 quae
887 783 963 805 vera
980 779 1034 806 aut
1051 767 1131 806 falsa
1147 770 1227 815 sint,
1256 782 1312 808 aut
1328 770 1516 808 verisimilia
1532 770 1672 822 prouide
1695 772 1829 808 haurire

13 847 15 854 ·
74 839 113 861 ac
136 827 196 860 rite
216 823 430 873 legitimeque
452 823 612 873 colligere
635 836 671 858 ac
689 822 841 872 probare.
896 822 933 857 In
952 824 1016 857 hoc
1031 836 1110 858 vcro
1127 826 1284 873 negotiO,
1311 838 1386 861 mea
1399 823 1532 875 quidem
1553 822 1728 866 sententia,
1755 823 1830 860 nul·

73 878 124 914 lus
148 875 274 913 felicius
297 875 554 925 diligentiusque
577 873 718 912 versatus
736 873 798 916 cst,
824 887 926 923 quam
943 875 1097 923 Meinms
1115 875 1137 914 l.
1153 890 1201 912 m.
1220 880 1275 926 qui
1297 879 1329 912 in
1353 880 1466 927 primo
1488 880 1594 927 capite
1614 877 1688 913 libri
1703 879 1787 913 tertii
1808 890 1828 913 a

71 944 103 979 p.
120 936 174 974 ¹87
191 949 244 955 -—
260 940 335 973 303.
353 941 472 964 omnes
489 931 689 976 antiquiores
703 929 865 970 afflores,
888 930 944 977 qui
964 926 1004 963 de
1018 930 1207 977 Pythagora
1223 932 1355 979 eiusque
1371 927 1484 967 schola
1501 941 1598 980 atque
1613 927 1828 980 philosophia

69 981 138 1018 siue
151 979 251 1017 fufius
266 979 331 1016 sine
347 979 479 1030 pre-liius
495 978 691 1030 seripserunt
706 990 762 1016 aut
777 976 932 1029 scripsiffe
947 991 1198 1025 memorantur,
1227 995 1266 1017 ex
1288 981 1405 1019 ordine
1427 980 1606 1029 recensuit,
1635 993 1668 1019 et
1692 985 1730 1022 in.
1747 979 1827 1018 clas·

69 1032 118 1071 ses
141 1033 301 1085 quasdam
325 1030 509 1083 dispescuit.
561 1033 715 1085 Reliqui,
742 1035 797 1082 qui
820 1032 860 1068 de
887 1034 1079 1082 Pythagora
1103 1038 1268 1070 memoria
1293 1038 1468 1072 recentiori
1490 1046 1647 1085 egerunt,
1672 1034 1704 1070 id
1720 1035 1825 1071 officii

69 1087 123 1124 vel
138 1088 236 1138 plane
250 1086 484 1136 neglexerunt,
510 1083 648 1123 summis
668 1089 742 1122 imis
759 1087 888 1126 mixtis,
916 1086 1141 1123 Iamblichum
1158 1097 1282 1125 temere
1300 1085 1430 1133 sectati,
1455 1088 1509 1125 vel
1531 1087 1573 1124 de
1595 1085 1823 1139 quorumdam

68 1138 310 1178 tantmnmodo
324 1150 472 1176 veterum
487 1138 553 1176 fide
570 1150 601 1176 et
615 1141 811 1177 auctoritate
825 1135 960 1174 fuerunt
980 1136 1124 1176 solliciti.

169 1247 233 1282 His
248 1247 349 1296 igitur
365 1242 566 1296 praemissu,
590 1243 727 1295 quilibet
741 1241 841 1281 facile
857 1241 924 1295 ipse
938 1244 1120 1294 intelliget⁷
1145 1243 1323 1295 quomodo
1347 1247 1571 1282 recentiorum
1594 1241 1824 1295 quorumdam

65 1296 246 1336 docstorum
264 1300 446 1335 hominum
462 1297 581 1334 iudicia
597 1307 629 1333 et
646 1300 811 1341 rationes,
836 1311 979 1347 quarum
996 1297 1105 1333 adhuc
1120 1301 1329 1334 mentionem
1344 1301 1455 1349 paucis
1473 1297 1618 1336 facturus
1633 1295 1705 1334 sum
1717 1327 1726 1342 ,
1748 1311 1822 1346 per-

65 1351 210 1402 pendere
224 1363 322 1402 atque
338 1354 527 1388 examinare
544 1349 671 1387 debeat.
725 1352 939 1401 Qapropter
953 1364 1020 1400 ego
1040 1364 1081 1387 eo
1104 1351 1238 1388 breuior
1252 1349 1314 1388 effe
1330 1349 1462 1402 possum
1480 1355 1513 1387 in
1529 1348 1730 1387 recensendis
1748 1350 1822 1386 illo-

65 1417 141 1441 rum
158 1405 361 1449 rationibus,
387 1417 530 1455 quarum
545 1414 675 1454 praeter
696 1416 734 1439 ea
754 1401 924 1441 summam
950 1401 1126 1440 theotiscae
1145 1404 1281 1453 linguae
1299 1407 1395 1454 gnari
1413 1407 1447 1440 in
1460 1402 1627 1442 Meinersii
1651 1403 1736 1440 libro
1755 1400 1821 1439 sae·

64 1460 138 1509 pius
158 1457 313 1502 laudato,
345 1472 378 1509 p.
393 1466 457 1502 308
474 1478 526 1484 —-
543 1469 610 1503 319.
633 1455 749 1506 paullo
772 1455 938 1507 copiosius
959 1456 1169 1507 explicitam,
1197 1455 1310 1494 addito
1331 1456 1474 1501 iudicio,
1499 1459 1673 1506 reperient.
1725 1453 1820 1492 Dod-

65 1510 186 1548 wellus
211 1513 313 1560 igitur
338 1513 373 1548 in
393 1507 465 1547 diff.
483 1511 540 1546 m.
563 1508 604 1544 de
626 1509 787 1545 veteribus
808 1511 924 1546 Graec.
949 1520 980 1546 et
1002 1512 1106 1547 Rom.
1123 1509 1245 1556 cyclis,
1273 1520 1304 1546 et
1320 1512 1353 1546 in
1369 1511 1565 1546 Exercit.11.
1583 1508 1623 1545 de
1640 1518 1743 1544 aetate
1756 1510 1820 1554 Py-

65 1565 245 1613 thagorae,
273 1564 326 1600 vbi
341 1578 375 1614 p.
391 1575 449 1608 232
466 1560 513 1613 sq.
532 1572 630 1599 notas
641 1561 731 1598 dedit
745 1563 1005 1612 chronologicas
1020 1566 1055 1599 in
1077 1563 1201 1599 tabulas
1223 1564 1256 1611 §.
1271 1565 1296 1598 1.
1325 1563 1509 1599 Annalium
1527 1564 1759 1611 Pythagorae,
1786 1569 1820 1596 et

56 1614 105 1656 *bd
121 1630 201 1666 quas
217 1613 289 1653 diff.
306 1619 436 1653 tertiam
451 1615 492 1652 de
506 1614 608 1663 cyclis
621 1613 822 1664 exigendam
837 1613 900 1652 effe
913 1613 1038 1659 scribit,
1064 1614 1193 1664 lingula
1209 1613 1413 1666 persequitur
1433 1625 1464 1651 et
1485 1616 1612 1651 vberius
1637 1614 1818 1664 probatum

65 1671 136 1706 init.
188 1671 264 1718 Ego
280 1683 360 1706 vero
376 1671 486 1719 patricis
504 1678 653 1718 repetam
674 1670 837 1712 rationes,
862 1682 942 1719 quas
958 1668 1014 1705 ille
1030 1665 1193 1705 subduxit.
1246 1670 1294 1705 Ita
1316 1666 1497 1704 secundum
1514 1665 1738 1704 Dodwellum
1754 1667 1818 1712 Py.

65 1722 223 1770 thagoras
237 1732 332 1758 natus
345 1721 389 1758 esi
403 1720 547 1771 Olymp.
564 1722 631 1757 Lu.
649 1725 674 1767 ἐς
688 1730 762 1757 ante
781 1723 820 1757 O.
835 1722 880 1758 N.
898 1724 972 1769 569.
990 1724 1031 1758 V.
1046 1724 1087 1758 C.
1103 1724 1198 1758 Varr.
1218 1727 1283 1767 185.
1337 1722 1435 1757 Tum
1458 1735 1486 1757 a.
1503 1723 1612 1757 aetatis
1629 1720 1815 1755 XXXXIV.

68 1773 210 1822 Olymp.
225 1774 340 1809 Lxm.
357 1776 392 1819 ἃ.
408 1783 482 1810 ante
500 1776 564 1810 ch.
580 1775 619 1810 N.
636 1785 703 1820 525.
727 1787 745 1810 a
761 1774 929 1821 Cambyse
951 1776 986 1810 in
1002 1776 1159 1825 Aegypto
1183 1783 1295 1824 captus
1311 1784 1408 1824 atque
1428 1772 1505 1810 inde
1528 1771 1686 1809 abductus
1707 1770 1751 1807 ess
1772 1769 1815 1806 ad

64 1822 240 1861 Persarum
255 1837 391 1873 magos:
413 1838 441 1861 a.
456 1836 516 1862 aet.
531 1827 613 1861 LVI.
632 1825 777 1876 Olymp.
792 1827 907 1863 LXVI.
925 1830 961 1873 ξ.
982 1837 1057 1863 ante
1082 1830 1123 1864 C.
1142 1828 1185 1863 N.
1205 1839 1267 1873 513.
1301 1827 1431 1863 Gilonis
1453 1839 1551 1876 opera
1575 1824 1741 1861 redemtus
1755 1823 1814 1859 Ba-

65 1877 192 1924 bylone
207 1875 304 1913 rediit
317 1878 454 1913 Samum
466 1904 476 1920 ‚
501 1877 578 1914 inde
595 1891 623 1913 a.
639 1888 703 1914 aet.
720 1880 801 1915 LIX.
818 1877 969 1916 absoluto
985 1888 1017 1915 et
1030 1881 1098 1916 LX.
1120 1881 1292 1921 inchoato,
1314 1879 1456 1928 Olymp.
1472 1879 1601 1915 LXVII.
1621 1881 1656 1924 ξ.
1680 1886 1754 1913 ante
1771 1876 1813 1911 C.

65 1931 109 1967 N.
124 1943 192 1977 510.
212 1932 246 1965 in
262 1928 391 1965 ltaliam
408 1927 525 1972 soluit,
552 1939 584 1965 et
597 1931 749 1966 Crotone
763 1930 912 1967 condidit
929 1928 1080 1969 scholam
1091 1963 1104 1980 ‚
1129 1935 1180 1968 cui
1199 1930 1374 1982 praesuiffe
1400 1931 1518 1968 dicitur
1541 1934 1573 1976 (a
1598 1930 1722 1966 Iustino
1739 1928 1813 1964 XX.

2 1987 10 2030 ς
63 1995 94 2029 4.
123 1984 177 2019 vbi
193 1981 260 2018 vid.
278 1985 469 2032 interpretes
483 1983 518 2017 in
533 1981 690 2031 exemplo
705 1983 826 2019 Abrah.
843 1986 1039 2031 Gronouii‚)
1055 1987 1170 2034 viginti
1193 1998 1316 2021 annos:
1343 1985 1399 2021 illa
1421 1998 1480 2034 per
1499 1982 1691 2020 tumultuas
1708 1983 1814 2028 Cylo-

3 2035 7 2044 '
66 2038 205 2080 nianum
223 2034 330 2071 diruta
355 2044 388 2071 et
410 2046 533 2083 magna
554 2044 647 2084 parte
665 2037 854 2073 amicorum
874 2034 1045 2074 interseeta
1061 2038 1205 2086 Olymp.
1222 2038 1351 2073 Lx'xlt.
1367 2049 1391 2081 3.
1415 2048 1477 2074 aet,
1494 2049 1548 2082 79.
1568 2033 1688 2071 secessit
1704 2037 1813 2071 Meta-

0 2099 8 2131 ξ
64 2100 225 2140 pontum.
293 2086 472 2137 Postquam
494 2084 630 2123 suanno
651 2083 784 2124 scholae
807 2086 881 2125 suae
904 2088 980 2125 flori
1011 2103 1116 2126 annos
1142 2091 1230 2125 XIX.
1248 2087 1444 2139 superuixit,
1472 2104 1498 2125 a.
1516 2092 1556 2127 V.
1571 2090 1612 2125 C.
1628 2090 1722 2123 Varr.
1737 2093 1811 2131 238.

2 2152 6 2165 ¹
64 2143 210 2192 Olymp.
223 2141 429 2185 LXXVII.{-.
445 2154 498 2176 an.
515 2151 576 2177 aet.
591 2141 740 2176 XCVIII.
760 2138 911 2178 absoluto
927 2151 958 2179 et
973 2156 1001 2179 a.
1021 2144 1137 2180 XCIX,
1151 2144 1309 2178 inchoato
1321 2171 1331 2184 ,
1355 2145 1547 2178 interemtus
1562 2140 1607 2177 est
1625 2143 1658 2176 in
1677 2140 1810 2191 proelio

65 2197 150 2233 inter
165 2196 423 2245 Agrigentinos,
451 2193 566 2243 quibus
585 2204 718 2229 venerat
734 2190 894 2236 subsidio,
921 2204 953 2231 et
967 2192 1189 2241 Syracusanos
1206 2192 1403 2238 commisso,
1428 2195 1504 2231 teste
1520 2195 1699 2240 mer'ppo
1720 2190 1809 2242 apud

3 2247 6 2250 ’
63 2247 246 2298 Diogenem
261 2248 429 2282 Lan-tium
444 2247 532 2281 vm.
548 2257 603 2289 40.
629 2244 719 2295 quod
744 2245 877 2295 quidem
900 2250 1016 2282 acriter
1035 2258 1133 2296 negat
1150 2247 1284 2283 Bentlei.
1301 2261 1332 2297 p.
1347 2259 1398 2291 43.
1453 2250 1489 2284 ln
1509 2249 1748 2283 Exercitatioue
1770 2245 1811 2280 ΙΙ,

4 2308 8 2320 '
63 2300 268 2340 Dodwellus
295 2302 329 2334 in
377 2297 551 2334 uibusdam
573 2312 591 2333 a
613 2297 744 2347 pristina
768 2295 923 2334 senten-nia
945 2296 1099 2341 disce-tiit,
1128 2298 1289 2349 quaedam
1313 2300 1530 2350 amplifica-uit
1553 2311 1650 2348 atque
1667 2300 1809 2340 ornauit,

62 2356 238 2405 praecipue
254 2365 337 2403 quae
352 2313 457 2401 pegni.
471 2362 522 2395 30.
541 2365 573 2401 p.
590 2363 650 2396 2²9
668 2348 734 2400 sqq.
754 2353 884 2399 ingrato
903 2350 1013 2387 labore
1036 2362 1066 2387 et
1091 2364 1214 2400 magna
1233 2352 1416 2389 litterarum
1442 2364 1539 2403 atque
1560 2355 1680 2401 ingenii
1704 2349 1809 2401 specie

3 2402 7 2410 ⁸
63 2406 216 2450 adhibita,
232 2419 345 2442 eruere
361 2416 391 2441 et
410 2404 549 2454 probare
566 2400 708 2438 sust-inuit
725 2403 804 2448 (vid.
822 2417 954 2453 quoque
968 2404 1118 2452 Meiners.
1135 2404 1155 2438 l.
1173 2417 1201 2440 c.
1225 2418 1253 2453 p.
1266 2417 1318 2449 πη
1331 2403 1411 2455 sqq.)
1430 2409 1462 2442 in
1478 2405 1663 2443 definienda
1682 2406 1810 2453 epocha

61 2457 227 2500 seditionis
253 2458 462 2506 Cylonianae
484 2467 516 2494 et
544 2455 720 2501 incendio,
753 2455 844 2507 quod
867 2456 944 2508 post
968 2468 1114 2494 mortem
1137 2454 1327 2509 philosophi
1349 2462 1437 2511 intra¹
1454 2474 1484 2498 a.
1507 2461 1548 2495 V.
1565 2461 1717 2496 C.Varr.
1739 2468 1809 2501 314.

1663 2510 1808 2559 Oly-inp.
