2071 2747
103 130 166 170 834
217 121 356 160 ΜΗ.
371 118 560 159 ι.ΧΧνῙ.
613 117 910 157 ORATrouvM
940 113 1280 154 DEMOSTHENIS
1312 114 1564 153 EDITloNEs

211 224 251 258 In
271 219 420 256 biblioth.
441 218 571 269 publica
592 216 751 266 Leidenfi,
785 214 863 251 tesse
886 213 1073 262 Catalogo,
1099 227 1129 262 p.
1144 223 1208 258 335.
1232 226 1282 248 nr.
1298 192 1448 250 XXXm.
1470 221 1566 250 oratt.
1584 209 1747 262 quaedam
1765 213 1867 249 Dem.

108 288 187 312 cum
203 271 335 310 scholiis
352 272 494 314 Libanii,
521 285 554 321 p.
569 282 645 315 394.
667 282 717 304 nr.
732 269 817 304 LVI.
839 269 940 303 Dein.
963 277 1056 303 oratt.
1080 264 1269 309 iudiciales,
1295 275 1327 302 et
1353 263 1470 303 Aesch.
1497 265 1675 316 epistolae,
1702 278 1780 302 cum
1799 265 1869 302 Pla-

107 330 196 364 tonis
220 337 252 363 et
274 327 414 362 chionis
436 323 592 375 epissolis,
623 342 671 349 —
699 335 733 371 p.
751 329 825 367 398.
849 334 898 356 nr.
916 322 965 355 LI.
982 317 1151 355 Aeschinis
1176 328 1208 353 et
1230 314 1375 355 aliorum
1394 332 1468 370 epp.
1483 317 1560 354 ibid.
1582 331 1632 354 nr.
1651 319 1750 356 LXV.
1767 320 1870 355 Dem.

109 380 239 430 aliquot
254 381 429 416 orationes.
456 398 510 404 —-
538 387 614 426 pag.
630 386 705 421 399.
723 387 771 409 nr.
787 374 845 409 VI.
862 374 961 408 Dein.
978 369 1088 407 sermo
1106 374 1308 413 amatorius,
1335 370 1409 408 cod.
1433 385 1509 407 ann.
1526 383 1601 416 1515.
1625 374 1776 408 Venetiis'
1797 368 1873 407 scri-

109 444 197 484 ptus.
232 451 282 460 -
317 446 349 481 p.
366 441 442 476 494.
467 432 552 466 inter
566 426 664 464 codd.
684 428 935 467 Pe1·izonianos‚
959 438 1008 460 nr.
1026 426 1080 460 IV.
1101 426 1200 460 Dem.
1219 434 1316 460 oratt.
1341 437 1419 460 cum
1441 425 1567 460 Libanii
1589 427 1814 473 argumentis,
1842 432 1875 460 et

110 499 175 522 vna
190 482 304 532 Lysiae
321 484 474 519 rhetoris.
503 503 552 509 —
580 493 656 530 pag.
675 485 749 526 396.
765 492 813 515 nr.
833 479 954 513 XVIII.
995 480 1215 527 Comparatio
1232 477 1466 514 Demosthenis
1488 488 1520 514 et
1539 474 1720 513 Aeschinis.

217 565 256 599 In
277 563 426 599 biblioth.
449 562 539 609 regia
556 558 761 608 matritensi,
790 557 867 592 teste
894 557 1024 599 Iriarte,
1053 558 1086 592 in
1108 556 1202 594 catal.
1227 555 1326 592 codd.
1351 569 1401 605 gr.
1421 566 1512 592 msst.
1534 554 1611 592 cod.
1630 556 1744 592 XLIX.
1759 557 1876 606 p.165.

114 631 166 656 nr.
185 627 250 664 139.
272 626 304 652 et
330 626 391 661 ¹52·
415 614 542 648 Libanii
565 611 752 648 declamatt.
776 623 839 659 pro
860 609 1100 645 Demosthene.
1127 629 1176 636 -
1201 608 1279 646 cod.
1294 611 1409 646 LXIII.
1431 622 1464 659 p.
1479 621 1536 653 223
1557 606 1601 659 sq.
1621 606 1878 651 Aeschinisvita,

116 669 294 719 Apollonii
317 666 358 703 de
382 663 542 702 Aeschine
567 667 718 703 rhetore,
746 673 777 698 et
799 663 966 711 Aeschinis
981 665 1148 698 orationes
1162 671 1261 711 atque
1277 661 1444 712 epistolae.
1471 683 1524 689 —
1552 660 1627 698 cod.
1646 662 1782 697 CXVII.
1804 673 1880 711 pag.

116 735 182 769 475
200 720 268 772 sqq.
287 718 508 766 Demosthenis
526 720 690 753 orationes
709 717 828 751 XVIII.
846 729 923 751 cum
940 718 1007 752 eius
1023 718 1100 758 vita,
1115 728 1133 750 a
1150 715 1287 752 Libanio
1303 715 1435 765 alioque
1451 717 1588 752 auclore
1604 711 1808 765 conscripta,
1831 715 1883 750 Li-

117 776 205 812 banii
222 778 255 810 in
269 786 322 810 eas
340 774 506 809 orationes
523 767 727 818 praefatione
741 779 773 806 et
787 771 1012 817 argumentis,
1035 768 1274 818 nonnullisque
1292 782 1310 803 a
1328 769 1485 812 Libauio,
1511 768 1724 818 leianoque
1747 765 1883 802 adnota-

119 828 277 866 tionibus,
300 847 352 852 —
378 826 414 859 In
429 824 577 859 biblioth.
593 822 754 869 Efinrial.
772 822 848 857 teste
866 822 985 857 Pliiero
1002 825 1033 856 in
1050 823 1218 857 itinerario
1239 835 1271 871 p.
1290 825 1357 867 165.
1375 819 1447 857 sunt
1467 832 1610 870 quatuor
1632 819 1762 856 codices
1778 821 1884 862 mssti,

122 884 179 930 qui
205 880 313 930 plures
348 881 560 926 paucioresue
589 878 762 911 continent
784 877 963 912 orationes.
1016 876 1180 924 Excerpta
1202 871 1277 910 sunt
1299 877 1335 909 in
1357 876 1499 911 Macarii
1522 869 1677 928 Ῥοὸωνιᾷ
1700 870 1884 912 secundum

120 932 303 980 Villoffoii.
319 928 441 966 Anccd.
455 941 505 978 gr.
523 931 561 964 II.
584 940 662 978 pag.
680 940 731 964 10.

806 1049 1187 1086 Editiones.

229 1128 478 1180 Antiquioribus
500 1131 567 1164 iam
590 1128 797 1178 temporibus
821 1127 944 1178 duplex
965 1128 1083 1165 exslitit
1107 1127 1228 1171 editio,
1253 1127 1272 1172 ἦ
1294 1124 1460 1180 dezane,
1492 1137 1524 1164 et
1545 1126 1564 1170 ri
1589 1122 1759 1175 δημώδης,
1793 1134 1826 1162 et
1850 1123 1886 1162 id

124 1187 271 1224 nominis
289 1186 322 1218 in
343 1180 473 1218 scholiis
492 1194 687 1224 occurrere,
713 1179 811 1216 docet
826 1182 971 1227 Taylor.
992 1185 1024 1216 in
1043 1181 1171 1231 proleg.
1190 1196 1207 1217 a
1229 1183 1363 1217 Reiskio
1381 1180 1474 1217 editis
1498 1195 1568 1230 cap.
1585 1182 1640 1215 III.
1665 1192 1740 1230 pag.
1757 1191 1825 1225 709
1841 1175 1887 1228 sq.

125 1259 177 1268 -—-
207 1239 258 1273 De
273 1235 469 1272 editionibus
491 1236 668 1276 omnium,
695 1246 781 1283 quae
802 1233 944 1275 exstant,
979 1238 1171 1270 orationum
1195 1234 1432 1270 Demosthenis
1455 1244 1553 1284 atque
1576 1230 1746 1269 Aeschinis
1768 1245 1786 1267 a
1809 1233 1885 1266 viris

127 1289 234 1327 doctis
250 1291 380 1331 curatiS,
403 1286 580 1336 diligenter
597 1283 799 1336 copioseque
813 1284 956 1337 disputat
971 1299 1148 1337 aperteque
1175 1290 1297 1323 iueicat
1315 1288 1460 1323 Reistius
1483 1290 1517 1322 in
1540 1284 1676 1336 praefat.
1693 1283 1735 1321 ad
1757 1295 1842 1321 tom.
1860 1284 1885 1320 Ῑ.

128 1342 305 1379 Demoslh.
325 1339 359 1389 §.
377 1353 395 1376 2
415 1338 482 1389 sqq.
499 1354 531 1389 p.
549 1341 593 1374 IV
611 1336 680 1389 sqq.
699 1338 740 1374 ad
757 1353 857 1389 quem
878 1343 976 1389 igitur
1000 1340 1226 1389 ableg-abimus
1249 1341 1402 1377 lecslores.
1430 1339 1514 1377 adde
1531 1339 1672 1388 Taylor.
1693 1337 1849 1389 prolegg.
1870 1350 1890 1372 a

129 1397 267 1434 Reiskio
284 1395 371 1430 edita
385 1393 452 1429 vol.
471 1393 559 1428 VIII.
577 1402 702 1428 orator.
716 1403 767 1442 gr.
783 1406 854 1443 cap.
873 1396 913 1429 II.
933 1407 1011 1443 pag.
1029 1396 1098 1438 706
1114 1391 1185 1443 sqq.

235 1481 389 1527 Princeps
404 1475 448 1512 est
467 1475 610 1516 Aldina,
637 1490 676 1512 ex
698 1480 789 1513 cuius
805 1477 939 1514 officina
961 1480 1108 1526 primum
1127 1476 1340 1528 prodierunt:

239 1548 376 1594 leicmi
396 1546 642 1581 commentarioli
656 1548 688 1580 in
705 1545 904 1595 olyntlziacas
917 1548 1180 1595 plzilippicnsquc.
1234 1548 1467 1582 Enarrationer
1486 1546 1568 1594 sane
1591 1558 1687 1594 qunm
1707 1545 1895 1596 neccffariae

133 1603 169 1637 in
184 1601 330 1635 tredecim
349 1600 509 1634 orationes
518 1597 751 1646 Demosthenis.
806 1600 1082 1644 Harpocration&
1099 1601 1232 1636 lexicon.
1261 1602 1365 1635 onmia
1377 1612 1504 1647 gauere.
1561 1599 1713 1635 Veneriis
1730 1601 1820 1646 apud
1834 1597 1894 1636 A!-

134 1655 232 1697 dum,
258 1652 358 1700 mense
377 1651 522 1686 Offlobri.
551 1664 636 1697 ¹503·
656 1649 720 1688 fol.
749 1672 800 1679 —-
827 1652 941 1689 Postea

240 1719 465 1766 Demosthenis
481 1721 641 1756 oratii-,ner
655 1721 736 1755 duae
751 1727 781 1755 et
790 1721 985 1770 sexaginta.
1041 1721 1170 1756 Libanii
1192 1720 1355 1768 Sophistae
1378 1723 1411 1756 in
1434 1733 1486 1756 eas
1505 1721 1593 1768 ipsas
1618 1723 1781 1756 orationes
1794 1732 1896 1769 argu-

136 1780 255 1811 menta.
309 1773 343 1808 V
348 1775 394 1807 ita
417 1771 634 1814 [Jernastsienis
651 1786 714 1819 per
736 1774 909 1810 Libam‘um
932 1781 961 1810 et
984 1775 1221 1817 Plutarchum,
1249 1777 1363 1810 omnia
1386 1786 1513 1822 graece.
1544 1775 1687 1809 Venetiis
1709 1776 1745 1810 in
1763 1772 1897 1810 aedibus

138 1826 214 1864 Aldi
238 1823 352 1862 mense
365 1827 456 1861 Nou.
481 1838 569 1870 1504.
586 1823 649 1862 sol.
665 1828 747 1861 min.

243 1911 366 1946 Lentae
382 1907 518 1946 suerunt
533 1923 654 1958 operae
671 1912 705 1945 in
722 1908 931 1947 describenda
949 1911 1004 1947 illa
1019 1910 1176 1948 editione.
1232 1908 1304 1961 Ipse
1328 1910 1431 1946 Aldus
1457 1909 1572 1946 laudat
1591 1909 1684 1946 illam
1708 1924 1727 1946 a
1744 1909 1899 1961 pulcher-

141 1966 235 1999 rimis
251 1963 489 1999 characteribus
507 1972 538 1998 et
555 1976 715 2012 perquam
733 1963 860 1999 decenti
877 1961 1009 2000 formae
1025 1966 1136 2000 habitu
1148 1993 1157 2006 ,
1184 1975 1215 2000 ct
1237 1963 1513 2013 calligatissimam
1538 1960 1601 1998 effe
1619 1965 1792 2012 gloriatur.
1842 1965 1900 2001 AI-

144 2014 203 2051 dus
223 2019 346 2064 primm
364 2014 506 2050 indicem
525 2014 660 2050 editioni
681 2013 754 2051 suae
771 2014 903 2051 subiecit
917 2020 1083 2052 variarum
1103 2017 1289 2053 lectionum
1307 2031 1324 2052 e
1341 2018 1440 2051 tribu>
1456 2015 1624 2051 codicibus
1650 2017 1690 2052 ab
1707 2014 1814 2057 aldo,
1841 2015 1897 2054 seu

144 2065 287 2104 Musuro
306 2065 430 2110 forsan,
454 2079 508 2103 aut
526 2070 802 2112 Carterotnacho,
830 2072 884 2118 qui
905 2074 1013 2119 operis
1036 2071 1250 2120 probabiliter
1267 2066 1428 2119 praefuit,
1455 2071 1626 2118 excerptis.
1681 2070 1829 2105 Reiskius
1853 2073 1900 2106 iu·
1966 2086 1972 2094 ·

146 2118 232 2155 dicat
248 2131 277 2155 et
296 2121 436 2169 probare
451 2118 601 2163 sustinet,
630 2120 755 2156 Aldum
781 2135 847 2158 vno
870 2122 1058 2170 codemque
1083 2136 1174 2157 anno
1196 2126 1283 2157 binas
1309 2120 1432 2157 curall'c
1449 2120 1608 2157 editiones
1625 2121 1800 2158 Demollli.
1817 2125 1902 2159 inter

147 2169 179 2207 se
197 2171 334 2208 diuersa>
352 2184 382 2208 et
399 2170 627 2222 discrepantes.
680 2176 829 2209 Primum
849 2174 975 2210 videtur
991 2176 1038 2210 illi
1059 2174 1161 2210 Aldus
1179 2189 1280 2224 pauca
1302 2173 1540 2209 tantummodo
1560 2173 1760 2222 exemplaria
1778 2173 1902 2213 curasse

149 2223 289 2268 ext-utin
323 2237 394 2260 tum
421 2224 539 2260 eodem
565 2239 653 2260 anno
682 2229 800 2262 iterum
824 2228 1088 2262 Demosthenem
1118 2227 1231 2276 praelo
1256 2225 1313 2262 suo
1338 2224 1520 2269 semmae,
1548 2224 1600 2262 sed
1625 2226 1812 2275 diligentius
1833 2240 1864 2264 et
1882 2242 1900 2265 e

149 2275 340 2312 melion-ihm
359 2276 526 2312 codicibus
542 2277 777 2314 emaculatum.
830 2281 1014 2315 Enimuero
1033 2278 1115 2314 dum
1136 2282 1249 2315 omnia
1267 2277 1347 2314 folia
1367 2278 1594 2328 plagcllaeque
1610 2279 1724 2329 praelo
1739 2283 1901 2329 exierunt,
1964 2279 1970 2282 .

151 2331 283 2364 euenire
299 2332 424 2376 potuit,
449 2340 482 2364 vt
501 2329 616 2372 Aldus,
641 2331 782 2367 meliora
799 2335 877 2367 antu
893 2346 930 2367 ua
947 2332 1149 2381 exemplaria
1172 2335 1304 2373 nactus,
1332 2334 1409 2366 hinc
1433 2331 1508 2367 inde
1533 2329 1622 2367 foliis
1646 2331 1769 2374 excisis,
1798 2344 1901 2370 textu.

151 2395 216 2432 qne
233 2379 348 2430 pallini
367 2380 482 2416 refic‘to
502 2384 738 2432 crirredloque,
766 2398 854 2420 noua
874 2347 1087 2420 iubilant-scr.
1143 2386 1271 2432 Qiare,
1301 2383 1474 2419 diuenditis
1491 2388 1556 2419 iam
1578 2384 1771 2433 quibusdam
1791 2399 1900 2422 exem-

150 2434 292 2484 plaz-ibus
309 2435 425 2483 prioris
446 2433 660 2475 rece-liliolus,
685 2436 755 2472 ficri
771 2441 900 2488 potuit,
929 2449 960 2473 vt
978 2440 1010 2472 in
1028 2436 1161 2473 diuersis
1181 2437 1328 2473 eiusdem
1343 2435 1494 2473 editionis
1511 2437 1670 2487 cxc-triplis
1694 2440 1835 2474 oriretur
1857 2439 1901 2475 le-

1781 2492 1900 2527 (lionis
