2071 2747
693 62 940 99 ammom-:s
1239 63 1311 99 Lib.
1326 64 1377 99 ll.
1394 76 1416 99 ι.
1433 63 1524 99 XX.
1632 77 1693 112 339

52 156 215 194 Herodoti
235 156 308 192 libri
326 157 379 192 lx.
395 157 509 206 quibus
525 154 700 194 Musarum
720 158 821 195 indita
837 157 909 195 sunt
924 161 1080 204 nomina3
1108 159 1246 208 Geovgii
1263 157 1413 205 Gemilli,
1441 163 1496 209 qui
1518 171 1549 197 et
1572 161 1691 198 Pla-tho

0 211 86 253 itur,
119 209 160 246 de
183 213 241 251 iis,
273 222 358 259 quae
381 210 453 259 poss
476 222 625 259 pugnam
656 210 696 246 ad
721 215 928 248 Mantineam
959 211 1047 259 gesta
1081 209 1175 252 sunt,
1202 212 1273 247 lubri
1292 213 1330 247 Π.
1355 224 1490 259 graece,
1521 227 1584 249 vna
1613 229 1690 250 cum

0 263 53 299 κΙι.
73 262 250 299 Camerarii
275 259 495 310 praefatione,
522 265 808 305 annotationibus,
848 265 1014 299 Hcrodots'
1042 267 1128 307 vita,
1162 263 1268 314 deque
1292 265 1422 312 liguris,
1454 276 1502 309 et,
1534 280 1597 316 qua
1620 265 1691 304 vsus

3 341 16 359 .,
37 313 191 352 dialecto.
217 313 311 350 Balil.
329 317 363 349 in
379 315 467 350 offic.
484 316 709 365 Heruagiana.
739 329 818 362 ¹54¹-
846 314 907 353 sol.
934 337 987 343 —
1019 328 1119 367 repet.
1139 315 1214 353 ibid.
1234 329 1315 363 1557.
1342 314 1405 352 fol.

54 389 264 425 Camerarius
281 390 313 423 in
331 385 535 438 praefatione
549 386 730 438 professus,
755 386 785 424 se
800 386 1011 432 facultatem,
1038 402 1138 438 quam
1157 387 1375 445 consequutus
1392 388 1448 431 fit,
1475 403 1610 440 graecae
1634 394 1694 430 lin.

0 452 37 477 ne
49 453 173 491 magna
188 455 227 477 ex
242 451 334 491 parte
351 440 517 477 Herodoti
532 441 669 477 ledlioni
686 440 802 477 debere
824 453 992 490 acceptam
1015 439 1155 485 referre,
1182 441 1303 477 caussas
1327 440 1478 491 exposuit
1499 457 1575 480 cum
1597 445 1694 482 laude

5 491 196 530 defensione
217 504 273 529 aut
295 491 501 529 excusatione
523 496 686 534 audloris,
713 508 771 528 cur
794 497 871 529 tanti
897 493 1010 531 seceiit
1035 495 1142 531 illum.
1197 496 1290 544 Qae
1306 494 1346 531 de
1361 494 1526 531 Herodoti
1546 501 1627 540 vita,
1654 498 1695 534 de

0 545 93 583 ilceto
110 549 217 583 ionica
231 557 263 582 et
278 544 319 581 de
339 545 454 595 figuris
471 557 567 596 atque
582 546 749 582 vocabulis
769 545 963 596 quibusdam
988 545 1178 588 adnotauit,
1205 561 1241 582 ea
1257 559 1360 597 pauca
1383 545 1466 583 sunt.
1521 551 1695 591 Fabricius.

0 599 67 641 his,
92 602 154 642 ait,
179 598 376 634 editionibus
402 602 524 648 graecis
549 599 630 635 l³ber
653 597 692 634 de
717 602 780 634 vita
799 601 942 635 Homeri
967 598 1185 641 desideratur,
1213 601 1363 648 vulgatus
1381 602 1504 636 Graece
1525 616 1601 638 cum
1622 606 1694 640 Ho-

0 663 50 687 πο
66 650 140 687 edit.
156 652 302 687 Florent.
323 654 355 686 in
371 649 433 687 sol.
450 650 588 687 Aldinae
605 663 636 687 et
650 656 861 700 Argentorat.
880 655 913 687 in
929 659 957 692 8.
975 664 1003 687 ct
1022 653 1060 687 ab
1074 654 1120 688 H.
1137 653 1304 701 Stephano
1320 666 1396 688 cum
1415 654 1559 690 Homeri
1584 667 1615 691 et
1631 658 1697 692 He·

0 701 34 740 ·di
51 707 231 740 certamine
247 718 298 739 an.
315 717 396 749 157³.
415 711 444 744 8.
469 703 628 740 adiunctis
645 718 679 754 p.
695 717 759 749 177.
775 705 945 740 nonnullis
962 703 1022 740 los.
1041 705 1196 754 Scaligeri
1219 707 1252 739 in
1274 704 1410 741 Hesiodi
1433 705 1585 743 libellum
1607 709 1696 744 casti-

0 758 149 792 tionibus.
206 755 351 792 Vicissim
370 760 402 791 in
422 759 481 791 hac
499 755 668 793 Bafii'eenfi
683 756 825 792 editione
843 756 1021 793 Herodoto
1037 756 1135 792 additi
1153 771 1269 806 graece
1292 755 1365 793 sunt
1379 758 1453 794 libri
1474 757 1542 796 duo
1559 762 1697 809 Georgii

0 808 88 844 misti
114 809 280 845 Plethonis
304 823 342 844 ex
368 808 523 845 Diodoro
545 821 574 845 et
596 810 774 846 Plutarcho
800 809 839 844 de
862 813 916 852 iis,
944 824 1026 859 quae
1052 810 1122 858 post
1149 823 1296 859 pugnam
1319 809 1359 845 ad
1381 811 1589 848 Mantineam
1609 814 1697 863 gesta

0 870 36 896 it.
88 863 162 897 Hos
179 861 282 897 Aldus
305 875 375 897 non
400 875 476 897 cum
494 860 693 905 Herod0t03
721 859 775 897 sed
803 876 880 897 cum
905 864 1128 911 Xenophonte
1150 872 1180 897 ct
1198 862 1393 898 Herodiano
1415 862 1617 914 vulgauerat.
1645 880 1697 902 an.

0 923 36 958 53.
51 910 113 950 sol.
167 913 364 951 Prodierunt
381 927 515 965 quoque
535 928 612 950 cum
631 916 855 964 Xenophonte
869 914 1012 950 Florent.
1031 914 1118 964 apud
1143 915 1261 950 luntas,
1291 927 1375 961 ¹527.
1403 913 1465 951 fol.

59 987 132 1025 Clio
148 986 170 1025 s.
188 989 269 1025 liber
284 991 310 1025 1.
328 986 521 1039 separatim,
548 1001 666 1038 graece
681 987 805 1038 prodiit
823 987 909 1038 apud
927 988 1090 1025 Christian
1106 988 1262 1025 wechel.
1298 986 1392 1025 Paris.
1409 996 1492 1037 1538.
1519 1000 1550 1025 ct
1573 1003 1648 1038 1553.
1666 1005 1694 1037 4.

0 1061 7 1070 ·
30 1041 103 1078 Clio
118 1049 148 1077 et
163 1043 326 1089 Euterpe,
353 1055 401 1091 gr.
426 1040 500 1077 ibid.
518 1053 605 1086 1544.
621 1054 652 1086 4.
682 1040 769 1091 apud
785 1040 956 1082 eumdem,

56 1117 147 1152 Hinc
163 1115 240 1152 inde
255 1129 273 1152 e
290 1115 378 1151 libris
395 1116 515 1164 partim
527 1141 537 1156 ,
557 1117 677 1163 partim
693 1112 734 1150 de
749 1115 938 1150 coniec‘lura
957 1117 1175 1150 immutatum
1194 1113 1282 1150 dedit
1299 1123 1492 1150 contextum
1512 1115 1613 1151 Henr.
1631 1118 1696 1152 Ste-

0 1178 79 1205 flmu’
102 1182 121 1204 a
141 1169 205 1205 Iac.
223 1170 401 1205 Gronouio
425 1166 448 1202 l.
466 1180 493 1202 c.
517 1168 742 1202 inhumaniter
763 1167 960 1217 inficeteque
983 1165 1057 1202 ideo
1080 1168 1228 1210 habitus,
1252 1180 1270 1202 a
1292 1167 1496 1215 lVeffelingio
1524 1179 1634 1204 autem
1664 1173 1696 1205 in

0 1217 157 1259 ulatione
171 1219 385 1258 verecundius
406 1216 637 1269 reprehensus,
665 1217 832 1255 excusatus
857 1230 888 1256 et
909 1218 1076 1255 laudatus:

7 1281 10 1283 ‚
56 1290 182 1329 Herod.
195 1289 343 1337 Historia
349 1289 381 1336 s
399 1287 605 1335 historiarum
622 1288 699 1323 libri
718 1288 786 1326 ῙΧ,
811 1291 866 1338 qui
887 1285 1106 1324 inscribuntur
1128 1283 1257 1323 Musae.
1308 1289 1357 1323 Ex
1381 1286 1509 1322 vetustis
1531 1288 1697 1338 exempla-

0 1351 42 1379 m
62 1345 235 1392 recogniti.
288 1342 406 1392 Ctestae
417 1341 582 1388 quaedam.
607 1353 736 1390 graece.
788 1341 893 1376 Henr.
911 1340 1072 1387 Stephani.
1100 1351 1189 1385 ¹570-
1212 1337 1273 1376 fol.

55 1420 214 1469 Paginam
232 1419 328 1454 huius
343 1417 494 1454 editionis
514 1413 643 1465 respicit
658 1419 754 1453 Aem.
774 1419 890 1453 Portus
912 1419 945 1452 in
968 1417 1089 1451 Lexico
1115 1412 1173 1451 suo
1197 1417 1307 1450 ionico
1330 1412 1351 1449 s
1367 1412 1577 1453 Herodoteo.
1629 1417 1696 1451 Eo.

0 1463 35 1512 'h
47 1484 136 1508 anno
152 1474 187 1507 in
202 1469 314 1507 forma
329 1473 474 1506 maxima
489 1470 674 1519 Stephanus
690 1468 790 1505 edidit
806 1469 1055 1517 Comiouesssue
1070 1470 1230 1503 orationes
1253 1481 1291 1503 ex
1315 1469 1439 1515 graecis
1462 1466 1637 1516 latinisque
1650 1470 1697 1503 hi.

0 1515 80 1560 iricis
106 1534 292 1574 excerptas,
324 1526 448 1572 graecis
472 1521 605 1571 quidem
628 1523 818 1563 Herodem,
846 1518 1070 1567 Thucydide,
1103 1522 1343 1569 Xenophonte,
1371 1519 1511 1564 Polybio
1533 1529 1593 1556 etc.
1617 1533 1695 1556 cum

0 1573 102 1624 fflone
116 1577 225 1612 latina.
278 1575 483 1626 Qibusdam
499 1574 649 1610 editionis
665 1588 801 1624 graecae
815 1573 982 1610 Herodoti
1006 1573 1246 1622 exemplaribus
1267 1570 1421 1607 adhaeret
1443 1569 1548 1606 verfio
1563 1573 1698 1622 Stepha-

1 1625 122 1678 fflff‘ma:
147 1631 238 1665 Huic
251 1629 370 1664 latinae
390 1627 542 1669 versioni,
557 1624 727 1674 separatim
747 1627 864 1671 editae,
880 1640 949 1663 non
965 1624 1101 1661 editioni
1117 1638 1265 1673 graecae,
1292 1635 1324 1658 vt
1340 1625 1501 1659 fabricius
1517 1620 1697 1673 scripserat,

0 1676 85 1721 fflmr
100 1682 269 1729 Apologia
287 1682 388 1716 Henr.
408 1681 560 1726 Stephani
577 1678 606 1712 ³¹)
615 1693 682 1728 pro
700 1681 879 1716 Herodoto.
933 1676 1061 1715 Omissa
1084 1691 1216 1728 quoque
1237 1676 1282 1712 est
1306 1675 1346 1712 de
1370 1675 1525 1712 industria
1548 1677 1603 1713 illa
1620 1692 1697 1727 apo-

0 1730 63 1787 ᾒ,
85 1737 119 1770 in
143 1733 243 1770 altera
266 1735 419 1783 Stephani
439 1731 602 1769 editione:

0 1836 3 1838 ,
32 1798 221 1854 Ἰ,Ὶ-ὶςεδὲτᾞ
249 1823 298 1829 —-
328 1801 492 1837 Herndoti
511 1802 678 1835 Halicarn.
693 1800 897 1847 historiarum
915 1800 990 1836 libri
1011 1799 1075 1834 IX.
1111 1799 1166 1833 1X.
1183 1793 1356 1833 Musarum
1380 1795 1570 1831 nominibus
1589 1795 1696 1834 inseri.

10 1896 13 1901 1
65 1855 222 1891 Eiusdem
242 1857 389 1889 narratio
403 1856 440 1888 de
456 1857 523 1888 vita
542 1854 697 1899 Homeri,
730 1867 808 1889 cum
828 1854 945 1888 ls'nllae
960 1853 1226 1900 interpretatione
1242 1849 1341 1885 latina
1360 1847 1568 1884 historiarum
1589 1852 1697 1888 Hero-

0 1906 196 1945 'fiabHemn
217 1908 374 1953 Stephano
396 1908 575 1955 recognita.
630 1907 712 1941 Item
732 1920 808 1941 cum
833 1906 978 1941 iconibus
1001 1904 1236 1939 llruc'lurarum
1260 1901 1298 1936 ab
1320 1899 1499 1935 Herodoto
1524 1901 1697 1954 descripta-

0 1959 49 2012 ψ.
100 1960 217 2010 Creſsae
233 1958 394 2010 quaedam
414 1958 454 1994 de
471 1959 564 1994 rebus
588 1957 717 2007 perficis
738 1970 769 1995 et
793 1958 917 1994 indicis.
971 1955 1242 2005 Editiosecundo.
1294 1951 1483 2003 Excudebat
1505 1954 1613 1993 chr.
1631 1959 1696 1993 Ste.

0 2016 92 2049 ’.ιι
143 2016 242 2049 Anno
264 2014 314 2050 M.
325 2011 478 2048 D.XCH.
507 2012 629 2058 (1592.)
656 2008 717 2047 fol.

910 2079 969 2113 Vv
995 2090 1014 2113 a
1601 2076 1696 2112 Haec

0 2196 137 2237 ”TTooe
150 2201 233 2232 coelo
248 2201 349 2233 differt
362 2201 432 2231 haee
442 2199 586 2242 Apologia
600 2209 617 2228 a
633 2196 712 2228 libro
726 2195 794 2228 Gal·
848 2197 955 2234 editus,
978 2196 1111 2231 acerbam
1127 2194 1245 2225 satiram
1259 2195 1409 2225 continens
1433 2195 1462 2224 in
1485 2203 1581 2224 more·
1594 2194 1692 2235 perdi-

0 2249 22 2270 ο
38 2239 245 2286 Ή.8εφὴειη”ι,
269 2247 321 2287 qui
345 2245 528 2275 inscribitur:
550 2242 795 2274 L'inxroduoion
849 2249 894 2271 tos
909 2249 938 2270 et
960 2240 1032 2270 alios
1052 2239 1155 2269 abusus
1179 2238 1258 2269 Cleri
1275 2240 1418 2273 Romani,
1447 2248 1506 2267 non
1531 2240 1626 2268 minus
1647 2241 1691 2268 in.

0 2285 96 2317 111Ιίίέ
111 2287 146 2317 de
163 2287 188 2318 la
203 2288 380 2319 coufornute
397 2289 445 2318 des
461 2286 626 2317 merveilles
642 2288 795 2315 ancicnncs
847 2283 1003 2314 credibiles
1037 2282 1153 2313 futuros
1193 2282 1315 2323 posteris
1326 2305 1334 2318 ‚
1377 2292 1465 2322 quam
1501 2281 1553 2311 sint
1586 2281 1690 2318 multa.

0 2326 86 2360 fll-
104 2331 277 2369 nodernes,
299 2343 340 2362 ou
360 2331 448 2362 traite'
463 2329 628 2372 preparatis
645 2330 660 2359 a
682 2329 700 2358 l'
716 2331 795 2370 Apo·
846 2338 922 2368 quae
947 2327 983 2357 de
1004 2329 1132 2367 antiquis
1162 2325 1303 2356 aetatibus
1336 2325 1372 2356 ab
1396 2324 1553 2356 Herodoto
1585 2325 1693 2357 tradita

0 2378 39 2412 μ
53 2382 130 2414 pour
152 2376 304 2412 Herodote
326 2386 372 2406 m.
387 2378 463 2411 1565.
479 2381 503 2408 8.
525 2382 554 2405 et
567 2373 680 2416 saepius
696 2374 795 2415 postea
847 2371 921 2402 sunt.
951 2370 1074 2402 Fabric-
