2183 2747
307 120 349 159 3⁸
856 107 1104 147 amoma

307 205 446 247 aIIorque
469 211 538 235 ante
553 202 658 236 oeulos
675 202 829 240 habuisse,
853 205 894 235 est
907 204 1067 236 credibile.
1114 202 1162 234 Al-

309 259 410 282 terum
426 258 639 287 argiunentum
655 249 739 280 ducit
761 250 864 290 Camp.
880 258 896 278 a
911 250 1085 280 testimonio
1103 247 1162 279 Pti-

308 296 354 326 m'i
376 295 417 324 N.
435 295 471 323 H.
490 296 525 323 V.
546 304 566 323 ι.
612 315 633 329 ,,
648 295 743 323 Fuere
765 301 794 323 et
816 292 985 324 Hannonis
1007 293 1161 329 Carthagi·

307 338 460 369 niensium
481 337 564 367 ducis
587 336 826 372 Commendat-ii,
852 336 978 367 Pania:
998 336 1089 368 rebus
1098 336 1161 376 flo-

308 380 485 423 rmliffimis
503 379 660 422 explorare
682 380 827 410 ambitum
848 379 966 411 Africae
988 380 1051 410 iussi
1067 383 1088 397 “
1105 387 1160 409 etc.

311 427 405 466 Atqui
433 434 478 454 res
506 426 631 454 Punicas
661 423 747 455 fuiss'e
777 424 993 454 florentinium
1022 431 1158 464 ternpore

305 468 446 503 «Dionysii
463 467 556 499 Siculi
579 469 751 499 arbitratur.
798 470 836 497 At
857 470 937 497 enim
953 467 1004 497 alii
1020 466 1108 497 aliam
1123 476 1158 496 ex

309 514 357 545 bis
378 511 469 543 Plinii
489 513 588 544 verbis
609 511 815 543 subduxerunt
835 514 977 552 temporis
1001 513 1158 542 rationem.

310 559 390 588 Nam
420 555 636 596 Bougajnville
667 555 688 585 l.
710 567 735 586 c.
766 564 837 585 tom.
868 557 1006 586 XXVIII.
1041 566 1068 596 p.
1091 557 1156 591 267.

311 601 453 633 definiiut
479 608 507 630 et
535 599 635 630 diuisit
651 600 804 630 historiam
821 600 1109 638 Carthaginienssum
1126 599 1156 625 in

310 652 370 676 tres
392 643 555 685 periodon
597 653 725 684 quarum
746 645 844 686 prima
864 645 1014 684 pertineat
1039 642 1076 671 ad
1097 642 1158 682 pri-

309 699 394 719 mum
415 686 530 717 bellum
554 685 688 718 Siculum
703 711 712 720 ,
749 698 844 728 quum
868 689 980 717 Xerxes
1008 689 1039 716 iu
1065 685 1158 716 Persia

311 730 479 771 regnasset,
502 741 528 761 a.
550 740 618 761 ante
641 733 672 761 C.
692 733 730 761 N.
751 738 820 768 482.
847 729 940 762 altera
966 730 1001 760 ad
1025 740 1071 759 an.
1090 736 1157 758 ante

311 777 368 808 Cli.
391 776 430 806 Ν.
446 780 511 813 264.
536 777 623 805 tertia
653 775 785 816 denique
816 773 1052 816 comprehendat
1079 770 1158 803 bella

310 821 440 854 Punica,
477 829 570 859 vsque
591 818 627 848 ad
649 829 761 849 annum
790 826 858 849 ante
880 819 933 848 Ch.
951 820 989 848 N.
1016 821 1078 854 146.
1124 818 1158 846 In

310 863 437 894 alteram
467 863 628 905 periodum
654 861 817 893 secundum
849 864 1058 904 Campomanis
1085 858 1160 890 aiio-

312 917 443 947 rumque
465 909 595 937 rationes
617 907 725 936 incidit
751 905 862 936 summa
883 917 986 936 rerum
1007 905 1160 942 Carthagi-

314 951 462 981 nienssum
491 949 620 980 felicitas
649 959 677 980 et
705 953 762 980 iter
789 949 865 980 illud
895 951 1101 979 maritimum:
1132 955 1161 977 at

313 993 525 1033 Bougainville
545 996 660 1035 primae
684 994 714 1024 id
735 993 844 1023 adserit
866 994 1011 1035 periodo,
1043 1000 1071 1022 et
1093 1001 1160 1033 pag.

312 1043 377 1072 286.
394 1045 456 1076 237.
479 1036 650 1073 concludit,
682 1036 729 1067 vel
752 1040 948 1073 Hannonem,
980 1035 1160 1067 Hamilcaris

313 1091 447 1126 patrem,
472 1084 525 1123 qui
540 1091 618 1111 anno
640 1090 707 1111 ante
723 1083 754 1111 C.
769 1083 808 1111 N.
825 1088 892 1118 480.
906 1091 925 1110 a
942 1079 1057 1111 Gelone
1079 1079 1159 1121 apud

313 1129 470 1158 Himeram
493 1126 587 1156 vifhis
604 1126 660 1160 est,
683 1123 794 1166 peripli
808 1124 866 1156 effe
880 1126 1052 1161 austratem,
1077 1125 1161 1154 ideo-

313 1180 372 1210 que
389 1173 445 1198 iter
463 1179 522 1197 non
540 1178 606 1198 ante
622 1179 732 1198 annum
746 1176 814 1198 ante
831 1170 884 1199 Ch.
902 1171 942 1199 N.
959 1179 1020 1205 5¹0·
1032 1167 1160 1204 saetam,

312 1212 361 1245 vel
379 1211 474 1242 multo
488 1214 653 1253 antiquiori
666 1214 821 1248 Hannoni,
830 1215 882 1254 qui
896 1222 1034 1254 tempore
1043 1211 1163 1243 Solonis

311 1255 476 1292 inclaruit,
513 1255 543 1285 id
568 1255 745 1297 opusculum
773 1255 831 1286 effe
858 1256 1096 1293 vindicandum,
1132 1263 1161 1286 et

313 1300 536 1341 expeditionem
558 1311 617 1328 non
632 1299 735 1335 sei-im,
759 1311 848 1340 quam
866 1311 890 1330 a.
908 1310 975 1331 ante
995 1303 1027 1330 C.
1044 1303 1160 1338 N.570.

314 1345 432 1375 tactam.
478 1342 630 1374 Dodwclli
654 1343 829 1373 senteutiam
860 1356 983 1386 quoque
1014 1347 1162 1386 peruenit

315 1388 530 1428 Montesquieu
547 1389 579 1416 in
588 1385 683 1428 Esprit
699 1387 749 1417 des
759 1389 833 1419 Loix
843 1390 875 1419 L.
887 1390 964 1419 XXI.
979 1399 1002 1419 c.
1017 1399 1101 1419 ιι.--
1114 1388 1162 1419 Μ.

316 1433 364 1463 lo.
394 1431 507 1470 Geor-g.
540 1431 674 1471 linger,
717 1433 827 1462 Rcflor
858 1433 1013 1473 quondam
1044 1430 1161 1463 scholae

316 1475 542 1506 Cliemnizensis
559 1497 567 1510 ,
611 1477 642 1504 in
687 1476 948 1518 Geograpliischen
986 1474 1162 1507 Biiehersaal

317 1518 379 1550 vol.
398 1521 419 1549 1.
445 1527 518 1559 part.
536 1519 586 1548 v1.
612 1528 676 1559 pag.
693 1526 847 1557 ,ρος-449.
871 1520 909 1550 ‹le
934 1523 1092 1551 Hannonis
1115 1530 1162 1550 ae-

317 1572 395 1598 tate,
429 1562 552 1593 dinei-fis
577 1562 697 1592 iudiciis
720 1572 808 1604 atque
832 1563 944 1606 Peripli
974 1565 1163 1595 editionibus

316 1606 453 1637 sollerter
467 1605 648 1648 copioseque
665 1606 815 1648 exposuit:
851 1611 936 1638 cuius
958 1608 1040 1639 vtilis
1063 1618 1164 1649 operis

316 1652 422 1684 notitia
437 1660 580 1692 quoniam
596 1653 704 1680 exteris
722 1652 915 1692 pernimium,
941 1651 1063 1691 linguae
1081 1654 1164 1682 theo-

317 1693 405 1725 tiscae
430 1695 562 1732 ignaris,
608 1696 713 1733 exigua
744 1694 791 1725 vel
826 1694 907 1725 nulla
939 1695 1058 1738 prorsus
1088 1697 1165 1727 erit·

319 1740 419 1779 paucis
435 1736 615 1779 complecssar
633 1736 712 1767 illius
730 1742 994 1774 commentationis
1010 1738 1165 1770 summam.

320 1783 453 1812 Primum
483 1779 595 1810 refellit
620 1781 654 1811 ls.
682 1784 774 1813 Voffii
799 1782 977 1815 sententiam
1007 1785 1040 1814 iu
1066 1783 1166 1812 Variis

322 1823 491 1856 Obseruatt.
517 1834 579 1865 cap.
595 1834 619 1854 2.
645 1835 708 1866 pag.
725 1837 766 1862 52.
791 1835 818 1856 et
841 1827 877 1858 ad
905 1827 1004 1858 Melae
1027 1826 1096 1858 libr.
1112 1828 1166 1857 111.

320 1878 424 1910 cap.9.
452 1867 593 1897 audacter
624 1873 869 1909 pronuntiatanu
903 1880 968 1902 tuni
990 1870 1168 1905 contendit,

320 1923 359 1943 ne
385 1910 476 1943 vllam
505 1912 627 1952 quidem
662 1913 883 1954 probabilitatis
918 1915 1047 1956 speciem
1077 1913 1168 1944 iness'e

322 1954 501 1996 suspitioni,
532 1957 729 1993 Hannonem,
759 1957 869 1999 Peripli
892 1960 1064 1994 auftorem,
1088 1968 1170 1988 euui-

324 2000 394 2030 dem
421 1998 501 2033 eise,
538 1998 573 2028 ad
601 2009 690 2039 quein
721 2003 888 2031 Anacharsis
916 2002 1072 2044 epistolam
1102 2002 1172 2032 seri·

323 2042 405 2086 psusc
428 2042 540 2077 fenur,
564 2052 651 2082 atquc
676 2043 829 2082 obseruas,
853 2047 988 2077 eamdem
1012 2045 1170 2088 epistolam

324 2088 357 2117 in
372 2096 491 2128 perrara
506 2086 654 2116 editione:
682 2087 884 2130 Epistularum
901 2091 1082 2132 Principum
1093 2113 1100 2125 ‚
1123 2099 1171 2120 re-

324 2140 394 2163 rum
415 2128 609 2170 publicarum
636 2129 870 2172 acstzpientium
893 2135 1050 2170 virorum,
1073 2137 1171 2164 Vene-

326 2176 375 2205 tiis
396 2184 475 2211 ¹574·
499 2180 523 2206 8.
549 2184 613 2214 pag.
632 2183 689 2210 2¹3-
723 2184 750 2204 at
777 2175 948 2216 paullulum
970 2180 1170 2213 immutatam,

324 2226 353 2248 et
379 2217 551 2254 Hermoni,
582 2228 641 2246 nou
666 2217 837 2255 Hannoni,
872 2219 1007 2262 scriptam
1031 2223 1170 2263 reperiri.

326 2261 390 2292 Post
419 2261 540 2290 vberius
571 2259 728 2301 explanare
760 2271 789 2292 et
817 2264 944 2294 tirmiter
963 2264 1095 2296 stabilire
1123 2276 1172 2296 co-

327 2313 414 2335 natur
426 2302 507 2333 suam
520 2302 713 2337 sententiani,
738 2308 935 2343 Hniuoncni,
958 2311 1174 2351 imperatorem

327 2347 622 2385 Carthaginienssum
636 2370 644 2382 ,
679 2351 732 2388 qui
755 2351 824 2379 cire.
849 2354 880 2381 A.
897 2354 937 2382 M.
955 2360 1026 2388 3533,
1049 2364 1125 2391 3554,
1142 2361 1173 2383 cg

331 2399 417 2429 3558,
440 2391 498 2420 flue
516 2389 634 2433 olymp.
650 2402 695 2427 92-
710 2397 756 2427 96.
776 2402 865 2433 ⁶197.
892 2397 985 2430 vixit,
1024 2395 1106 2426 illam
1125 2407 1173 2427 cx-

328 2434 519 2478 peditiouem
540 2434 576 2465 ad
597 2438 761 2475 incognitas
786 2447 877 2467 teri-as
894 2440 1113 2480 inus—stigandus
1130 2443 1174 2471 in-

431 2569 441 2585 Ι

1259 106 1334 144 Lib.
1353 106 1384 144 1.
1408 118 1432 143 t.
1450 103 1516 145 Vl.

1216 202 1339 234 stituiss‘e
1354 210 1443 243 atque
1460 199 1570 231 litteris
1585 195 1735 230 mandasre
1749 198 1915 234 historiam.
1946 202 1974 234 ts
1985 210 2065 235 vero

1214 247 1291 283 fuit,
1314 255 1346 277 vt
1367 247 1468 288 paucis
1489 252 1624 286 repetam
1647 246 1761 283 Hageri
1781 254 1977 284 argumenta,
2006 249 2068 278 Ha-

1214 290 1345 321 milcaris
1362 288 1459 324 tilius,
1484 289 1623 327 Magonis
1639 298 1731 330 nepos
1742 311 1750 323 .
1774 287 1944 331 fratresque
1958 291 2066 322 habuit

1214 333 1419 366 Himilconem
1435 340 1464 362 et
1485 334 1663 365 Gisconem3
1691 343 1824 373 quorum
1841 336 1926 375 prtor
1940 342 2067 377 propter

1214 377 1391 409 violentiam
1409 375 1467 406 luis
1483 375 1641 418 pestiferae
1661 385 1691 406 et
1707 375 1824 407 classem
1840 377 1984 408 incendio
1994 380 2067 409 Dio-

1212 423 1286 458 nysii
1309 420 1459 457 amissam,
1483 427 1612 451 mortem
1638 419 1691 451 fibi
1715 419 1776 462 ipse
1800 420 1968 459 consciuit,
1995 422 2067 458 (Iu-

1204 467 1277 510 stin.
1292 467 1371 496 XIX.
1387 474 1450 506 cap.
1460 474 1485 494 2.
1515 463 1649 496 Diodor.
1663 464 1757 496 siml.
1773 466 1854 496 XIV.
1871 476 1916 505 7¹-
1932 475 1980 505 72.
1995 469 2068 506 77.)

1211 520 1272 551 quo
1286 508 1384 545 fac‘to,
1408 511 1520 539 Hanno
1537 519 1605 539 cum
1617 511 1752 539 exercitu
1771 518 1875 540 contra
1890 510 2068 546 Dionysium

1211 556 1359 584 maiorem
1378 555 1410 582 in
1426 551 1560 584 Siciliam
1577 554 1617 582 est
1630 552 1743 583 missus.
1789 555 1852 584 Hos
1867 553 1932 584 duo
1944 552 2068 590 fratres,

1213 596 1422 627 Himilconem
1441 605 1473 627 et
1497 599 1698 633 Hannonem,
1728 597 1781 628 sibi
1804 597 1945 639 persuasit
1968 600 2065 637 Hage-

1212 640 1370 677 rus,fuisse
1384 643 1510 672 omnino
1528 641 1618 672 duces
1634 637 1956 680 aCarthaginienlibus
1965 641 2066 673 missos

1212 684 1249 715 ad
1266 687 1382 724 ignotas
1397 693 1491 715 terras
1514 683 1722 726 explorandas.
1768 687 1884 726 Atque,
1901 685 1984 727 quod
1999 687 2068 727 qui-

1213 729 1282 759 dem
1305 738 1516 768 argumentum
1539 730 1616 759 mihi
1636 728 1675 759 ad
1700 732 1862 760 veritatem
1891 732 1937 760 rei
1960 730 2068 761 fideii»

1212 783 1272 814 que
1296 773 1420 803 videtur
1445 774 1584 809 firmum,
1608 773 1730 804 Plinius
1748 775 1786 806 Η.
1803 776 1842 804 Ν.
1858 772 1928 804 libr.
1948 776 1986 805 11.
2004 783 2068 816 cap.

1212 821 1260 856 67.
1279 827 1344 859 pag.
1361 826 1423 855 ¹07·
1438 825 1511 847 tom.
1528 818 1550 847 1.
1566 816 1614 846 ed.
1632 816 1783 847 Har-disin.
1803 816 1893 848 Paris.
1905 828 1985 856 ¹74¹·
2009 819 2070 855 „Et

1212 861 1346 897 Hanno,
1376 862 1503 902 inquit,
1537 861 1727 899 Carthaginis
1753 863 1896 901 potentia
1917 861 2069 904 florente,

1212 905 1438 947 circumuee'tus
1461 914 1477 933 a
1504 904 1640 935 Gadibus
1663 904 1701 934 ad
1724 905 1816 935 finem
1839 906 1967 936 Arabiae
1983 907 2069 936 naui-

1211 951 1368 989 gationem
1395 958 1460 978 eam
1487 948 1625 990 prodidit
1646 947 1780 990 scripto;
1809 948 1883 979 ficut
1906 949 1943 980 ad
1966 957 2068 980 extera

1214 996 1352 1035 Europae
1377 991 1528 1023 noscenda
1548 991 1649 1022 missus
1674 992 1777 1024 eodem
1799 997 1936 1033 tempore
1959 992 2070 1023 Himil-

1214 1041 1294 1068 co:⁴‘
1319 1045 1348 1067 et
1364 1035 1434 1067 libr.
1452 1039 1488 1066 V.
1505 1046 1567 1078 cap.
1588 1048 1608 1066 i.
1623 1046 1688 1077 pag.
1700 1047 1762 1074 24¹.
1809 1038 1936 1073 „fuere
1948 1039 2070 1068 etl-Ian·

1215 1084 1303 1112 nonis
1331 1081 1624 1119 Carthaginienssum
1646 1080 1731 1110 ducis
1752 1082 1984 1118 commentarii,
2011 1091 2073 1122 pto-

1214 1126 1292 1157 m'cis
1316 1124 1409 1156 rebus
1418 1124 1639 1167 florentcffimt's
1656 1122 1813 1166 explorare
1828 1125 1976 1155 ambitum
1992 1123 2072 1155 Afri-

1214 1180 1266 1200 eae
1283 1169 1388 1200 iuffi.“
1436 1170 1573 1207 Magonis
1587 1176 1688 1198 autem
1703 1170 1906 1210 imperatoris,
1930 1170 1999 1206 aui,
2021 1171 2071 1207 (vt

1214 1213 1352 1256 prodidit
1370 1213 1500 1255 Iustinus
1512 1211 1582 1243 libr.
1599 1214 1709 1243 XVIII.
1729 1217 1856 1254 eap.7.)‚
1880 1212 2028 1243 industria
2042 1219 2073 1244 et

1214 1268 1287 1299 opes
1313 1257 1606 1296 Carthaginienfium
1633 1264 1663 1287 et
1687 1257 1910 1298 imperii'tines
1932 1265 1960 1287 et
1983 1255 2070 1287 belli-

1215 1312 1266 1332 cae
1290 1300 1406 1340 gloriae
1430 1299 1533 1330 laudes
1555 1309 1729 1331 creuerunt.
1775 1302 1854 1340 Ergo
1875 1302 2071 1338 Hannonem,

1217 1344 1372 1376 concludit
1396 1347 1532 1384 Hagerus
1551 1367 1560 1380 ‚
1603 1354 1673 1375 ante
1697 1347 1731 1375 A.
1755 1346 1797 1375 M.
1816 1351 1890 1381 3538.
1916 1344 2015 1375 adhuc
2037 1346 2072 1374 in

1219 1391 1297 1420 viuis
1317 1388 1422 1424 fuisse,
1453 1389 1665 1430 ambitumque
1686 1387 1807 1419 Africae
1829 1387 2011 1430 explorasse:
2042 1397 2073 1420 et

1218 1444 1292 1464 vero
1310 1457 1319 1470 ‚
1356 1432 1438 1474 quod
1460 1431 1563 1468 Scylax
1594 1432 1688 1463 inulta
1713 1443 1749 1464 ex
1771 1435 1930 1463 Hannonis
1951 1431 2073 1475 periplo

1217 1476 1358 1508 sumsisset
1382 1487 1504 1513 mutua,
1529 1475 1628 1507 multo
1651 1485 1720 1507 ante
1744 1479 1776 1507 A.
1797 1478 1840 1507 Μ.
1859 1483 1934 1514 5538.
1956 1476 2071 1508 vixuse.

1218 1525 1354 1560 Hagerus
1380 1532 1455 1552 vero
1471 1543 1480 1557 ,
1518 1521 1601 1562 quod
1628 1523 1658 1551 in
1679 1523 1971 1552 commemoratione
1992 1523 2074 1552 Han-

1217 1568 1305 1596 nonis
1332 1564 1444 1607 peripli
1472 1572 1500 1594 et
1522 1564 1689 1595 insularum
1717 1564 1795 1595 vltra
1825 1563 1966 1596 Herculis
1991 1564 2075 1596 colu·

1218 1620 1300 1639 mnas
1331 1610 1450 1639 fltarum
1487 1609 1524 1638 ab
1555 1608 1717 1652 Aristotele
1746 1611 1777 1638 iu
1813 1607 1866 1638 lib.
1895 1608 1933 1639 de
1961 1611 2074 1641 Mirnb.

1219 1652 1343 1683 auscult.
1368 1662 1430 1692 cap.
1447 1662 1484 1688 35·
1507 1661 1536 1681 σε
1561 1659 1602 1682 xz.
1628 1651 1723 1687 faeta,
1749 1653 1811 1682 vini
1827 1654 1987 1693 maiusque
2001 1663 2074 1694 pon-

1219 1697 1275 1727 dus
1298 1697 1332 1726 ad
1358 1695 1618 1726 corroborandam
1650 1694 1730 1725 sitam
1757 1694 1934 1725 sententiam
1962 1695 2075 1730 inesse,

1219 1739 1382 1780 aliquoties
1413 1738 1546 1774 conlinit,
1584 1737 1711 1769 nesciuit
1744 1747 1795 1769 aut
1823 1750 1884 1768 non
1907 1741 2075 1778 cogitauit,

1221 1784 1278 1815 ell'e
1305 1787 1386 1814 xiros
1409 1783 1530 1818 doeios,
1563 1785 1616 1823 qui
1634 1782 1710 1813 illud
1728 1794 1803 1824 opus
1828 1782 1994 1814 Aristotelis
2010 1783 2074 1826 sup-

1222 1828 1387 1870 posititium
1417 1836 1445 1857 et
1472 1825 1575 1868 paullo
1599 1828 1662 1868 post
1687 1826 1861 1868 philosophi
1883 1836 2009 1859 aetatem
2037 1829 2075 1860 ab

1222 1871 1283 1902 alio
1305 1872 1502 1912 compositum
1532 1873 1598 1900 iure
1623 1869 1675 1900 suo
1703 1872 1899 1901 contendant.
1929 1883 1959 1902 v.
1979 1871 2076 1914 ipsum

1224 1917 1400 1947 lsamicinm
1423 1913 1449 1955 §.
1469 1925 1510 1944 ia.
1558 1916 1700 1944 Ceterum
1715 1917 1747 1945 in
1761 1913 1887 1956 reliquis
1903 1917 2015 1954 Hageri
2029 1927 2077 1947 ra-

1223 1960 1359 1991 tionibus
1382 1968 1410 1989 et
1427 1958 1599 1988 definienda
1619 1961 1777 1989 Hannonis
1796 1968 1893 1990 aetate
1909 1959 2076 2000 acquiesco.

1225 2004 1290 2034 Post
1318 2005 1388 2032 haec
1415 2001 1549 2032 recenset
1572 2002 1654 2032 idem
1679 2002 1730 2032 ille
1761 2006 1899 2042 Hagerus
1928 2003 2077 2045 reliquos,

1225 2058 1300 2089 quos
1321 2047 1471 2086 Carthago
1491 2045 1580 2082 tulit,
1615 2049 1798 2083 Harmones,
1827 2057 1939 2088 eosque
1962 2047 2078 2090 plures,

1225 2101 1316 2133 quam
1348 2091 1520 2125 Fabricius,
1551 2096 1702 2130 (quorum
1729 2089 1880 2129 catalogus
1906 2102 1945 2122 ex
1973 2093 2078 2132 Liuio,

1225 2137 1382 2177 Appiano,
1408 2136 1553 2165 Frontino
1568 2144 1624 2165 etc.
1650 2137 1776 2174 augeri,
1800 2133 1902 2165 saltem
1917 2137 2077 2167 confirma-

1225 2182 1271 2215 ri,
1295 2179 1315 2208 si
1341 2189 1416 2218 opus
1434 2177 1522 2214 ess'et,
1546 2177 1627 2208 facili
1645 2181 1768 2218 negptio
1782 2178 1912 2220 possen)
1933 2189 1961 2210 et
1977 2180 2078 2218 docet,

1223 2234 1292 2253 cum
1311 2221 1397 2252 nullo
1413 2225 1579 2252 conuenire
1595 2231 1678 2252 notas
1699 2222 1763 2252 illas
1783 2222 1944 2253 Plinianas.
1994 2226 2079 2256 Vixit

1226 2269 1320 2305 igitur
1339 2276 1364 2295 a.
1388 2276 1427 2295 m.
1446 2270 1527 2302 3505.
1550 2275 1686 2307 tempore
1703 2267 1836 2302 Dionysii
1853 2269 1982 2297 iunioris
1999 2270 2079 2298 Hau-

1226 2322 1286 2346 no,
1319 2311 1411 2340 homo
1434 2319 1465 2339 vt
1486 2309 1663 2346 ditillimiis,
1695 2313 1735 2340 ita
1754 2310 1900 2352 superbus
1924 2321 2083 2353 nouasque

1228 2366 1274 2385 res
1306 2356 1336 2384 in
1366 2356 1461 2394 patria
1483 2352 1611 2383 moliens
1628 2377 1635 2389 ,
1665 2365 1757 2395 quem
1778 2354 1906 2385 Samuel
1928 2354 2080 2387 But-hart.

1228 2401 1260 2429 in
1291 2400 1401 2437 Geogr.
1426 2396 1505 2426 sacra
1537 2406 1611 2438 part.
1629 2400 1665 2428 11.
1688 2408 1751 2440 cap.
1774 2407 1816 2436 37.
1845 2407 1911 2438 pag.
1928 2403 1998 2436 640.
2032 2400 2078 2432 Io.

1226 2439 1404 2485 Schefferus
1425 2450 1454 2471 et
1473 2440 1536 2472 Iac.
1551 2441 1756 2479 Peri'zonius,
1778 2443 1845 2483 (qui
1867 2452 1928 2472 uon
1950 2442 2082 2475 multum

2007 2486 2080 2520 fidet
