2183 2747
573 135 764 174 HOMERI
807 134 1061 173 nDtTioNEs
1098 137 1319 176 GRAECAE.
1463 142 1667 187 Lm.11.c.5.
1769 155 1823 189 4¹5

73 236 122 270 vis
139 236 172 269 in
190 232 244 269 illa
261 232 406 269 editione
419 245 488 269 non
505 244 609 281 pauca
623 231 697 278 snit,
724 245 808 283 quae
825 234 947 269 incuria
962 232 1014 268 vel
1028 230 1124 276 fudit,
1151 233 1203 270 vel
1217 248 1287 272 non
1304 232 1439 272 sustulit.
1479 236 1651 287 Qaedam
1669 239 1820 290 exempla

72 289 108 323 in
122 287 315 322 membrana
333 284 404 322 sunt
418 283 543 322 excusa.

176 341 273 375 Hanc
290 338 469 375 editionem
486 340 529 374 ita
544 337 695 388 expressit
714 338 836 374 Aldina
845 339 871 375 1.
888 350 976 383 1504.
995 347 1027 381 8.
1045 341 1086 376 11.
1107 350 1188 376 tom.
1203 352 1337 389 graece,
1363 350 1396 376 vt
1410 342 1442 375 in
1459 341 1551 378 rebus
1570 352 1695 378 tantum
1713 347 1820 379 minu-

72 394 112 427 tis
128 392 356 429 florentinam
371 388 543 431 desereret,
570 402 625 427 aut
641 403 817 440 operarum
834 393 1068 441 negligentiam
1086 391 1260 441 proderet,
1286 407 1314 428 v.
1341 393 1473 442 Ernesti
1494 393 1596 443 praef.
1628 397 1819 442 (Maittaire

72 446 106 479 in
123 447 186 482 An.
200 446 294 494 Typ.
310 444 381 480 lnd.
401 457 431 479 v.
446 446 555 480 Hom.
573 458 590 480 a
607 456 692 492 1503.
719 457 795 479 cum
814 442 940 482 stellula
956 448 1075 488 notat.)
1103 444 1265 495 quaedam
1281 446 1481 495 exemplaria
1502 445 1576 483 sunt
1596 450 1629 484 in
1651 450 1818 485 membra-

71 509 114 533 na
129 495 256 533 excusa.
284 494 376 533 conf.
395 497 529 532 Goetzii
544 499 652 533 Mem.
667 497 746 532 Bibl.
763 495 879 532 Dresd.
894 498 917 531 1.
936 510 968 545 p.
987 500 1062 534 116.

171 549 311 585 Homeri
327 550 410 584 Ilios
425 559 506 586 tom.
524 551 546 584 1.
562 571 615 576 —
632 549 780 598 Vhffm
810 550 1185 598 Batraclwmyomacliia,
1217 551 1347 600 Hymni
1374 551 1508 587 ΧΧΧΙΙ.
1529 562 1640 589 tomus
1667 556 1705 589 11.
1763 553 1816 589 Al.

68 598 142 640 dus.
196 603 234 638 ln
249 602 355 637 calce:
385 602 423 638 V
423 604 533 638 enetiis·
548 605 581 637 in
596 605 724 637 aedibus
740 602 823 637 Aldi
841 609 869 637 ct
885 603 1038 638 Andreae
1053 603 1204 651 Asitium,
1227 604 1343 651 cheri.
1371 606 1422 640 M.
1441 606 1482 640 D.
1498 606 1602 642 XVII.
1630 603 1741 642 mense
1766 608 1814 643 lu.

67 656 139 690 nio‘.
159 661 192 696 8.
244 656 337 690 Haec
357 653 477 690 Aldina
495 656 534 691 ΙΙ.
551 653 617 690 flue
634 656 736 690 Bentii
753 653 819 690 stuc
835 655 914 690 alius
931 652 1095 692 sedulitate
1111 667 1208 705 atque
1225 659 1372 705 ingenio,
1387 656 1472 693 adeo
1484 656 1674 707 frequenter
1691 671 1814 696 mutata

66 705 122 746 eft,
148 717 183 742 vt
199 710 278 743 noui
296 717 404 742 textus
422 707 616 756 exemplum
634 705 719 744 esl‘et.
740 722 770 743 v.
789 707 916 754 Ermssi
932 708 952 743 l.
971 722 1077 743 m.—
1091 708 1202 745 Editio
1220 709 1366 757 Aldina,
1393 713 1426 745 in
1447 718 1477 752 8.
1499 724 1546 760 gr.
1571 709 1639 747 fine
1664 715 1738 747 anni
1767 716 1815 748 in·

66 757 156 794 dicio
173 762 316 795 occurrit
332 761 364 794 in
380 761 484 795 Catal.
502 761 636 796 AskeW.
653 771 685 796 et
701 770 832 796 notatur
847 774 865 796 a
884 761 1010 796 Pinello
1027 764 1060 796 in
1074 759 1224 797 versione
1241 761 1316 798 libri
1332 763 1510 799 Harxvood
1525 763 1640 806 italica,
1667 761 1814 816 Prosper-

67 822 102 848 ιο
120 823 181 849 ete.
198 825 231 860 p.
250 825 273 848 1.
301 823 332 848 et
349 813 492 849 Goetzio
510 815 543 848 in
558 814 666 850 Mem.
684 812 764 847 Bibl.
782 811 895 848 Dresd.
912 814 951 848 11.
968 827 999 862 p.
1017 827 1076 860 ¹¹5·

166 865 304 900 Homeri
324 866 407 900 Ilias
421 866 564 901 Florem.
580 865 664 914 apud
684 870 810 902 Iun'am
830 879 908 912 ¹5¹9·
923 874 954 907 8.
979 865 1023 901 cs}
1038 868 1185 915 repetitio
1204 864 1343 902 Aldinae
1356 868 1402 904 Π.

168 918 306 952 Homeri
323 919 401 951 Ilias
417 938 463 944 —
476 918 614 966 Odigffca
628 929 688 954 etc.
716 918 836 953 Aldina
855 919 907 953 ΠΙ.
919 931 994 953 cum
1010 916 1262 964 sthoLDidymi
1277 932 1383 968 opera*
1394 921 1508 957 Franc.
1519 919 1666 971 Asulani,
1693 927 1809 960 Vener.

65 980 144 1014 1521.
159 970 198 1004 ll.
215 969 279 1007 vol.
297 977 326 1012 8.
346 969 424 1004 Bibl.
441 970 580 1014 Ernesti,
608 978 670 1016 158.
710 973 748 1006 In
763 969 888 1005 Ernesti
908 981 1016 1006 tamen
1037 970 1239 1019 praefatione
1255 971 1293 1006 ad
1312 974 1504 1008 Homerum
1523 974 1578 1009 illa
1591 989 1660 1012 non
1679 990 1811 1013 memo.

64 1032 165 1057 ratur.
219 1025 262 1057 At
278 1025 310 1057 in
328 1023 406 1058 Bibl.
423 1024 608 1058 Sarraziana
629 1037 658 1071 p.
674 1037 731 1070 90.
747 1035 798 1058 nr.
817 1034 906 1068 1309.
923 1023 1082 1059 librorum
1100 1027 1132 1059 in
1152 1031 1184 1064 8.
1202 1027 1243 1058 ita
1260 1022 1406 1060 adfertur
1421 1026 1546 1068 editio,
1581 1038 1614 1063 vt
1635 1040 1809 1064 contextus

64 1076 210 1110 Homeri
226 1088 362 1124 graecus
379 1073 482 1111 abeffe
496 1075 651 1111 videatur.
704 1077 997 1121 Inter-prefationes
1021 1083 1051 1111 et
1077 1080 1228 1124 antiquae
1251 1085 1278 1111 et
1301 1079 1455 1123 perutiles
1479 1081 1512 1114 in
1529 1080 1666 1116 Homeri
1689 1083 1808 1124 Iliada,

64 1139 121 1162 nec
137 1139 197 1162 non
213 1129 245 1162 in
262 1126 422 1176 Odpgffia:
449 1141 500 1177 gr.
517 1129 634 1163 Vener.
647 1127 732 1176 apud
753 1127 886 1163 Aldum.
903 1140 983 1175 1521.

167 1181 265 1215 Hom.
284 1180 407 1226 Opera,
433 1193 482 1229 gr.
498 1182 635 1215 Louanii
651 1179 736 1229 apud
755 1180 983 1216 Theodorum
1000 1181 1184 1215 Martinum
1201 1180 1418 1218 Aloslensem.
1441 1197 1526 1230 1523.
1554 1188 1628 1234 (qui
1644 1199 1748 1222 annus
1773 1188 1806 1223 in

61 1231 206 1277 Odyssea
221 1233 444 1280 exprimitur.)
467 1233 557 1276 411.
576 1243 658 1270 tom.
698 1231 808 1267 Editio
823 1232 959 1280 quidem
977 1231 1022 1268 est
1038 1231 1203 1275 raritlima.
1233 1231 1285 1269 sed
1309 1249 1327 1270 e
1351 1236 1541 1272 Florentina
1567 1238 1663 1274 dudla
1689 1253 1719 1275 ν.
1740 1240 1806 1275 Er·-

60 1285 139 1332 msti
153 1282 255 1332 praef.
271 1283 311 1319 ad
330 1286 520 1320 Homerum
543 1297 572 1333 p,
587 1287 627 1321 V.
685 1286 884 1332 Exemplum
903 1286 1052 1321 biblioth.
1069 1286 1252 1321 electoralis
1272 1286 1390 1323 Dresd.
1412 1289 1450 1324 ab
1472 1291 1584 1331 initio,
1611 1302 1645 1326 vt
1668 1290 1806 1339 videtur,

62 1337 107 1373 est
123 1350 292 1375 mancum⁷
309 1337 476 1372 Fabricius
491 1336 650 1373 adtulerat
666 1335 908 1373 Louaniensem
927 1335 1102 1382 Odyffeae,
1123 1340 1520 1385 Batrachomyomachiae
1533 1352 1565 1378 et
1580 1345 1805 1389 hymnorum.

57 1403 109 1429 an.
128 1401 205 1436 1535.
220 1401 250 1433 4.
277 1388 381 1438 (apud
400 1388 581 1436 Rescium.)
609 1403 692 1438 quae
710 1400 836 1426 tantum
855 1392 1005 1440 repetitio
1023 1392 1142 1439 prioris
1156 1388 1251 1426 fuiss'e
1263 1392 1400 1429 videtur.

163 1444 264 1478 Hom.
285 1442 407 1488 Opera,
431 1456 480 1492 gr.
498 1445 661 1485 Venetus,
688 1447 722 1478 in
746 1442 878 1479 aedibus
906 1444 990 1479 Aldi.
1016 1456 1100 1488 1524.
1122 1452 1154 1485 8.
1183 1445 1224 1480 11.
1242 1444 1323 1480 voll.
1389 1447 1488 1482 Hanc
1509 1459 1604 1484 vocat
1621 1443 1747 1485 Ernesti
1771 1452 1807 1486 in

62 1493 267 1544 praefatione
280 1496 436 1531 Aldinam
456 1498 595 1532 tertiam.
651 1497 698 1532 Ea
711 1507 820 1531 autem
837 1510 877 1532 ex
894 1496 1040 1532 editione
1056 1499 1096 1532 11.
1125 1495 1244 1531 Aldina
1259 1495 1364 1541 fluxit,
1393 1498 1585 1548 praemiss'ae
1605 1512 1711 1538 tamen
1734 1501 1806 1538 sunt

58 1549 202 1584 Homeri
223 1550 306 1583 vitae
324 1547 503 1584 Herodoto
523 1560 553 1583 et
570 1547 745 1584 Plutarcho
763 1550 911 1590 tributae.
938 1562 1022 1598 quae
1040 1547 1154 1600 desunt
1170 1551 1203 1583 in
1222 1549 1339 1585 Aldina
1360 1552 1399 1587 ll.
1453 1552 1526 1588 lllas
1540 1558 1661 1603 excipit
1687 1555 1803 1590 cadem

56 1599 132 1636 Aldi
148 1600 296 1650 epistola,
325 1614 407 1649 quae
421 1599 580 1636 secundae
597 1600 672 1637 edit.
689 1601 831 1650 praefixa
846 1602 974 1651 legitur.
1028 1603 1139 1637 Huius
1156 1612 1187 1637 et
1203 1600 1361 1638 secundae
1374 1602 1446 1638 edd.
1465 1608 1616 1655 exempla
1634 1621 1733 1656 penes
1749 1621 1805 1644 me

54 1651 137 1688 sunt.
192 1655 394 1702 Exemplum
419 1653 493 1689 edit.
515 1654 555 1689 H.
582 1653 720 1690 Aldinae
741 1654 925 1692 custoditur
944 1657 978 1690 in
999 1656 1078 1690 Bibl.
1093 1653 1274 1690 Vinaricnfi
1301 1654 1407 1690 ducali
1433 1669 1507 1692 cum
1529 1662 1615 1694 notis
1646 1662 1761 1696 criticis
1785 1675 1804 1697 a

53 1719 155 1742 manu
171 1704 299 1741 Heinsn
317 1705 502 1741 doclissima
517 1705 555 1740 ad
573 1716 704 1742 tomum
721 1707 951 1756 posteriorem,
975 1706 1089 1756 passim
1107 1720 1240 1757 quoque
1255 1705 1293 1742 ad
1310 1711 1456 1756 priorem
1475 1709 1626 1755 adiectis,
1658 1726 1696 1748 ex
1720 1717 1804 1762 opti·

54 1772 115 1796 mo
135 1756 318 1806 Vespasiani
336 1760 516 1808 Gonzagae
531 1758 720 1795 Columnae
734 1759 848 1796 codice
862 1759 1087 1797 Sablonetenfi
1107 1763 1264 1809 excerptis
1282 1771 1312 1796 et
1334 1775 1351 1796 a
1368 1761 1407 1796 cl.
1429 1762 1626 1812 Villotsonio
1646 1766 1800 1814 promul-

53 1815 134 1863 gatis
151 1814 184 1845 in
200 1811 286 1846 illius
304 1810 459 1857 Epistolis
478 1812 729 1859 Vinarienfibus,
757 1815 887 1852 Turici,
906 1821 995 1858 1782.
1013 1826 1043 1858 4.
1061 1828 1076 1848 a
1092 1827 1122 1862 p.
1138 1826 1182 1858 40
1202 1827 1301 1863 Vsque
1315 1813 1353 1848 ad
1376 1828 1407 1863 p.
1425 1817 1482 1851 60.

7 1895 15 1902 .
124 1878 127 1881 ’
156 1865 254 1900 Ηοηι.
270 1865 394 1910 Omra,
409 1875 540 1899 curante
563 1868 608 1900 Ιο.
628 1866 801 1909 LouicerO,
837 1871 1014 1915 Argentor.
1037 1878 1116 1912 1525.
1140 1865 1226 1916 apud
1251 1865 1359 1901 wolf.
1377 1867 1601 1914 Cephalaeum
1624 1876 1654 1910 8.
1705 1870 1798 1905 Caici

7 1917 14 1921 ⁶
51 1917 227 1955 adhaerent
243 1919 348 1951 variae
364 1915 572 1952 Florentinae
585 1928 616 1952 et
631 1920 795 1968 Vtriusque
808 1918 949 1955 Aldinae
966 1919 1038 1955 edd.
1055 1919 1215 1954 lectiones
1239 1918 1315 1954 telle
1336 1918 1581 1969 Hambergero,
1607 1933 1639 1957 et
1662 1923 1696 1958 in
1716 1922 1796 1958 Bibl.

48 1971 88 2010 cl.
105 1971 300 2015 Schwarzii,
327 1965 459 2003 Prot'ess‘.
477 1968 666 2004 Altdorfini.
694 1972 697 1974 ’

151 2023 250 2060 Ham,
266 2024 378 2068 Opera
393 2019 478 2070 apud
494 2021 626 2057 Aldum.
642 2029 723 2068 1528
749 2031 781 2065 8.
807 2022 894 2072 apud
909 2023 1092 2060 Fabricium
1111 2023 1130 2061 l.
1149 2022 1273 2059 noslro.

152 2075 254 2111 Hom.
276 2075 385 2120 Opera
400 2087 476 2109 cum
495 2077 762 2123 interpretatione
779 2077 934 2124 Didymi,
949 2075 1041 2113 Balil.
1060 2089 1137 2123 ¹53¹-
1156 2074 1216 2111 fol.
1234 2075 1310 2110 teile
1327 2074 1478 2121 catalopo
1495 2076 1640 2125 quodam
1652 2079 1796 2116 Osborn.

154 2129 256 2163 Hom.
280 2127 390 2172 Opera
411 2139 546 2175 graece,
587 2127 773 2176 Argentor.
798 2128 884 2177 apud
907 2128 1105 2178 Wolfgang.
1147 2129 1380 2176 Cephalaeum.
1400 2141 1480 2174 1534·
1499 2137 1530 2171 8.
1558 2131 1596 2164 Η.
1614 2140 1696 2168 tom.
1722 2130 1795 2179 post

50 2178 245 2225 Odysseam.
271 2182 304 2215 in
319 2191 398 2214 meo
413 2177 550 2227 quidem
567 2180 734 2230 exemplo.
750 2184 907 2231 reperitur
934 2184 995 2217 vita
1018 2183 1182 2227 Homeri,
1215 2179 1394 2216 Herodoto
1417 2193 1446 2216 et
1469 2183 1643 2219 Plutarcho
1667 2185 1794 2226 tributa,

51 2245 128 2269 cum
142 2234 261 2270 Dionis
279 2228 514 2275 Chrysossomi
533 2235 683 2269 oratione
704 2231 745 2269 de
768 2236 937 2271 Homero.
1005 2232 1110 2279 Inest,
1146 2235 1192 2268 vti
1214 2235 1246 2268 in
1268 2231 1415 2270 editione
1436 2235 1608 2278 Loniceri‚
1636 2234 1794 2272 collec‘tio

47 2285 232 2323 leelionum
255 2287 430 2320 variarum.

155 2339 256 2374 Hom.
271 2338 352 2372 Ilsas
367 2345 396 2371 et
414 2335 566 2384 Odtffw,
582 2351 697 2386 graece
712 2350 790 2374 cum
807 2348 870 2374 vet.
888 2340 1014 2388 graecis
1032 2335 1173 2379 scholiis,
1196 2338 1300 2374 Ionch.
1321 2339 1510 2386 camerarii,
1537 2338 1688 2388 Bafileae‚
1707 2339 1793 2388 apud

50 2390 100 2426 Ῐο.
115 2391 333 2439 Heruagium.
353 2401 432 2435 1535.
450 2391 530 2425 min.
546 2387 606 2426 fol.
632 2391 722 2426 Calci
742 2390 892 2427 adhaeret
910 2391 1093 2426 Adnotntio
1115 2391 1273 2431 iocorum,
1305 2394 1420 2438 quibus
1441 2392 1584 2432 Animo,
1620 2394 1794 2440 quodfire

39 2441 170 2491 sequuti
176 2443 307 2491 sumus,
332 2454 401 2477 cnm
416 2442 606 2479 Florentino
621 2456 683 2480 nou
695 2445 850 2480 conuenit.
902 2444 951 2480 Io.
967 2441 1049 2478 Lud.
1067 2443 1261 2480 Biinemann
1277 2446 1311 2480 in
1329 2443 1434 2481 Catal.
1453 2446 1554 2481 MSS.
1576 2454 1607 2480 et
1630 2445 1790 2482 librorum
1806 2485 1813 2490 ,

1550 2496 1793 2536 rariffimorum
