2071 2747
0 72 136 107 ιιμσοφ
636 70 836 109 CODICES
871 69 1015 117 Mssn
1256 69 1331 108 Lib.
1344 71 1395 108 II.
1411 83 1436 106 c.
1451 69 1539 106 XX.
1642 81 1695 115 335

0 178 83 219 guae
98 164 260 210 Persicae,
285 176 318 203 et
329 165 428 204 nullis
445 168 590 204 Orientis
606 170 757 215 gentium
772 166 966 204 instrudium
982 169 1231 210 monumentis,
1257 166 1412 203 adfirmat
1437 165 1526 202 idem
1544 165 1585 214 Is.
1607 166 1694 215 Vos-

0 232 98 270 tcap.
113 232 138 256 1.
163 219 236 255 libri
261 218 302 255 de
326 220 477 256 oraculis
499 220 678 266 Sibyllinis.
733 223 903 262 Nimirum
925 219 1069 256 Persicae
1093 219 1227 269 linguae
1244 222 1467 269 ignorantiam
1486 219 1690 255 Gatackerus

0 287 18 308 i.
37 285 80 308 21.
97 286 129 321 p.
149 274 222 308 661.
239 270 413 308 Aduersar.
430 271 505 308 edit.
520 272 628 308 Lond.
647 272 774 322 colligit
789 287 828 308 cx
845 287 906 317 eo,
934 271 1023 322 quod
1042 272 1237 309 Herodotus
1253 276 1367 308 omnia
1383 269 1553 308 Persarum
1581 275 1689 308 nomi-

8 328 40 360 in
55 325 186 360 literam
202 326 234 361 S.
250 323 396 361 definere
410 324 558 368 tradidit,
587 329 709 373 graecis
727 336 855 360 tantum
876 323 1084 375 scriptoribus
1098 322 1265 362 consultis.
1321 323 1421 373 [Add.
1439 324 1510 373 post
1530 323 1688 360 Richard-

0 391 63 413 .um
90 378 244 414 Walilius
267 381 299 412 in
325 377 383 413 der
404 378 549 426 Allgem.
565 376 683 413 Geseh.
709 377 766 413 der
788 380 954 427 motgenl.
972 379 1140 428 Sprachen
1163 392 1198 430 p.
1216 390 1293 426 299.
1325 377 1437 425 Beck]
1489 375 1567 424 ‘Sed
1587 377 1688 424 Voffii

2 433 139 467 aionem
163 427 284 466 refutat
307 431 368 467 lac.
385 433 537 467 Gronou.
563 429 603 466 ad
630 430 795 466 Herodot.
815 432 866 465 lX.
889 444 967 481 pag.
983 443 1054 478 ¹99·

469 537 525 570 vl.
583 535 888 572 CODICES
938 534 1159 571 MSSTJ.

45 612 98 650 De
112 612 263 663 pluribus
279 623 310 648 et
323 613 517 649 melioribus
536 611 701 648 codicibus
720 616 824 648 msstis
844 616 907 648 iam
925 612 1100 662 diligenter
1119 614 1186 660 egit
1203 609 1385 659 Wffh'ng.
1404 612 1439 646 in
1462 605 1685 660 praefatione:

0 678 43 701 tre
68 669 180 716 paucis
203 679 274 701 rem
296 664 465 702 absoluere
488 667 606 701 licebit.
670 668 821 715 Princeps
843 663 925 701 olim
959 668 1115 701 omnium
1136 664 1315 699 habebatur
1340 673 1438 713 atque
1466 663 1683 698 incontinenti

0 732 45 754 *ne
63 733 99 754 ac
116 715 331 769 superstitiosa
345 721 573 757 veneratione,
597 730 660 768 qua
684 718 781 752 illum
805 721 872 753 lac.
891 720 1081 754 Gronousm
1100 714 1335 767 prosequutus,
1362 715 1503 765 ideoque
1525 728 1543 749 a
1568 714 1682 750 multis

0 772 85 808 rbius
100 771 146 808 est
161 774 298 820 agitatus
311 798 321 812 ‚
349 785 450 822 quam
467 774 613 807 maxime
635 771 762 806 celeber
785 771 828 806 ess
846 772 1009 806 Ille-diceus
1030 771 1213 806 membran.
1242 779 1317 804 ante
1340 769 1550 817 edlingentos
1575 779 1682 816 prope

0 823 129 860 tesiam
146 835 313 866 exaratus,
339 838 440 874 quem
459 823 641 860 admiratur
657 837 790 873 quoque
811 825 1008 866 Bandiniur,
1036 834 1067 858 et
1093 825 1274 871 aegerrime
1294 818 1375 862 fert,
1397 820 1444 855 illi
1467 835 1486 855 a
1506 817 1682 854 Wess'elin-

14 874 172 927 praeferri
188 877 385 922 Paffioneum
401 875 570 919 codicem,
594 877 792 926 praebetque
808 877 1022 925 exemplum,
1046 890 1114 911 non
1129 876 1246 923 vbique
1261 876 1331 923 pari
1354 871 1419 908 fide
1441 873 1597 908 lediiones
1619 868 1682 906 esse

0 940 125 980 erptas,
153 932 186 965 in
201 930 366 978 Catalogo
389 928 486 965 codd.
504 943 611 978 graec.
628 929 778 964 biblioth.
796 930 1037 964 Laurentianae
1060 927 1128 963 vol.
1149 929 1186 962 11.
1210 927 1291 977 plut.
1309 925 1405 961 LXX.
1429 923 1503 960 cod.
1523 924 1577 960 ΙΙΙ.
1604 935 1678 972 pag·

1 1008 10 1018 .
35 1002 86 1009 —
114 983 152 1018 Iu
171 980 290 1018 eodem
307 982 433 1031 pluteo,
456 981 595 1019 cod.V1.
616 984 650 1016 in
666 980 852 1031 eodemque
869 981 934 1016 vol.
950 995 983 1030 p.
1001 983 1072 1027 665.
1089 979 1133 1016 est
1150 978 1225 1016 cod.
1240 979 1380 1016 membr.
1402 980 1434 1013 in
1450 989 1480 1020 4.
1498 974 1577 1012 saec.
1590 977 1678 1011 xlv.

0 1048 40 1070 nu
55 1034 351 1071 NicolaiTriclinii
369 1043 451 1078 ¹4¹8·
470 1033 604 1084 scriptus
622 1045 653 1070 et
667 1037 815 1070 continet
832 1048 948 1070 omnes
966 1032 1131 1069 Herodoti
1148 1031 1232 1069 Hist.
1245 1032 1357 1067 libros.
1385 1031 1412 1064 ls
1429 1028 1533 1065 codex
1550 1040 1679 1063 memo-

0 1100 27 1122 ιι·
64 1101 110 1123 uo
136 1101 176 1123 ue
191 1102 209 1122 a
228 1087 454 1135 Montfaueon.
471 1090 505 1122 in
524 1087 694 1136 Palaeogr.
711 1099 829 1135 graeca
847 1101 881 1136 p.
898 1090 951 1128 68.
975 1107 1026 1113 —
1053 1084 1179 1120 lbidem
1198 1099 1228 1133 p.
1246 1088 1322 1126 688.
1344 1082 1420 1118 cod.
1442 1082 1559 1117 XXIX.
1575 1093 1680 1115 mern·

0 1153 28 1174 n.
41 1101 104 1178 lol.
131 1153 197 1176 aec.
213 1140 285 1177 XV.
312 1159 362 1166 —
389 1151 466 1189 etp.
483 1143 560 1186 689.
579 1138 654 1175 cod.
674 1140 807 1175 XXXII.
828 1142 968 1175 chartac.
987 1141 1019 1173 in
1035 1145 1064 1178 8.
1083 1135 1162 1173 saec.
1177 1139 1248 1173 XV.
1274 1156 1324 1162 —-
1352 1146 1435 1170 tom.
1452 1135 1507 1170 lll.
1524 1133 1606 1182 plut.
1625 1135 1679 1174 86.

0 1192 115 1228 i.V111.
132 1189 212 1229 saec.
233 1193 305 1226 XV.
325 1205 374 1226 nr.
394 1204 443 1235 27.
468 1196 616 1228 continet
638 1203 829 1241 excerptum
851 1191 1042 1227 historicum
1066 1189 1106 1225 de
1130 1188 1327 1239 serpentibus
1350 1188 1460 1233 alatis,
1486 1189 1541 1234 qui
1563 1189 1595 1220 in
1616 1188 1678 1220 Ae-

0 1254 44 1281 »to
63 1255 94 1280 et
112 1245 230 1280 Arabia
245 1246 473 1293 reperiuntur,
500 1244 590 1295 quod
606 1243 772 1280 Herodoti
789 1258 916 1280 nomen
931 1247 963 1278 in
980 1246 1131 1292 margine
1147 1243 1295 1287 exhibet,
1321 1250 1417 1289 atque
1442 1253 1480 1274 ex
1498 1236 1677 1274 Herodoto

0 1295 125 1333 'emtum
146 1295 324 1347 suspicatur
340 1296 516 1332 Bandinus.
543 1317 594 1324 -—
624 1297 711 1333 Vita
726 1298 884 1341 Homeri,
909 1310 992 1346 quae
1008 1294 1187 1331 Herodoto
1204 1294 1306 1342 vulgo
1323 1294 1483 1333 tribuitur,
1510 1303 1587 1326 cum
1603 1291 1676 1325 Ho-

0 1352 20 1386 ri
37 1347 203 1396 Odyssea,
230 1349 306 1385 ibid.
323 1348 406 1398 plut.
423 1361 470 1392 32.
486 1348 562 1386 cod.
582 1351 638 1386 IV.
654 1360 738 1385 tom.
756 1351 795 1385 ll.
813 1364 844 1399 p.
863 1352 930 1385 126.
956 1347 1033 1384 ibid.
1051 1348 1132 1397 plut.
1149 1351 1205 1383 60.
1226 1345 1298 1381 cod.
1319 1347 1406 1380 XIV.
1431 1357 1480 1379 nr.
1498 1356 1525 1387 3.
1550 1357 1579 1392 p.
1596 1345 1674 1384 604.

0 1415 21 1439 ι.
37 1405 108 1448 691.
127 1403 210 1452 plut.
227 1400 374 1447 7o.-c0d.
391 1403 529 1438 XXXV.
569 1423 620 1430 —
663 1403 829 1439 Herodoti
853 1411 884 1437 et
905 1402 1049 1438 aliorum
1074 1398 1248 1436 sententiae
1263 1399 1300 1432 de
1314 1398 1384 1433 Nili
1406 1395 1571 1443 adstensu,
1599 1392 1674 1429 ibid.

0 1446 50 1500 ¹83.
64 1455 145 1505 plut.
159 1458 214 1492 60.
239 1453 351 1490 cod.1.
380 1468 418 1489 ac
441 1468 472 1504 p.
489 1457 566 1499 607.
591 1453 664 1490 cod.
681 1455 768 1491 XIX.
791 1467 840 1490 nr.
857 1456 890 1489 6.
921 1472 974 1480 —-·
1007 1456 1135 1489 Citatur
1151 1450 1345 1488 Herodotus
1360 1452 1392 1484 in
1407 1449 1497 1484 Viol.
1520 1443 1673 1494 compos.

0 1504 15 1544 l.
31 1518 113 1544 tom.
132 1508 155 1542 1.
179 1520 253 1557 pag.
273 1519 346 1552 549.
375 1504 556 1542 secundum
581 1507 810 1551 lisontfaucon.
830 1519 913 1541 mox
936 1504 1141 1541 laudandum
1158 1505 1182 1540 l.
1205 1517 1281 1554 pag.
1303 1506 1378 1545 360.
1401 1501 1444 1537 est
1471 1503 1504 1535 in
1524 1499 1607 1535 Plut.
1625 1510 1675 1545 59.

0 1561 78 1608 glcon
107 1558 294 1596 dic‘tionum
324 1559 512 1602 Herodoti,
546 1557 729 1595 secundum
760 1560 990 1609 alphabetum,
1025 1561 1078 1594 cui
1104 1555 1315 1593 subiiciuntur
1346 1552 1509 1604 quaedam
1538 1550 1579 1587 dc
1609 1549 1676 1587 dia-

0 1623 22 1653 β
41 1626 159 1649 ionica.

32 1678 222 1716 Secundum
243 1680 473 1727 Montfaucon.
498 1682 532 1714 in
554 1680 755 1720 BIbliotheca
777 1678 1053 1715 bibliothecarum
1076 1686 1276 1717 msstorum,
1308 1684 1390 1710 tom.
1407 1674 1433 1707 1.
1455 1683 1530 1723 pag.
1547 1683 1578 1715 4.
1600 1668 1674 1706 sunt

0 1729 113 1785 'fidant'
131 1737 166 1768 in
188 1732 385 1768 bibliotheca
412 1733 442 1767 S.
459 1732 624 1769 Ambrosii
649 1736 795 1782 quinque
818 1730 915 1768 codd.
939 1729 1126 1773 Herodoti,
1150 1741 1295 1779 quorum
1319 1725 1557 1775 antiquissimus
1573 1723 1617 1760 est
1638 1727 1673 1759 in

0 1796 36 1821 οε
59 1783 128 1822 duo
146 1784 198 1821 alii
218 1783 291 1820 sunt
308 1783 442 1834 quidem
459 1788 602 1834 antiqui;
629 1783 682 1821 sed
698 1799 767 1820 non
786 1787 872 1834 paris
890 1783 1073 1826 vetustatis3
1101 1792 1233 1832 quartus
1259 1780 1302 1816 est
1325 1788 1546 1815 trecentorum
1569 1789 1673 1812 anno-

0 1847 34 1881 23
57 1841 187 1888 quintus
205 1840 237 1872 in
253 1846 282 1879 8.
304 1850 425 1873 recens,
460 1837 554 1882 (ibid.
573 1849 656 1873 tom.
677 1839 700 1873 l.
724 1852 757 1887 p.
775 1849 852 1882 500.
869 1838 906 1872 E.
933 1844 1244 1872 commemorantur
1270 1831 1338 1869 duo
1359 1832 1462 1868 lexica
1484 1829 1673 1866 dictionum

0 1887 118 1934 Moti,
140 1893 174 1926 in
189 1889 338 1925 biblioth.
359 1888 606 1936 Ambrosiam.)
630 1910 683 1918 —
709 1891 746 1925 In
765 1890 960 1925 bibliotheca
977 1886 1158 1933 Mutinensi
1180 1884 1254 1921 cod.
1271 1883 1438 1921 Herodoti
1459 1881 1570 1918 vifitur
1594 1894 1672 1931 qua·

0 1951 185 1991 rgentorum
205 1955 392 1984 annorum,
419 1940 503 1978 adde
518 1957 548 1992 p.
565 1955 626 1990 531.
649 1945 688 1977 A.
714 1962 765 1969 —
793 1938 826 1977 in
850 1941 997 1978 biblioth.
1017 1941 1181 1976 Vaticana
1196 1939 1317 1974 Romae
1338 1934 1413 1973 sunt
1432 1947 1495 1972 tres
1515 1933 1615 1971 codd.
1639 1943 1672 1969 et

0 1993 182 2034 ffiotheca
196 1995 340 2030 Palatina
355 1992 555 2030 accesserunt
568 1995 636 2031 duo
652 1994 704 2031 alii
722 1993 820 2030 codd.
848 1993 931 2030 adde
950 2007 980 2043 p.
999 2001 1030 2034 8.
1048 1994 1086 2029 C.
1111 2013 1163 2019 —
1189 2004 1266 2041 pag.
1282 2002 1355 2035 434.
1374 1990 1406 2024 B.
1423 1987 1619 2024 Herodotus
1637 1989 1672 2021 in

0 2046 307 2097 M'Cqsenaterfi.
339 2067 391 2073 ——
422 2061 496 2097 pag.
509 2042 579 2093 331.
597 2050 637 2082 A.
670 2069 722 2074 —
755 2060 832 2097 pag.
851 2049 917 2091 562.
936 2048 974 2082 C.
1000 2047 1034 2080 in
1056 2044 1203 2080 biblioth.
1225 2043 1470 2092 Vindobonenst.
1509 2061 1561 2067 —
1592 2051 1670 2089 pag.

0 2099 61 2136 .Δ.
84 2109 230 2136 etmanu
245 2098 396 2136 Andreae
412 2100 503 2136 Doni
519 2102 601 2136 Her.
619 2101 692 2137 libri
707 2102 746 2136 V.
771 2103 917 2150 priores,
943 2111 1020 2149 pag.
1037 2099 1113 2141 646.
1130 2098 1167 2132 A.
1195 2107 1266 2132 tum
1289 2107 1365 2146 pag.
1386 2098 1456 2141 658.
1474 2095 1514 2182 [ἑ.
1533 2095 1571 2180 {illl
1591 2091 1668 2128 bibl.

1514 2159 1532 2180 o
1567 2156 1668 2179 ciana.

39 2217 48 2224 '
69 2227 115 2248 em
134 2227 267 2249 veterum
291 2217 378 2254 λέγει
405 2219 552 2255 Herodoti
583 2217 704 2254 Λιβυκὲς
733 2220 770 2250 ab
824 2227 854 2249 to
873 2218 907 2248 ad
923 2220 949 2248 S.
965 2219 991 2248 S.
1006 2229 1035 2259 p.
1051 2220 1100 2254 96.
1116 2226 1174 2246 non
1197 2215 1319 2246 indicari
1343 2214 1515 2254 singularem
1530 2213 1565 2244 de
1580 2212 1667 2253 rebus

28 2261 35 2267 “
57 2263 128 2291 .1v.
143 2267 213 2299 ¹59.)
229 2263 377 2292 distinc‘ios
402 2266 487 2293 nouit
512 2271 561 2293 aut
576 2263 688 2302 adtigit.
734 2266 770 2293 At
824 2263 940 2297 Libycis
958 2262 1212 2294 commentarium,
1237 2259 1284 2289 scd
1301 2261 1382 2289 innui
1398 2269 1442 2294 ea,
1457 2268 1531 2299 quae
1547 2257 1598 2287 lib.
1616 2258 1668 2286 IV.

0 2311 15 2334 a
27 2301 194 2346 Weffeling.
208 2308 239 2336 in
254 2306 323 2336 edit.
335 2305 488 2337 Herodoti
504 2307 540 2336 ad
555 2310 590 2337 11.
611 2312 664 2337 ιω.
681 2319 708 2336 ιι.
727 2313 769 2340 ss.
825 2316 883 2342 ¹59·
910 2312 1024 2335 narrata
1047 2304 1120 2333 sunt.
1165 2305 1258 2344 Atque
1276 2302 1419 2343 Raphelit'
1440 2301 1667 2343 explicationem

18 2346 106 2387 pnes.
119 2359 146 2389 p.
165 2358 187 2383 3.
200 2350 306 2391 probat
321 2349 470 2380 Bouhcrii
483 2349 560 2384 (diff.
577 2353 647 2380 Her.
663 2361 723 2391 cap.
735 2353 771 2385 1.)
823 2352 907 2379 vnice
929 2359 1029 2378 veram
1055 2349 1176 2385 agnouit
1191 2345 1335 2379 Valcken.
1351 2346 1389 2377 ad
1410 2345 1547 2377 eumdem
1568 2344 1667 2375 lotum

7 2387 166 2432 -hpluzii
179 2391 348 2424 sententiam
368 2395 399 2424 in
416 2395 563 2425 Annotatt.
579 2405 615 2425 cx
632 2394 771 2426 Herode·
822 2395 860 2425 11.
879 2397 934 2424 161.
956 2403 999 2423 nr.
1015 2401 1057 2429 91.
1080 2391 1174 2422 Harl.
