2183 2747
18 2098 21 2114 ι

19 2126 23 2154 1

21 2179 24 2199 ι

22 2214 27 2286 ἒ,

26 2305 29 2336 ¹,

28 2342 32 2417 l

30 2421 35 2489 l

33 2493 39 2584 ¹-

716 141 905 181 HESIODI
943 139 1208 180 EDITIONES.
1460 139 1532 176 Lib.
1544 138 1594 175 Π.
1612 150 1635 174 e.
1651 144 1679 177 8.
1783 146 1849 182 599

204 238 342 283 'Hamis
360 256 406 283 τε
419 239 583 294 'Aeneam
597 239 759 294 ἔργοίχςιί
775 241 903 292 ἡμερας.
930 247 1111 288 Θεογοωω.
1145 235 1268 277 ’Ao-mc
1288 235 1500 289 Ἡρακλεες.
1560 232 1691 284 Hefiodi
1711 230 1848 289 Astraei

100 296 213 343 Opera
228 305 258 332 et
273 299 348 331 dier.
365 296 560 343 Theogonia.
577 296 709 330 Statum
724 296 891 332 Herculis.
949 293 1068 330 Omnia
1084 303 1159 328 vcro
1173 303 1243 326 cum
1259 291 1372 326 multis
1386 292 1577 337 optimisque
1593 285 1847 335 expcfitiombus.

97 351 138 385 In
153 349 250 385 calce.
270 349 308 384 V
307 350 418 384 enctiis
434 350 467 382 in
480 348 611 382 aedibus
630 347 874 384 Bartholomaci
889 346 1023 382 Zanctti
1043 344 1311 392 Casterzagenſss,
1339 355 1410 380 aere
1425 355 1502 378 vcro
1522 346 1553 376 et
1565 338 1736 387 diligentia
1752 337 1848 371 Ioan-

97 403 149 438 nis
168 401 335 450 From-isti
351 401 556 436 Trimauelli.
609 400 706 436 Anno
722 414 740 434 α
750 407 857 447 partu
873 401 1023 447 virginis.
1046 397 1293 434 MDXxxvn.
1308 392 1427 432 Mense
1444 397 1551 431 lunio.
1569 406 1601 438 4.
1655 387 1848 438 Exemplar,

99 453 193 504 quod
210 455 329 496 habeo,
356 452 401 489 est
417 453 574 495 nitidum,
599 451 726 489 litterae
743 450 938 501 splendidae.
993 453 1103 487 Prima
1117 459 1227 486 autem
1243 448 1289 485 est
1303 450 1385 485 haec
1402 446 1526 490 editio,
1553 441 1738 482 admodum
1765 454 1847 483 rara,

97 510 185 543 inter
201 519 331 556 graecas
345 505 516 549 editiones,
541 518 625 555 quae
648 503 780 555 stipatae
798 503 931 541 scholiis
947 506 1072 553 graecis
1089 502 1199 539 Procli
1213 501 1395 548 Diadochi‚
1424 501 1555 536 loannis
1565 498 1724 538 Tzetzae,
1749 495 1848 530 Ema-

98 558 205 597 nuens
220 557 452 608 Moschopuli,
479 568 510 594 et
527 558 658 594 Ioannis
680 556 947 607 Protospatharii‚
973 558 1008 592 in
1024 556 1134 592 lucem
1149 554 1355 605 prodierunt.
1411 553 1640 597 Instrumenta,
1662 547 1778 598 quibus
1794 559 1847 581 ve-

98 622 182 648 teres
195 614 230 648 in
243 624 325 661 agro
340 609 486 648 colendo
501 611 683 658 vtebantur‚
712 613 746 647 in
762 612 824 646 hac
837 609 984 647 editione
997 606 1059 645 fol.
1085 620 1145 645 ιη.
1164 606 1259 657 ligno
1280 604 1378 644 incisa
1403 604 1477 642 sunt
1497 604 1628 642 nitidius
1641 631 1652 646 ,
1687 613 1790 650 quam
1813 601 1849 634 in

97 665 260 714 exemplis
279 664 398 700 Clerici
415 674 447 699 et
462 665 640 700 Loesneri:
665 662 772 700 addita
785 661 860 700 sunt
874 665 1013 699 nomina
1029 673 1154 710 graeca.
1207 661 1245 696 Τ
1247 669 1340 696 extus
1365 660 1462 696 verba
1484 671 1568 695 num
1592 669 1633 692 ex
1656 650 1850 690 anteceden-

95 718 182 754 tibus
197 715 398 754 editionibus
413 713 613 759 desumserit,
637 729 690 760 an,
716 714 749 751 id
764 714 856 766 quod
870 713 1071 764 probabilius
1089 712 1146 761 est,
1175 726 1196 750 e
1221 711 1388 749 codicibus
1414 709 1641 748 emendauerit
1654 701 1850 743 Trincauel-

97 769 160 817 lus,
185 767 340 818 equidem
355 767 494 805 definire
507 781 578 805 non
592 766 734 818 possum.
788 770 898 817 Atque
910 766 1133 803 Trincauello
1150 768 1183 802 in
1199 764 1335 815 epistola
1351 765 1441 802 breui
1458 764 1499 801 ad
1513 765 1649 800 Petrum
1658 759 1850 795 victorium

98 837 142 859 ne
159 822 330 858 verbulum
346 821 482 871 quidem
501 821 542 857 de
555 819 699 857 subsidiis
717 830 773 857 aut
790 823 928 863 ratione,
955 832 1020 869 qua
1036 817 1106 854 vsus
1122 817 1171 860 lit,
1189 829 1243 854 aut
1259 816 1300 854 de
1317 817 1387 854 aliis
1401 818 1508 864 rebus,
1531 828 1618 866 quae
1632 811 1672 850 ad
1688 809 1848 848 iudicium

99 874 141 911 de
162 874 248 910 illius
264 887 365 923 opera
378 884 408 910 et
424 872 603 917 codicibus,
630 886 713 924 quos
728 872 887 916 adhibuit,
914 873 1001 909 reike
1014 869 1189 908 ferendum
1206 868 1339 914 faciant,
1365 880 1421 906 aut
1434 867 1515 906 scitu
1528 864 1703 905 necessaria
1716 862 1848 900 vtiliaue

99 925 164 964 ess'e
181 925 315 976 poffim,
343 925 480 962 adiicere
496 926 630 976 placuit.
686 928 818 962 Textus
837 938 916 962 vero
933 924 978 960 est
998 924 1112 960 multis
1134 924 1275 973 partibus
1301 923 1423 960 melior
1444 931 1476 958 et
1497 919 1724 961 emendatior,
1746 927 1850 965 quam

100 982 136 1017 in
151 978 400 1029 posterioribus,
427 981 461 1015 in
477 979 594 1029 quibus
609 978 718 1015 bonae
736 979 896 1015 leeliones
912 976 998 1013 haud
1021 990 1113 1020 raro,
1145 986 1175 1011 at
1198 975 1266 1012 fine
1289 973 1394 1012 caulsa
1419 973 1494 1011 sunt
1514 983 1671 1011 mutatae,
1697 980 1727 1005 et
1752 968 1849 1005 habet

96 1029 234 1070 subinde
247 1031 419 1074 Ιεέὶῐοηεε,
444 1044 522 1080 quas
542 1033 700 1068 Graeuius
724 1032 843 1081 aliique
864 1043 928 1080 pro
952 1031 1145 1066 coniecturis
1167 1027 1337 1065 dederunt.
1391 1027 1525 1064 Scholia
1543 1037 1656 1062 autem
1677 1026 1712 1058 in
1735 1020 1848 1057 multis

98 1083 182 1122 locis
197 1083 270 1121 sunt
284 1084 393 1121 multo
414 1084 568 1130 meliora,
593 1084 743 1134 pleniora
757 1095 789 1120 et
803 1082 1040 1124 emendatiora,
1068 1095 1169 1131 quam
1184 1084 1218 1117 in
1242 1079 1472 1117 Baffleenfibus
1497 1089 1529 1115 et
1551 1075 1749 1118 Heinfiana,
1779 1071 1847 1108 illa·

100 1150 178 1174 rum
192 1137 274 1185 filia,
295 1137 512 1178 editionibus,
539 1139 584 1172 ita
599 1148 633 1173 vt
653 1135 768 1174 futuro
792 1134 910 1172 editori
932 1135 984 1170 vel
1002 1138 1037 1171 in
1051 1133 1286 1170 constituendis
1303 1132 1550 1169 scholiassarum
1572 1130 1689 1175 verbis,
1715 1137 1850 1173 compa·

100 1202 173 1228 rato
191 1189 462 1227 Trincauelliano
478 1189 649 1239 exemplo,
677 1190 782 1226 multa
800 1186 960 1239 supersint
975 1186 1170 1237 corrigenda
1187 1197 1218 1222 et
1234 1185 1438 1225 restituenda,
1466 1199 1496 1220 v.
1513 1183 1554 1220 cl.
1567 1182 1671 1229 Wolf
1679 1179 1718 1216 ad
1732 1179 1851 1214 Theo·

101 1245 239 1292 goniam
259 1240 396 1278 Hesiodi
413 1243 452 1287 ab
467 1241 535 1292 ipso
551 1242 670 1279 editam
687 1256 719 1292 p.
737 1255 769 1290 51
786 1240 835 1291 sq.
864 1242 1015 1289 Freytag
1028 1242 1061 1276 in
1078 1239 1242 1289 Adparatu
1259 1239 1378 1275 literar.
1394 1249 1477 1274 tom.
1495 1239 1520 1273 Ι.
1538 1250 1570 1286 p.
1587 1248 1642 1278 225
1655 1231 1723 1282 sqq.
1740 1230 1850 1266 Fabri-

101 1298 169 1331 cius
187 1296 266 1330 loco
282 1293 410 1342 nostro,
439 1295 607 1344 „elegans,
634 1297 688 1339 ait,
716 1306 746 1331 et
762 1292 947 1337 emendata,
972 1306 1073 1342 quam
1095 1307 1136 1329 ex
1152 1291 1229 1328 cod.
1245 1294 1346 1328 MSto
1362 1289 1544 1340 suppletam
1564 1302 1618 1324 me
1642 1286 1780 1321 memini
1805 1283 1849 1340 vi·

103 1346 178 1383 dere
196 1349 229 1383 in
246 1347 444 1383 bibliotheca
453 1346 677 1398 Gottorpiensi
695 1346 793 1384 seren.
821 1344 992 1383 Holsatiae
1008 1345 1112 1389 ducis,
1138 1349 1224 1381 inter
1239 1344 1340 1380 libros
1351 1345 1608 1380 Wowerianos.
1660 1342 1697 1374 ln
1714 1338 1774 1372 hac
1784 1333 1850 1369 edi·

104 1402 206 1442 tione,
233 1397 392 1449 quaedam
408 1401 526 1436 melius
544 1401 621 1450 legi,
648 1409 691 1439 (v.
712 1413 745 1449 p.
762 1398 883 1450 posler.
901 1396 962 1434 fol.
979 1399 1125 1434 Lxxlu.
1141 1399 1198 1434 lin.
1219 1398 1287 1442 26.)
1316 1410 1417 1446 quam
1434 1399 1465 1431 in
1481 1391 1727 1445 posterioribuS,
1749 1389 1849 1423 ctiam

102 1451 294 1496 Heinsiana,
321 1456 387 1500 (an.
407 1455 498 1496 1603.
522 1465 630 1501 p.125.
649 1453 707 1489 lin.
725 1455 794 1498 34.)
832 1463 983 1488 notatum
1006 1450 1150 1487 Seldeno
1174 1450 1214 1486 ad
1236 1452 1412 1485 Marmora
1434 1445 1635 1484 Oxoniensxa
1658 1457 1687 1492 p.
1713 1443 1752 1487 36
1775 1437 1850 1488 sq-“

102 1507 171 1552 (an.
191 1509 280 1546 1628.
303 1517 336 1552 p.
354 1517 419 1552 139.
434 1504 494 1540 lin.
510 1505 650 1553 penult.)
706 1507 744 1541 In
771 1506 922 1540 biblioth.
940 1506 1123 1540 Burmanni
1144 1507 1184 1540 11.
1209 1502 1303 1550 (telle
1323 1504 1390 1537 eius
1413 1500 1589 1548 Catalogo‚
1620 1495 1730 1532 MSSI-
1752 1506 1782 1540 P·
1801 1503 1848 1536 25·

102 1571 136 1595 n.
154 1560 263 1604 2616.)
289 1555 352 1593 fuit
364 1558 533 1606 exemplar
548 1561 642 1594 huius
658 1556 811 1594 editionis
827 1570 906 1594 eum
921 1555 1072 1607 plurimis
1087 1555 1263 1593 emendatt.
1279 1567 1311 1591 et
1323 1565 1392 1590 not.
1411 1554 1507 1589 MSS.
1525 1554 1565 1587 G.
1586 1546 1825 1594 r'alkenburgii.

202 1636 336 1685 Hqfiodi
351 1648 448 1682 opera
463 1642 493 1671 et
506 1637 572 1671 dies
586 1643 616 1671 et
639 1636 827 1684 Theognnia
843 1644 874 1671 et
888 1635 1026 1683 clypeus.
1089 1635 1288 1682 Theognidis
1306 1632 1494 1681 sententiae.
1549 1627 1688 1675 Sibyllae
1710 1623 1850 1679 carmina

101 1690 140 1724 dc
159 1687 286 1735 Christo
299 1708 368 1722 —-.
406 1689 536 1736 Musaei
549 1689 656 1737 opusc.
674 1691 710 1724 dc
732 1690 857 1725 Herone
873 1696 904 1724 et
927 1689 1088 1724 Leandro.
1108 1688 1232 1733 Orphei
1247 1687 1488 1733 Argonautira,
1515 1682 1639 1730 Hymni
1659 1684 1689 1712 ct
1709 1678 1747 1711 dc
1772 1677 1850 1719 lapi-

103 1743 206 1775 dibus.
261 1739 650 1791 PhocylidisParaenqfis.
665 1743 851 1777 Florentiae
867 1755 925 1790 per
943 1739 1062 1776 Bened.
1082 1740 1242 1776 lundam.
1259 1750 1343 1785 1540.
1360 1744 1391 1778 8.
1420 1733 1540 1771 Differt
1553 1748 1570 1769 a
1588 1734 1714 1769 Iuntina
1732 1729 1850 1777 priore.

106 1791 166 1826 Illa
183 1804 262 1827 vero
277 1794 354 1826 Bcn.
375 1795 485 1828 luntae
502 1793 602 1828 editio
621 1805 716 1844 atque
733 1794 887 1830 collectio
909 1797 1008 1842 typis,
1035 1807 1096 1830 nec
1112 1793 1301 1841 diligenter,
1328 1791 1463 1839 repetita
1479 1786 1523 1823 cst
1549 1790 1583 1821 in
1608 1783 1741 1819 officina
1766 1780 1850 1814 Far.

106 1856 160 1877 '²¹¹
182 1843 299 1878 Venef·
320 1855 396 1889 ¹543-
416 1852 447 1885 8.
463 1859 491 1880 v.
510 1843 604 1881 infra.
634 1848 724 1881 Num
740 1846 816 1883 edit.
837 1847 965 1882 Veneta
985 1859 1071 1891 ¹542-
1091 1853 1122 1889 8.
1152 1859 1251 1894 quam
1271 1852 1460 1879 memorant
1475 1840 1597 1875 fabric.
1612 1847 1643 1872 et
1658 1829 1849 1872 Ham-cod,

105 1908 217 1932 reuera
233 1893 359 1937 existat,
386 1909 426 1929 an
440 1894 476 1930 fit
496 1898 664 1939 farreana,
680 1901 760 1933 vitio
776 1910 854 1934 nota
870 1901 947 1934 anni
963 1896 1156 1939 commisso,
1180 1896 1336 1946 equidem
1354 1892 1473 1932 nescio,

206 1973 337 2022 H‘fifflfi
356 1972 467 2019 Opera
484 1976 598 2013 omnia,
623 1986 677 2022 gr.
695 1982 724 2009 et
741 1976 798 2011 lat.
815 1978 889 2010 item
906 1976 1011 2011 eadem
1031 1977 1130 2011 latine
1153 1975 1266 2023 versa,
1292 1972 1518 2019 interpretibus
1542 1967 1648 2003 Nicol.
1674 1964 1716 2002 V
1713 1963 1787 2003 alla,
1812 1973 1850 2021 'ae

105 2026 248 2063 Bom‘nm
268 2025 468 2068 Monam-amo,
495 2034 525 2060 et
543 2028 671 2061 deornm
682 2028 890 2075 genealogiae
906 2030 1015 2063 latinis
1033 2030 1170 2078 verstlms
1188 2030 1331 2074 elegiacis
1347 2039 1365 2060 a
1385 2023 1556 2060 iem-cardo
1572 2019 1698 2067 Pylade
1720 2018 1849 2075 Brixia-

96 2078 352 2180 Jobctluisctssptsfle
366 2080 441 2174 {ibri
460 2077 505 2168 b?
519 2085 550 2172 {t
563 2091 681 2127 graeca
696 2081 731 2115 in
746 2083 851 2116 onmia
866 2080 998 2131 Hestodi
1011 2093 1108 2128 opera
1121 2083 1234 2116 lonnn.
1251 2079 1463 2114 Grammatici
1483 2079 1688 2122 cognomento
1711 2070 1850 2106 Tzctzus

123 2145 136 2166 c
159 2144 232 2166 om.
288 2143 354 2166 ai.
389 2143 473 2174 ¹542·
542 2159 549 2166 .

209 2202 348 2235 loannes
365 2201 575 2241 Birchrnann,
602 2198 796 2249 bibliopola.
823 2203 857 2235 in
875 2200 1012 2244 epistola
1028 2199 1068 2237 ad
1085 2201 1281 2236 Cutbermm
1298 2195 1524 2239 Tonllallum,
1547 2191 1748 2243 Episcopum
1767 2188 1851 2227 Dul-

105 2250 268 2295 mensem,
292 2251 458 2287 (Solonas
474 2251 546 2286 Kal.
564 2249 637 2288 Iun.
655 2266 671 2287 a
690 2264 774 2297 1542.
792 2251 922 2301 scripta,
950 2251 994 2296 se,
1020 2257 1077 2300 ait,
1102 2267 1120 2288 e
1137 2253 1211 2288 cod.
1229 2247 1499 2298 Cantabrigienfi,
1525 2262 1543 2283 a
1561 2250 1609 2282 10.
1629 2245 1759 2290 Cheko‚
1783 2255 1851 2278 me·

105 2302 232 2340 dicinae
248 2315 279 2340 et
298 2304 479 2340 litterarum
496 2316 636 2352 graecas.
656 2303 838 2352 professore
856 2303 953 2340 misso
979 2315 1010 2340 et
1031 2308 1170 2353 negotio
1195 2303 1311 2339 edendi
1335 2301 1430 2343 dato,
1463 2298 1656 2336 scholiallen
1681 2296 1775 2332 illum
1801 2307 1849 2344 gr.

105 2355 261 2394 excusum
275 2361 363 2406 typis
383 2354 512 2398 dedisse,
536 2369 566 2390 v.
583 2357 758 2392 Maittaire
775 2358 891 2393 Annal.
916 2367 1055 2406 typogr.
1074 2367 1157 2393 tom.
1176 2357 1231 2391 ΠΙ.
1249 2367 1329 2402 part.
1347 2357 1367 2390 1.
1386 2368 1416 2403 p.
1430 2366 1489 2400 339
1504 2352 1551 2402 sq.
1586 2349 1721 2388 Scholia
1737 2360 1852 2398 graeca

105 2406 181 2445 sunt
196 2410 327 2459 quidem
344 2412 503 2458 pleniora,
540 2422 629 2456 luam
650 2411 680 2443 in
698 2413 821 2455 priore,
847 2409 877 2444 at
896 2408 988 2458 saepe
1003 2422 1139 2458 quoque
1154 2407 1302 2444 mutilata
1320 2418 1351 2443 et
1372 2407 1509 2448 turbata,
1538 2403 1745 2452 interpolata.
1772 2404 1851 2437 hinc

106 2460 186 2499 inde
199 2464 308 2499 vitiata
324 2473 356 2499 et
370 2474 537 2512 corrupta,
565 2472 597 2498 vt
613 2463 680 2498 iam
695 2463 858 2499 fabricius
872 2473 903 2499 ct
920 2460 1026 2499 Wolf
1046 2473 1264 2499 monuerunt.
1292 2480 1345 2488 --
1371 2459 1528 2497 Eiusdem
1561 2458 1708 2494 Tzctzae
1729 2453 1852 2542 scliiolia

1700 2520 1751 2556 gs·
1779 2520 1852 2556 efa⁴
