2183 2747
130 197 417 235 Vo!.1.p.3³5P³36
614 199 675 236 m:
708 199 919 237 noMERo
955 200 1042 237 VEL
1075 201 1123 238 in
1157 202 1419 241 nomiman.
1526 208 1733 256 L⁵I›.Js.c.5.
1840 226 1889 260 515

233 300 268 333 in
283 296 358 333 edit.
378 293 632 345 XVass‘e-nbergh.
665 311 766 348 quem
792 301 891 334 etiam
913 297 986 334 vide
1002 312 1160 350 pag.147.
1184 314 1222 336 ex
1238 300 1348 336 Tollii
1372 302 1552 353 Excerptis.
1608 308 1644 342 Iu
1669 304 1799 343 scholiis
1814 310 1876 346 cod

236 350 374 386 Amllel.
399 349 439 386 ad
465 349 557 386 Iliad.
575 347 611 389 οἱ,
635 354 700 394 136.
730 352 798 398 (vbi
822 354 853 386 in
881 351 955 387 cod.
974 355 1103 389 Veneto
1131 363 1162 388 ct
1187 351 1343 403 Lipsiensi
1366 357 1454 392 recle
1480 356 1600 404 legitur
1625 357 1888 411 ὂῊξωὸιοινὲἢ)

234 403 329 440 Iliad.
349 400 396 445 Β.
414 412 443 445 8.
460 414 492 439 et
508 403 582 439 alibi
602 405 793 439 Herodotus
807 404 885 441 loco
904 406 1089 441 Hei-odiam
1108 403 1244 457 scriptus
1269 407 1330 444 esi:
1360 412 1448 459 atqui
1472 414 1639 462 vtiiusque
1661 417 1800 451 nomina
1824 413 1890 451 sae.

236 460 310 507 pius
327 460 529 507 permutari,
557 460 625 492 iani
641 456 680 493 ad
697 471 825 493 nomen
848 459 1022 493 Heliodori
1045 456 1293 496 obseruauimus
1306 489 1315 503 ,
1344 472 1375 497 et
1397 474 1550 499 notatum
1570 466 1615 502 est
1639 480 1656 501 a
1676 468 1889 504 l-falckenario

236 509 277 547 ad
293 508 460 548 Herodot.
477 525 509 561 p.
528 513 603 555 465.
623 525 674 547 nr.
692 524 737 555 14.
764 522 860 561 atque
881 512 1105 561 IVffmbergli
1126 512 1168 549 ad
1193 510 1316 550 scholia
1333 516 1440 552 Hom.
1459 517 1551 555 Iliad.
1570 521 1595 556 1.
1612 530 1644 556 et
1663 520 1701 557 11,
1724 535 1800 572 pag.
1818 526 1888 568 167.

233 562 308 601 add.
326 564 442 614 paullo
467 564 541 613 post
555 565 761 601 Herodorus.
788 566 891 601 Harl.
1253 617 1259 622 ·

185 622 543 670 [HERODICVS,
579 625 818 672 grammaticus
843 624 1031 664 Crateteus,
1069 622 1136 660 vid.
1152 624 1370 669 Athenaeum,
1398 628 1438 663 V.
1462 640 1511 674 19.
1548 631 1603 667 Vl.
1635 635 1666 668 6.
1690 646 1730 679 15.
1797 638 1887 672 Hinc

237 675 368 722 Voſjim
384 673 425 711 de
441 675 584 712 historic.
601 689 652 725 gr.
671 675 727 711 lib.
747 676 771 710 1.
796 690 868 725 cap.
886 688 932 712 21.
957 689 1035 710 eum
1059 674 1159 713 refert
1185 676 1225 713 ad
1251 688 1404 728 tempora
1431 682 1589 727 Cratetis,
1617 686 1778 738 huiusque
1793 687 1888 726 fuiffe

234 726 343 764 censet
361 727 562 764 auditorem.
619 730 748 764 Citatur
765 732 798 764 in
815 727 919 764 schol.
937 730 1045 765 Marc.
1062 729 1102 766 ad
1119 728 1151 768 ν’.
1169 744 1220 778 ²9·
1245 727 1272 769 ό.
1291 744 1334 776 53.
1357 735 1391 768 in
1416 744 1557 784 Vtroque
1579 738 1658 775 loco
1682 739 1825 779 dissentit
1847 744 1886 778 ab

231 780 433 817 Aristarcho.
488 782 578 816 Hinc
597 782 802 831 probabilior
818 782 855 818 fit
870 778 1026 817 sententia
1044 784 1143 831 Ioiifii
1159 782 1199 819 de
1214 780 1363 834 scriptor.
1379 786 1451 822 hist.
1468 790 1546 838 phil.
1562 790 1617 826 lib.
1639 793 1678 827 11.
1706 808 1776 845 cap.
1798 809 1839 839 13·
1855 799 1885 833 6.

230 847 309 883 pag.
325 847 392 877 217.
421 844 455 869 vt
479 837 592 869 Crates
617 835 802 871 Aristarcho
826 831 1076 878 aduersabatur,
1105 835 1148 871 sic
1173 848 1204 872 et
1220 836 1430 874 Herodicum
1451 842 1698 890 Babylonium,
1726 852 1779 898 qui
1799 848 1887 899 apud

227 889 350 923 Athen.
368 887 430 986 lib}
442 888 484 923 V.
500 901 571 937 cap.
590 888 646 923 vlt.
662 891 782 939 pungit
800 887 1042 932 Aristar-ehem,
1069 888 1226 926 eumdem
1243 888 1305 927 ess'e
1324 905 1402 928 cum
1425 894 1539 932 nostro
1566 899 1720 937 Crateteo
1743 901 1887 939 Herodi.

222 953 275 976 co.
308 940 412 975 Harl.

124 1010 241 1045 LXIV.
268 1010 380 1043 HER
392 1010 617 1044 ODORVS
646 1022 781 1059 quoque
806 1010 1000 1045 Homerum
1019 1009 1202 1051 illustrauit,
1235 1011 1319 1050 Vide
1336 1012 1432 1065 supra
1454 1019 1489 1052 in
1507 1017 1618 1064 Apion
1641 1022 1756 1073 [atque
1772 1027 1885 1064 Helio-

228 1061 345 1108 dorus]
362 1071 393 1096 et
409 1063 543 1096 Graeuii
559 1072 678 1097 notam
703 1061 745 1097 ad
767 1060 1013 1112 praefationem
1032 1062 1191 1111 Hesychii
1217 1066 1441 1105 Alexandrini.
1468 1071 1597 1107 Fabi-ic.
1658 1076 1885 1126 Herodorum,

228 1113 430 1165 plerumque
448 1128 527 1150 cum
542 1116 693 1164 Apione,
719 1112 813 1164 saepe
836 1114 950 1152 laudat
971 1117 1178 1166 Eustathius,
1206 1121 1285 1156 item
1313 1121 1509 1167 Apollonius
1533 1125 1677 1173 Sophista
1699 1132 1734 1166 in
1756 1131 1885 1177 &³711ssAE-

230 1183 322 1220 τοξοι
342 1164 478 1218 μήλων,
512 1169 565 1204 vbi
592 1168 756 1204 Herodoti
782 1183 911 1205 nomen
934 1169 1022 1205 male
1048 1171 1092 1206 est
1113 1169 1284 1222 scriptum.
1337 1176 1539 1224 frequenter
1563 1182 1651 1214 enim
1674 1195 1800 1221 nomen
1819 1188 1884 1224 Hc.

228 1221 343 1256 rodori
367 1235 425 1271 per
448 1224 611 1258 incuriam
635 1221 849 1258 librariorum
874 1234 1102 1272 permutatum
1125 1225 1170 1260 est
1198 1228 1231 1261 in
1254 1227 1474 1265 Hei-adonim.
1517 1229 1579 1266 vid.
1600 1233 1791 1287 Wcssbling.
1811 1239 1881 1278 diss,

226 1273 394 1313 Herodot.
411 1289 480 1324 cap.
497 1287 526 1320 3.
560 1276 666 1321 Toup,
683 1273 723 1310 ad
741 1272 842 1312 schol.
856 1277 1008 1313 Theocr.
1026 1290 1136 1327 P=2¹9·
1166 1279 1298 1327 Villois.
1316 1279 1403 1316 Prol.
1422 1284 1453 1316 in
1470 1282 1645 1332 Apollonii
1665 1289 1773 1325 Lexic.
1787 1293 1883 1334 hom,

226 1342 258 1377 p.
277 1341 306 1371 ¹3
325 1325 370 1378 sq.
398 1327 592 1374 Eustathius
605 1330 673 1364 eius
689 1338 720 1363 et
735 1330 874 1378 Apionis
896 1334 1159 1367 commentarios
1183 1335 1336 1368 nominat
1358 1332 1505 1377 βιβλίον
1530 1333 1576 1374 eis
1600 1337 1651 1377 τοὶ
1666 1343 1714 1381 *rii-¹
1735 1342 1880 1397 Όμῆρε,

229 1392 260 1417 et
276 1377 328 1420 m*
342 1380 389 1419 εἰς
403 1377 461 1419 τᾶν
470 1377 623 1432 αΟμνιςον
638 1379 901 1431 ὑπομνήματα,
929 1393 960 1418 et
976 1382 1016 1419 ad
1033 1382 1125 1421 Iliad.
1143 1391 1182 1424 X.
1200 1399 1231 1435 p.
1249 1397 1331 1432 ¹354-
1350 1401 1380 1421 v.
1402 1390 1449 1426 16.
1474 1385 1658 1443 Ἡξέδωξος
1672 1391 1731 1443 &aas
1754 1394 1878 1440 Ἀπίω,

223 1437 254 1473 ἐν
275 1440 347 1472 τοῖς
370 1431 416 1472 εἷς
430 1431 472 1473 τὲ
496 1441 542 1473 πῖ
559 1436 716 1483 σχολῖσις
733 1436 887 1481 nevam.
941 1435 1002 1472 Ille
1016 1451 1114 1479 vero,
1138 1448 1169 1473 et
1185 1441 1316 1489 Apion,
1344 1442 1377 1475 in
1400 1448 1650 1481 commentariis
1672 1445 1734 1484 suis
1755 1457 1879 1500 praeci-

225 1501 292 1538 pue
311 1484 446 1523 suerunt
463 1490 495 1522 in
512 1486 668 1536 singulis,
697 1502 781 1538 qnae
798 1490 838 1524 ab
856 1486 912 1525 vsu
930 1487 1030 1525 essent
1047 1502 1216 1535 remotae,
1244 1490 1441 1529 diffitionibus
1464 1496 1644 1533 homericis
1662 1503 1878 1554 interpretan-

153 1578 156 1580 ,
223 1540 272 1576 dis
289 1543 453 1590 occupati,
476 1551 506 1576 et
523 1545 556 1576 in
571 1539 767 1577 adnotandis
787 1556 804 1577 e
821 1541 953 1578 diuersis
971 1545 1281 1581 Grammaticorum
1300 1544 1496 1583 editionibus
1513 1554 1607 1587 variis
1621 1545 1743 1590 vocum
1761 1557 1876 1597 legh'o.

223 1595 337 1630 nibus:
366 1606 399 1630 vt
413 1591 489 1630 scite
508 1590 659 1630 obseruat
682 1595 837 1632 Valcken.
853 1598 886 1631 in
900 1593 969 1632 diff.
988 1595 1028 1632 de
1043 1595 1174 1633 scholiis
1193 1601 1227 1633 in
1246 1600 1352 1634 Hom.
1369 1599 1495 1636 ineditis
1519 1617 1553 1652 p.
1571 1612 1628 1648 148
1647 1603 1690 1656 sq.
1717 1610 1768 1645 vbi
1791 1625 1874 1661 quo,

221 1661 286 1697 que
304 1645 539 1683 animaduertit
555 1646 739 1698 docetque,
766 1647 934 1684 interdum
951 1663 1013 1699 pro
1031 1650 1118 1686 illius
1144 1654 1284 1687 nomine
1305 1649 1464 1702 scriptum
1489 1652 1584 1692 fuiffe
1605 1659 1821 1700 Heliodorum
1842 1674 1875 1702 et

221 1700 417 1736 Daciarum.
443 1699 509 1736 vid.
527 1714 661 1751 quoque
680 1698 796 1750 supra,
819 1702 1030 1739 Heliodorus.
1085 1702 1242 1740 Diuersus
1268 1719 1347 1741 vero
1372 1708 1425 1741 hie
1447 1708 1665 1755 Herodorus,
1700 1718 1755 1764 qui
1778 1721 1875 1756 toties

220 1752 266 1789 est
281 1752 370 1803 apud
385 1753 596 1789 Eustathium
614 1756 753 1804 Apionis
769 1768 902 1798 comes,
930 1756 969 1791 ab
988 1756 1054 1792 alio
1072 1758 1251 1793 Hei-odoro
1263 1787 1273 1804 ,
1303 1761 1357 1808 qui
1375 1758 1606 1807 Argonautica
1628 1775 1660 1800 et
1681 1780 1816 1806 carmen
1833 1771 1875 1809 de

220 1806 369 1842 Hercule
397 1803 538 1856 scripsit,
572 1810 664 1843 cuius
688 1811 898 1844 mentionem
922 1806 1133 1859 frequentem
1157 1808 1308 1847 fecerunt
1330 1812 1523 1850 scholiastes
1546 1819 1579 1851 in
1597 1818 1822 1867 Apollonium
1841 1837 1873 1863 et

222 1857 452 1907 Apollqdorus
473 1862 506 1894 in
524 1859 678 1896 Biblioth.
695 1859 775 1907 (vid.
793 1861 833 1896 cl.
852 1863 976 1910 Heynii
991 1873 1062 1899 not.
1081 1862 1122 1898 ad
1143 1863 1304 1914 Apollod.
1323 1875 1405 1904 tom,
1420 1867 1476 1902 111.
1494 1882 1526 1916 p.
1544 1873 1635 1914 984.)
1691 1873 1751 1910 llle
1766 1878 1874 1915 Hero-

224 1910 325 1946 dorus
343 1922 440 1961 poeta
458 1909 518 1946 suit
538 1915 622 1947 inter
638 1910 811 1962 sci-{ptores
827 1918 1001 1964 antiquos,
1029 1926 1127 1966 atque
1144 1918 1271 1967 Iouistm
1287 1916 1327 1952 de
1345 1915 1403 1955 scr.
1420 1919 1492 1956 hist.
1510 1921 1591 1970 phil.
1617 1923 1670 1961 lib.
1687 1928 1727 1963 11.
1753 1943 1823 1980 cap,
1841 1942 1871 1969 2,

220 1977 247 2011 5,
265 1978 296 2014 p.
320 1977 386 2009 ¹47-
404 1961 504 2000 refert
521 1978 599 1999 eum
615 1963 655 2000 ad
673 1975 812 2001 aetatem
828 1967 1057 2016 Theophrasti
1077 1980 1173 2019 atque
1190 1967 1349 2016 Lysaniae
1363 1973 1540 2018 Cyrenaei,
1567 1976 1791 2018 Eratosthenis
1807 1985 1874 2031 Cy-

222 2020 330 2052 rcnaei
349 2019 580 2067 grammatici,
607 2022 840 2068 praeceptoris.
896 2022 939 2056 Et
955 2031 1067 2057 tamen
1084 2021 1173 2059 idem
1184 2023 1311 2073 Ionfius
1326 2023 1463 2061 libnlv.
1481 2038 1529 2063 2².
1546 2040 1579 2076 p.
1589 2040 1652 2075 255.
1667 2031 1786 2080 censet,
1803 2038 1873 2073 He-

222 2070 399 2111 rodorum,
426 2072 570 2106 Homeri
587 2082 826 2115 enarratorem‚
850 2072 1010 2110 eumdem
1026 2072 1102 2125 εἶξε,
1131 2079 1187 2126 qui
1204 2079 1351 2112 carmina
1366 2076 1421 2112 illa
1439 2081 1665 2128 Argonautica
1680 2096 1712 2122 et
1730 2086 1770 2124 de
1787 2090 1876 2127 Her.

221 2123 302 2159 culis
318 2123 413 2173 gestis
429 2121 569 2159 suderat.
621 2125 807 2162 Enimuero
826 2140 934 2176 neque
951 2128 1122 2164 Herodori
1139 2132 1359 2165 Grammatici
1378 2131 1493 2173 nostri,
1520 2147 1628 2184 neque
1643 2138 1783 2186 Apionis
1797 2143 1872 2181 Ale-

222 2176 372 2212 xandrini
388 2187 473 2212 aetas
487 2190 590 2226 aeque
605 2179 726 2214 incerta
743 2178 800 2224 est,
825 2194 862 2215 ac
878 2179 1005 2216 lonsius
1021 2192 1171 2230 putarat3
1199 2180 1252 2218 sed
1268 2185 1452 2232 imperante
1470 2187 1617 2236 Augusto
1637 2194 1787 2241 aequales
1803 2194 1872 2233 fue-

223 2240 300 2265 runt
319 2229 488 2275 Apollonii
506 2228 685 2278 Sophillae.
713 2230 777 2267 vid.
799 2232 987 2281 Villoisrmii
1005 2233 1159 2284 Prolegg.
1175 2233 1215 2270 ad
1234 2235 1407 2284 Apollonii
1426 2237 1504 2274 Lex.
1519 2241 1626 2278 Hom.
1651 2258 1728 2296 pag,
1746 2249 1810 2284 XII
1825 2246 1871 2300 sq,

219 2294 250 2317 et
274 2295 349 2331 pag.
368 2283 455 2317 XlV.
479 2280 520 2317 dc
535 2283 741 2329 Heracleote,
765 2287 820 2335 qui
843 2285 1013 2322 interdum
1035 2286 1124 2323 idem
1150 2288 1215 2335 est,
1240 2301 1277 2323 ac
1295 2289 1499 2326 Herodorus.
1530 2294 1634 2332 Harl.

58 2368 60 2403 ᾗ
115 2356 219 2392 LXV,
249 2355 576 2390 HIPPARCHO
610 2354 759 2392 Pisistrati
781 2359 818 2395 F.
841 2359 996 2395 tribuitur
1024 2355 1402 2413 81538ae0153‘0pn3mn2
1427 2372 1460 2401 vt
1484 2363 1581 2417 supra
1606 2383 1676 2421 cap,
1697 2384 1726 2410 2.
1744 2378 1870 2411 notaui,

216 2407 307 2442 Alius
324 2407 532 2454 Hipparchus
547 2406 562 2446 ὅ
577 2405 637 2453 τὴν
649 2408 892 2457 Αἰγυπτιακὴν
917 2408 1054 2451 Ἰλιάδα
1071 2410 1217 2453 συνθείς.
1241 2417 1362 2451 Athen.
1379 2418 1434 2452 111.
1449 2432 1481 2469 p.
1498 2433 1561 2458 101.
1590 2423 1647 2470 [if]

113 2485 228 2521 LXVI.
256 2483 467 2518 HIPPIAS
494 2481 638 2519 Thasius
656 2482 807 2521 difficiles
830 2486 994 2537 quosdam
1020 2497 1051 2522 et
1073 2488 1248 2537 ambiguos
1274 2492 1418 2528 Homeri
1441 2493 1536 2531 locos
1558 2500 1785 2549 interpretatus
1805 2502 1868 2540 effe

217 2550 255 2572 ac
271 2533 420 2578 soluisse,
449 2535 619 2586 colligitur
635 2550 676 2573 ex
697 2537 874 2585 Aristotele
891 2554 962 2590 cap.
976 2552 1023 2585 25.
1041 2543 1161 2588 poetic,
1216 2541 1343 2580 Eadem
1357 2544 1429 2582 loca
1447 2561 1486 2583 ex
1505 2548 1644 2595 eodem,
1673 2564 1706 2590 vt
1721 2554 1866 2604 adparet,

1017 2594 1053 2630 T
1070 2604 1108 2630 tt
1134 2606 1152 2630 2
1743 2609 1870 2660 Hippia
