2183 2747
298 116 366 158 806
419 112 492 149 Lib.
513 111 559 147 ῙῙ.
576 122 600 146 c.
616 121 655 145 ιε.
751 104 1041 145 EMPEDOCLIS
1065 104 1201 142 SCRIP.
1229 102 1388 142 DEPER.
1425 70 1716 143 EPrm-:TROK
1866 102 1990 140 V‘Mw·
2003 109 2053 139 414
2097 114 2100 117 ’

303 213 359 262 qui
375 223 446 258 cap.
463 221 511 252 23.
531 220 610 243 eum
626 203 726 242 refert
739 207 823 240 inter
835 216 902 244 eos,
931 203 988 251 qui
1006 205 1143 237 iuuenes
1158 201 1385 250 Pythagoram
1403 203 1472 237 iam
1489 198 1604 237 senem
1621 200 1828 238 audiuerunt.
1868 200 2055 250 [Pythago-
2120 232 2125 237 .

301 278 357 303 rae
373 277 410 300 ac
430 259 629 298 Parmenidis
644 256 840 307 discipulum
858 254 950 291 fuiffe
965 253 1128 298 nostrum,
1154 250 1254 289 refert
1273 254 1462 290 Alcidamas
1478 256 1513 290 in
1529 253 1673 299 Physico
1689 252 1777 304 apud
1788 255 1955 290 Laertium
1963 252 2053 288 vm.
2069 248 2074 249 ⁷

304 320 358 364 56,
383 315 540 365 idemque
553 325 630 349 cum
651 311 719 347 aliis
732 320 824 360 putat
842 309 885 344 V
882 308 973 354 offius
994 305 1034 342 de
1058 305 1215 341 Historic.
1235 319 1286 356 gr.
1309 308 1368 343 tv.
1394 319 1464 356 cap.
1482 319 1512 342 2.
1534 305 1616 342 adde
1641 305 1800 342 eumdem
1822 305 1864 342 de
1885 307 1991 355 poetis
2003 316 2054 356 gr.

303 383 373 421 cap.
395 369 466 416 VL]
519 370 563 402 At
579 376 773 414 temporum
789 362 904 397 rationi
921 362 987 395 hoe
1002 370 1073 394 non
1089 361 1244 408 congruit
1258 359 1367 410 plane,
1393 373 1472 396 cum
1489 359 1695 406 Empedocles
1711 370 1803 395 natus
1830 356 1926 394 fuiss'e
1949 370 2056 406 pona·

305 432 360 460 tur
377 421 514 458 demum
529 418 672 466 Olymp.
690 415 837 451 LXXVI.
853 427 884 459 4.
917 411 1138 461 quamobrem
1161 414 1329 450 iuniorem
1355 414 1584 464 Pythagoram
1614 412 1750 464 Alipten
1770 413 1890 463 prioris
1912 408 2055 462 discipu·
2103 452 2111 461 ‚

304 474 378 515 lum
395 476 434 514 ab
448 473 507 511 illo
524 470 683 513 auditum,
709 464 881 504 contendit
897 465 1093 503 Dodwellus
1107 477 1140 515 p.
1155 477 1229 502 220.

951 566 1380 600 EPIMETRON.

409 641 529 696 [Qod
544 635 766 690 Empedocles
782 635 820 672 ab
836 633 1005 671 Athenaeo
1020 632 1076 670 lib.
1090 634 1113 668 1.
1127 646 1159 682 p.
1175 644 1204 676 3.
1221 631 1423 680 Philostrato
1440 633 1474 669 in
1497 634 1560 669 vita
1576 631 1738 684 Apollon.
1754 632 1812 670 lib.
1826 635 1851 670 1.
1866 645 1937 682 cap.
1949 643 1974 668 1.
1991 627 2053 667 fin.

307 713 339 742 et
354 699 539 747 porphyrio
557 693 596 729 dc
612 690 813 729 Abllinentia
829 687 946 724 dicitur
962 683 1057 723 fuisse
1073 687 1326 735 Pythagoricus,
1353 688 1410 736 qui
1428 689 1519 736 equis
1543 686 1687 737 Olymp.
1701 687 1816 723 LXXI.
1833 690 1867 728 4.
1888 686 2053 732 Olympia

305 757 396 794 vicit,
423 763 454 789 et
473 749 607 785 victoria
625 754 714 795 parta
730 744 853 779 bouem
871 754 912 778 ex
927 739 1130 776 aromatibus
1149 736 1346 775 confectum
1364 735 1577 783 distribuisse,
1611 741 1638 775 is
1664 739 1801 789 quidem
1822 737 1934 775 noster
1949 738 2053 786 Emp.

329 805 461 853 hylicus
478 799 541 839 esse
556 812 625 837 nou
640 795 764 848 potest:
790 806 821 831 at
835 807 915 831 auus
931 793 1044 836 nostri,
1066 790 1188 828 eodem
1205 794 1346 829 nomine
1360 790 1545 841 insignitus,
1572 793 1732 828 Exaeneti
1747 791 1846 838 filius,
1860 794 1918 840 qui
1936 788 2053 833 itidem

302 861 406 899 seciae
423 855 660 907 pythagoricae
674 848 821 886 addictus
833 845 930 891 effet3
957 846 1043 882 vnde
1057 858 1150 881 error
1165 845 1303 880 Timaei
1316 855 1349 882 et
1363 844 1519 888 aliorum,
1542 844 1694 882 nostrum
1712 841 1868 882 audiuiffe
1884 843 2054 891 Pythago·

305 927 389 955 tarn,
413 912 491 946 oriri
507 907 626 957 potuit.
655 899 747 939 conf.
764 903 913 951 inprimis
934 897 1064 935 Corfini
1082 897 1163 934 fast.
1180 902 1247 934 Att.
1271 899 1428 937 tom.111,
1460 912 1491 948 p.
1511 910 1577 943 ¹37.
1594 909 1656 934 etc,
1685 898 1812 934 Fl0sujt
1838 894 1951 933 noster
1973 891 2053 930 teste

304 968 456 1013 Diogene
474 961 609 997 Laertio
627 961 659 991 in
674 959 738 992 vita
755 951 971 1004 Empedoclis
987 951 1059 988 libr.
1075 953 1161 987 vul.
1188 950 1254 996 (vbi
1271 965 1288 986 a
1304 949 1406 1000 segm.
1423 963 1466 997 5¹·
1482 950 1572 987 illius
1589 953 1655 986 vita
1675 962 1707 987 et
1731 952 1902 987 variorum
1927 948 1969 984 de
1990 945 2051 982 illo

303 1020 507 1058 narrationes
522 1010 762 1061 exponuntur,)
793 1005 894 1057 segm.
909 1018 963 1051 74.
988 1007 1071 1041 circa
1094 1002 1336 1054 octogesimam
1362 1014 1511 1054 quartam
1533 1002 1794 1053 Olympiadem:
1832 1000 1910 1042 siue,
1938 998 2052 1036 secun-

303 1073 388 1110 dum
401 1072 535 1106 saxium
550 1068 584 1101 in
598 1060 770 1100 Onomast.
789 1061 906 1097 literar.
923 1061 947 1094 1.
967 1072 1001 1108 p.
1018 1070 1070 1103 39.
1085 1059 1127 1094 A.
1141 1059 1193 1094 Μ.
1208 1059 1293 1104 3561.
1320 1067 1393 1092 ante
1416 1059 1455 1095 C.
1475 1058 1519 1093 N.
1546 1069 1620 1102 442.
1642 1059 1680 1092 V.
1706 1059 1745 1092 C.
1769 1068 1836 1100 3¹0·
1888 1055 1941 1090 De
1964 1053 2052 1088 illius

302 1136 404 1164 aetate
418 1121 487 1158 silet
504 1119 620 1155 Surdas
634 1119 668 1152 in
683 1109 909 1165 Emrsrlomtifc
926 1122 1010 1148 tom.
1028 1114 1052 1146 l.
1071 1123 1103 1160 p.
1119 1123 1192 1156 724.
1223 1111 1382 1160 Caluisius
1397 1111 1430 1145 in
1447 1111 1558 1159 Opere
1572 1109 1730 1146 chronol.
1745 1123 1779 1160 p.
1798 1110 1874 1155 246·
1897 1101 2051 1143 francof.

302 1183 398 1222 1634.
417 1170 547 1211 confert
563 1173 629 1206 eius
645 1178 782 1205 aetatem
802 1170 834 1202 in
853 1168 995 1213 Olymp.
1012 1165 1140 1199 Lxxx.
1162 1166 1198 1201 A.
1215 1164 1264 1198 M.
1281 1173 1372 1209 3493.
1388 1174 1461 1198 ante
1476 1164 1515 1198 C.
1532 1163 1572 1198 N.
1593 1175 1660 1209 455.
1686 1160 1781 1198 Adeo
1797 1157 1953 1196 differunt
1971 1169 2054 1194 tem.

463 1238 566 1267 iones,
582 1235 614 1258 vt
632 1223 788 1257 omnium
806 1220 1072 1267 computationes
1088 1213 1210 1252 referre
1226 1214 1346 1251 nolim.
1400 1218 1488 1251 Nam
1501 1217 1634 1264 quando
1650 1228 1744 1251 uatus
1760 1213 1869 1253 fuerit,
1884 1223 1916 1249 et
1934 1223 2052 1262 quam-

327 1244 393 1268 orts
413 1239 458 1264 rat

301 1247 359 1322 giu
376 1281 504 1322 vixerit,
531 1275 641 1314 multo
657 1277 767 1310 minus
782 1271 918 1308 constat.
940 1271 1151 1305 Psmuorinus
1166 1271 1200 1304 in
1213 1271 1473 1304 Commentariis
1490 1266 1576 1317 apud
1585 1268 1766 1317 Diogenem
1778 1269 1945 1303 Laenium
1961 1263 2052 1300 libro

301 1341 356 1376 cit.
372 1333 475 1384 segm.
494 1343 543 1376 73.
559 1328 675 1365 auctor
687 1325 752 1369 est,
779 1322 1041 1370 Empedoclem,
1075 1320 1158 1358 dum
1181 1322 1374 1357 celebritatis
1398 1323 1569 1357 cuiusdam
1591 1318 1714 1364 cauis-a,
1747 1317 1930 1357 Meisanam
1952 1327 2051 1352 ευιτιι
2120 1322 2128 1331 “
2181 1355 2183 1373 Ι

303 1390 416 1428 vectus
432 1381 708 1435 proficisceretur,
732 1375 879 1414 cecidiss‘e
892 1388 1077 1425 coxamque
1092 1372 1223 1424 fregisse
1243 1387 1282 1410 ex
1299 1387 1409 1423 eoque
1427 1374 1548 1410 morbo
1564 1371 1759 1410 defumflum
1777 1371 1840 1409 ess'e
1862 1374 1973 1408 aetatis
1995 1380 2051 1404 an·

301 1456 350 1481 no
365 1434 604 1490 septuagesimo
628 1431 783 1482 septimo,
808 1433 945 1478 eiusque
963 1427 1146 1478 sepulcrum
1162 1425 1224 1463 esse
1239 1428 1402 1476 Megaris.
1426 1425 1616 1463 Secundum
1631 1425 1855 1468 Aristotelem,
1882 1423 2003 1460 ibidem
2018 1427 2052 1456 et

299 1494 334 1533 se
360 1507 406 1530 m.
423 1504 467 1537 52.
483 1488 648 1537 sexaginta
662 1496 828 1521 annorum
844 1479 982 1526 defecit3
1018 1483 1084 1526 (cui
1101 1493 1177 1530 prae
1205 1482 1361 1515 omnibus
1382 1478 1571 1529 aequalibus
1596 1482 1630 1516 in
1653 1480 1746 1516 rebus
1759 1479 1850 1527 flacii
1876 1474 2051 1512 fidendum
2084 1469 2102 1476 ⁹

322 1509 365 1584 (ἐς
381 1553 516 1594 propter
536 1540 786 1580 bibliothecam,
814 1549 916 1586 quam
931 1538 956 1571 is
973 1536 1098 1583 primus
1113 1533 1234 1583 legitur
1249 1530 1404 1575 habuiffe,
1429 1536 1606 1582 priuatam,
1621 1534 1790 1568 arbitratur
1807 1528 2001 1566 Dodwellus
2015 1528 2051 1562 in

299 1563 320 1586 e

299 1601 441 1639 Exercit.
454 1598 494 1632 11.
509 1593 550 1630 de
565 1603 665 1629 aetate
674 1591 883 1639 Pythagorae
898 1602 931 1638 p.
949 1588 1032 1633 219.)
1058 1587 1124 1622 Alii
1143 1599 1221 1622 eum
1237 1595 1370 1622 centum
1388 1596 1420 1620 et
1432 1596 1559 1620 nouem
1579 1583 1692 1620 vixitl'e
1705 1597 1812 1621 anuos
1829 1580 2052 1618 contendunt.

300 1648 494 1691 Secundum
512 1646 688 1695 Eusebium
708 1646 742 1679 in
762 1644 892 1678 Chron.
910 1640 1050 1687 Olymp.
1063 1640 1117 1674 LX
1125 1640 1208 1674 XXJ.
1224 1649 1256 1674 et
1271 1637 1449 1676 LXXXVI,
1466 1636 1592 1673 claruit.
1621 1637 1767 1672 Plurium
1785 1636 1964 1672 doctorum
1989 1634 2052 1668 ho-
2106 1652 2126 1662 -ι

301 1709 437 1744 minum
458 1703 600 1738 rationes
625 1707 658 1734 et
680 1698 854 1745 opiniones
876 1693 916 1729 de
936 1703 1039 1729 aetate
1062 1694 1192 1740 vitaque
1214 1689 1431 1740 Empedoclis
1447 1689 1583 1739 collegit
1601 1690 1778 1737 Mongr'tor
1797 1691 1832 1724 in
1849 1689 2051 1724 bibliotheca
2119 1688 2134 1708 '⁴

301 1756 412 1795 Sicula
428 1765 512 1791 tom.
530 1754 553 1788 1.
577 1764 652 1787 voe.
663 1748 866 1795 Empedocles
881 1759 912 1794 p.
925 1758 991 1790 ¹74·
1006 1745 1058 1780 vbi
1076 1744 1117 1780 de
1133 1744 1192 1779 illo
1208 1745 1344 1792 eiusque
1363 1756 1495 1790 genere,
1522 1745 1635 1792 patria,
1664 1743 1939 1792 praeceptoribus,
1965 1739 2057 1776 litte·.
2128 1750 2136 1763 v

297 1823 412 1851 rarum
426 1810 523 1857 copia
538 1815 569 1841 et
591 1806 756 1844 varietate,
782 1801 931 1849 ingenio,
948 1795 1021 1833 fatis
1040 1794 1234 1846 scriptisque
1248 1793 1384 1844 copiose
1400 1794 1565 1844 docteque
1588 1792 1750 1846 disputat,
1775 1806 1807 1831 et
1820 1795 1944 1830 nubem
1961 1795 2051 1827 viro·
2093 1806 2099 1816 ·

299 1877 378 1902 rum
391 1861 585 1900 ἀῡᾶῡῐῦῐὶῐ,
611 1858 667 1906 qui
681 1863 820 1904 egerunt
834 1850 874 1888 de
889 1864 944 1890 eos
972 1852 1109 1886 excitat:
1130 1862 1219 1936 lquae
1233 1850 1348 1884 onmia
1366 1859 1509 1896 repetere
1533 1848 1630 1884 nolo.
1683 1848 1750 1884 Illis
1764 1847 1861 1884 addas
1870 1846 2051 1883 Eudocian
2095 1866 2123 1892 .-

299 1920 336 1954 in
352 1914 460 1955 Ἰωνιέἱ
477 1925 509 1962 p.
528 1915 590 1958 169
606 1928 656 1936 —
674 1919 738 1952 17¹.
753 1919 772 1942 e
789 1907 946 1954 Diogene
961 1903 1090 1939 Laertio
1106 1915 1127 1950 p
2117 1888 2124 1902 ι

300 1972 336 2006 in
352 1958 497 2004 Histo'ria
513 1972 686 2013 poetarum
702 1971 914 2009 graecorum,
940 1955 1046 1992 italice
1063 1951 1190 2003 scripta,
1217 1955 1358 2003 Neapoli
1377 1959 1471 1997 1678.
1487 1951 1549 1990 fol.
1564 1965 1672 2004 P·¹82-
1702 1955 1882 1992 cudworm
1899 1957 1934 1989 in
1943 1952 2050 1998 syste-
2112 1952 2118 1958 ,

300 2031 389 2059 mate
403 2015 628 2055 intellectuali,
654 2015 787 2060 eiusque
803 2021 833 2046 et
850 2009 981 2045 dot‘tior
996 2019 1028 2044 et
1044 2004 1191 2056 sagacior
1210 2010 1380 2056 interpres,
1407 2007 1621 2048 Moshemrur,
1646 2005 1848 2057 frequenter,
1868 2017 1899 2044 at
1912 2003 2048 2043 diuerfie
2101 2040 2105 2045 ,

301 2074 398 2114 locis,
421 2066 641 2120 exposuerunt
658 2062 871 2112 Empedoclis
890 2061 1006 2111 placita
1023 2070 1121 2110 atque
1138 2062 1326 2109 opiniones,
1351 2072 1380 2095 e.
1395 2071 1428 2108 g.
1453 2072 1485 2108 p.
1500 2072 1539 2095 22
1554 2057 1623 2109 sqq.
1651 2073 1684 2110 p.
1701 2068 1742 2104 33
1762 2057 1831 2110 sqq.
1852 2060 1905 2096 vbi
1923 2061 2048 2109 Empe-

1145 1904 1250 1937 mima
1265 1902 1518 1950 compilantem.
1583 1900 1755 1951 Qaedam
1779 1900 1892 1937 adtulit
1913 1895 2050 1947 erffns
2110 1910 2123 1942 ᾔ

302 2126 416 2163 docies
440 2134 472 2159 et
498 2121 537 2157 ab
561 2116 742 2155 Aristotelis
766 2112 989 2156 adcusatione‚
1024 2123 1055 2148 et
1076 2127 1094 2148 a
1111 2115 1250 2148 crimine
1275 2114 1424 2147 atheinni
1451 2109 1655 2154 defenditur,
1687 2111 1857 2162 multaque
1878 2112 2047 2162 Empedo·
2107 2134 2115 2159 ς

302 2179 372 2214 elea
387 2176 573 2224 fragmenta
588 2167 781 2207 adferuntur
796 2179 893 2217 atque
907 2165 1132 2215 explicantur3
1160 2178 1193 2215 p.
1211 2168 1288 2209 605.
1314 2164 1366 2199 vbi
1381 2165 1480 2213 Emp.
1494 2161 1648 2201 sententia
1667 2163 1707 2201 de
1729 2163 1795 2202 deo
1819 2176 1850 2202 et
1869 2163 1932 2202 diis
1953 2175 1986 2202 et
2005 2161 2047 2201 de

305 2233 433 2279 origine
451 2227 529 2262 mali
550 2220 744 2262 recensetur,
768 2231 799 2257 et
818 2219 860 2255 sic
878 2219 1021 2269 pluribus
1042 2217 1135 2254 locis.
1186 2218 1278 2253 Num
1296 2215 1519 2265 Empedocles
1534 2219 1642 2266 prima
1656 2229 1788 2254 naturae
1801 2217 1950 2268 posuerit
1964 2217 2047 2254 mni.
2103 2220 2114 2229 -

301 2286 414 2320 citiam
428 2277 490 2316 effe
503 2288 534 2314 et
548 2273 767 2313 discordiam,
793 2270 992 2322 disputatum
1014 2269 1078 2307 est:
1113 2268 1204 2320 quod
1225 2268 1336 2305 multis
1357 2280 1506 2306 veterum
1531 2269 1727 2306 testimoniis
1747 2268 2046 2309 demonstrandum
2096 2295 2098 2297 -

302 2332 440 2381 suscepit
462 2333 510 2366 10.
529 2327 646 2376 Christ.
667 2324 812 2370 Woffius
827 2323 867 2360 dc
885 2325 1152 2359 Manichaeismo
1169 2334 1245 2359 ante
1262 2324 1492 2361 Manichacos‚
1521 2320 1595 2358 sect.
1613 2323 1653 2359 ΙΙ,
1671 2328 1704 2369 5,
1721 2336 1774 2367 30,
1791 2337 1825 2374 p,
1842 2337 1914 2362 120.
1942 2325 2046 2360 Hm

300 2388 395 2436 burgi
414 2395 502 2428 1707.
516 2391 546 2422 3.
558 2379 638 2415 coll.
655 2378 834 2413 Moshemio
849 2375 888 2412 ad
903 2375 1106 2412 Cudworth.
1123 2377 1148 2412 1.
1167 2383 1274 2426 p.318.
1300 2385 1331 2412 et
1351 2375 1498 2422 Agotop.
1510 2375 1746 2412 Cromozi'anm
1763 2379 1796 2413 in
1813 2375 1958 2414 umori,
1976 2373 2047 2424 ΡΜ,

301 2439 486 2488 losophiae,
513 2432 616 2468 italice
635 2428 759 2479 scripta,
788 2431 905 2465 Vener.
929 2436 1018 2473 ¹782·
1041 2428 1108 2464 vol.
1126 2430 1166 2464 11.
1190 2442 1222 2478 p.
1243 2440 1309 2472 233.
1331 2428 1384 2462 vbi
1409 2424 1480 2462 fuse
1505 2430 1573 2477 agit
1594 2426 1636 2464 de
1655 2427 1878 2479 Emped0d33
1911 2437 2046 2478 „tu-qu,

300 2489 434 2530 discedit
449 2502 466 2524 a
482 2484 605 2522 urolfii
620 2480 788 2519 sententia.
817 2501 867 2511 —
893 2482 947 2518 De
964 2480 1168 2529 Empedoclis
1185 2481 1304 2518 artibus
1320 2489 1352 2518 et
1366 2479 1523 2517 doctrinis
1537 2479 1642 2518 multa
1656 2482 1738 2520 bene
1759 2483 1895 2534 collegit
1917 2495 1937 2519 e
1960 2491 2047 2517 vete-

1958 2531 2048 2570 tibae
