2183 2747
55 147 146 176 Vem-
161 155 187 182 v-
198 147 341 182 ⁸⁶9P29⁶
432 146 691 184 EVSTATHu
719 145 1079 183 COMMENTARIA
1106 145 1153 181 ΙΝ
1180 145 1442 181 HOM-ERVM.
1479 145 1552 179 Lib.
1565 146 1615 180 II.
1634 157 1657 182 c.
1669 156 1700 190 3.
1754 155 1811 190 391

56 246 229 287 mentarii,
256 242 342 287 siue,
370 253 404 280 vt
419 244 459 279 ab
480 245 616 280 audiore
636 240 874 284 inscribuntur,
901 237 1130 293 παρεκβολα)
1155 240 1319 287 Ε11]Ι1;1111ἰ’
1344 244 1445 290 patria
1469 239 1658 282 CPolitani‚
1694 242 1748 288 qui
1774 241 1808 274 in

56 297 146 334 Flori
163 297 364 333 monasterio
381 297 635 346 Constantinop.
650 296 841 331 Monachus
856 306 952 345 atque
970 298 1157 330 Rhetorum
1177 297 1288 343 primo
1305 292 1517 343 Magistri-¹),
1543 305 1574 329 et
1591 306 1733 341 magnae
1750 294 1809 326 lic-

55 348 170 386 clesiae
185 351 373 397 Diaconus,
402 360 474 385 tum
488 348 675 399 designatus
694 351 876 394 Lyciorum
896 350 1099 393 Myreorum
1120 344 1320 397 Episcopus,
1353 360 1390 382 ac
1414 346 1556 396 (lenique
1584 341 1810 393 Art-hicpisto-

53 415 117 453 pus
133 400 456 445 Theffalom'censis,
482 405 567 437 circa
583 415 708 437 annum
737 399 795 449 [if]
816 400 934 436 Christi
951 405 989 444 ”¹)
1014 404 1100 436 1160.
1126 411 1157 435 et
1180 399 1253 450 post
1277 398 1391 435 floruit
1414 397 1470 435 sub
1493 398 1652 435 Manuele
1677 397 1809 432 Alexio-

54 469 119 505 que
134 466 167 490 et
183 454 378 491 Andronico
396 459 427 497 '')
443 455 637 490 Comncnis.
693 457 781 489 Cum
799 456 885 489 hisce
895 455 1154 489 Commentariis
1171 465 1288 502 graece
1303 455 1451 502 primum
1469 451 1572 488 editus
1585 452 1746 486 Humerus
1762 449 1807 485 est

52 509 187 544 Romae
207 508 358 557 praefixis
376 507 557 557 priuilegiis
573 507 644 542 Iulii
668 508 722 545 ΙΙΙ,
744 505 930 553 Pontificis‚
959 509 1026 552 (cui
1039 509 1138 542 etiam
1155 504 1349 555 inscriptum
1365 519 1449 556 opus
1465 505 1510 540 est
1534 519 1551 540 3
1566 507 1638 540 Nic.
1658 505 1807 538 Maiora-

51 564 126 607 no,)
146 561 259 596 Caroli
278 563 319 597 V.
338 562 549 611 Imperatoris
565 571 595 595 et
615 561 752 595 Henrici
777 561 797 593 Ι.
817 561 914 608 Regis
930 560 1075 602 Galliae,
1100 559 1200 594 tribus
1224 561 1257 594 in
1277 556 1364 594 folio
1380 558 1619 603 voluminibus,
1641 553 1806 596 Εὖςαθιέ

53 610 322 674 οἷςχιεπισκὲπε
338 616 595 657 Θεσσαλονίκης
611 609 840 663 παρεκβολοιὶ
865 609 911 650 εἷς
932 608 992 656 τήν
1008 608 1141 663 ‘Quiete
1162 607 1310 650 Ἰλιάδα..
1343 613 1476 647 Romae
1495 623 1579 657 1542.
1606 630 1657 638 -
1685 629 1736 636 -
1761 605 1807 647 εἰς

52 683 113 710 την
132 663 347 707 Ὀδυσσείῃ,
375 665 448 702 ibid.
464 679 551 712 1549·
582 686 629 692 —
656 664 757 700 Index
777 666 899 700 Mattlz.
916 665 1072 707 Deum-ii,
1106 663 1182 700 ibid.
1207 678 1292 712 1550.
1319 661 1379 700 fol.
1413 661 1518 712 [conf.
1533 664 1624 698 Bure
1645 661 1803 710 Bibliogr.

50 719 256 762 infirmit-e,
285 723 316 755 B.
334 721 367 755 L.
385 733 432 754 nr.
450 727 547 765 2498·
562 731 593 766 p.
609 731 672 762 207
689 715 776 768 sqq]
790 731 892 767 quam
907 717 1088 754 editionem
1105 731 1208 753 manu
1224 718 1365 767 Salmasii
1379 715 1496 766 paffim
1521 727 1669 752 notatam
1690 714 1804 749 euolui

50 771 251 809 Gluekssadii
277 776 311 807 in
332 771 532 807 Bibliotheca
555 770 719 807 Gudiana.
777 773 901 807 lterum
924 768 1060 806 excusus
1081 784 1160 806 cum
1182 769 1341 806 Eussathii
1366 771 1616 806 commentariis
1636 768 1805 803 Homerus

50 823 192 860 Basileae
210 824 297 874 apud
313 826 455 860 Hieron.
471 825 670 860 Frobenium
687 826 775 870 1560.
798 821 859 859 fol.
886 837 912 868 3.
929 824 1068 859 Volum.
1122 822 1271 859 lndicem
1294 821 1590 873 locupletissimum
1612 819 1653 856 ad
1676 822 1803 855 Roma-

51 891 144 913 mam
164 877 345 913 editionem
361 875 551 926 composuit
569 879 758 912 Matthaeus
774 878 957 921 Dcuarius,
984 880 1076 912 cuius
1091 876 1191 912 exssat
1204 875 1332 912 libellus
1349 875 1481 924 insignis
1504 874 1545 911 de
1559 873 1726 925 particulis
1743 872 1804 907 lin-

47 943 134 979 guae
149 943 305 978 graecae,
334 932 466 966 Romae
480 933 629 979 primum
644 927 748 964 editus
764 943 815 964 an.
834 935 921 975 1588.
941 941 972 973 4.
993 928 1110 965 deinde
1125 927 1266 965 Londini
1290 933 1377 976 1657.
1392 941 1437 968 12.
1463 938 1495 964 et
1519 941 1571 964 an.
1588 939 1683 971 1700.
1704 927 1802 961 Nori-

0 994 1 1006 *
48 983 168 1031 bergae
188 985 220 1017 in
239 990 269 1023 8.
291 981 479 1031 eodemque
501 996 590 1018 anno
606 983 754 1018 Traiecli
769 985 801 1017 in
821 995 862 1017 ¹2.
888 979 1036 1017 recusus:
1071 981 1318 1028 [Emendatius.
1347 995 1424 1017 cum
1447 984 1533 1017 notis
1558 982 1608 1018 Io,
1627 977 1805 1025 Gottfricd

46 1035 263 1076 Reusnmnni,
288 1038 424 1071 rectoris
441 1033 574 1071 scholae
591 1035 809 1084 Schnecberg.
835 1034 960 1085 Lipsiae
983 1045 1015 1071 et
1037 1035 1175 1070 Schleiz.
1192 1047 1277 1080 1775.
1292 1037 1369 1073 mai.
1388 1034 1434 1081 8.]
1489 1032 1607 1069 indicis
1631 1035 1665 1068 in
1687 1030 1802 1066 editio·

1719 1096 1800 1118 nem

91 1174 114 1210 t)
137 1174 215 1205 Vide
233 1172 388 1206 Demetrii
401 1171 584 1206 Chomateni
606 1172 705 1204 locum
727 1174 804 1216 apud
818 1172 895 1204 Alla-

45 1220 120 1249 tium
142 1219 178 1248 de
200 1217 337 1248 consensu
359 1217 498 1248 Ecclesiae
515 1217 659 1248 Oriental.
675 1227 703 1247 ct
718 1219 819 1248 Oce-id.
844 1218 894 1248 lib.

45 1265 83 1293 11.
106 1274 168 1304 cap.
187 1269 210 1296 8.
236 1273 300 1304 pag.
318 1266 377 1297 613.
423 1264 518 1292 Etiam
540 1261 711 1292 libellorum
731 1261 895 1303 supplicum

46 1308 219 1345 Magistrum
236 1305 321 1336 fttiss'e
336 1306 517 1336 Eustathium
534 1305 634 1342 tradit,
660 1305 706 1335 scd
722 1306 818 1335 nescio
834 1316 895 1347 quo

45 1351 185 1387 audiere,
215 1348 360 1381 Nicolaus
385 1352 567 1380 Maioranus.
626 1352 658 1380 In
682 1349 824 1388 Catalogo
847 1352 894 1379 Bi-

44 1393 211 1424 bliothecae
227 1392 410 1424 Scorialcnfis
425 1404 489 1435 pag.
507 1402 568 1431 127.
590 1402 774 1423 memoratur
787 1395 894 1424 Oratio

45 1438 82 1468 ab
98 1438 248 1476 Eustathio
263 1436 515 1467 Thessalonicenfi
531 1437 638 1467 Archi·
652 1436 795 1479 Episcopo
811 1437 893 1467 habi-

43 1490 73 1512 ta
85 1481 122 1511 ad
136 1492 205 1517 eos,
229 1483 280 1522 qui
295 1483 324 1511 in
339 1480 450 1522 templo
475 1490 557 1510 erant
578 1482 603 1511 S.
621 1480 809 1516 Myroblytae
834 1482 894 1510 fine

43 1527 190 1557 Demetrii
223 1527 254 1555 in
287 1527 435 1567 principio
471 1524 643 1555 indietionis
672 1535 749 1555 anno
787 1525 892 1555 Mundi

44 1573 136 1607 6702.
166 1574 374 1604 (cunisrr
404 1574 494 1605 1194.)
520 1568 645 1600 Fabric.
707 1568 768 1599 Cel.
785 1569 893 1601 Villoi-

34 1612 105 1656 fon.
121 1615 152 1643 in
173 1612 329 1643 Anecdotis
351 1615 461 1652 graecis
485 1621 558 1642 tom.
573 1615 608 1643 11.
631 1624 660 1655 p.
677 1617 733 1643 262
751 1612 811 1654 sqq.
829 1620 891 1643 not.

42 1657 196 1699 postquam
217 1655 309 1686 multa
333 1656 556 1698 deperditorum
581 1655 728 1687 librorum
757 1655 892 1698 exempla

42 1699 184 1743 protulit,
207 1711 237 1742 p.
256 1704 327 1736 264.
342 1701 391 1730 fin.
414 1703 455 1731 ita
479 1703 584 1742 pergit.
594 1719 611 1734 ‚7
658 1701 815 1731 Gisbertus
834 1702 891 1731 Cu-

41 1755 129 1787 perus
150 1747 180 1774 in
205 1743 331 1786 Epistola
347 1746 438 1775 XXV.
461 1745 498 1774 ad
529 1747 572 1775 Io.
589 1745 728 1775 Iacobum
749 1745 892 1775 Scheuch-

42 1798 93 1819 zer
109 1799 140 1830 p.
153 1794 220 1825 982.
243 1796 315 1818 tom.
332 1790 370 1818 11.
391 1790 567 1818 Amoenitat.
593 1789 722 1818 historic.
744 1788 842 1818 eccles.
864 1797 893 1818 et

41 1829 165 1863 litterar.
181 1832 227 1863 Io.
242 1832 374 1871 Georgii·
388 1831 602 1868 &hellam-nii,
625 1832 725 1862 scribit
745 1843 791 1862 an.
813 1842 890 1871 ¹7¹0·

42 1874 71 1906 se
85 1878 243 1906 certiorem
264 1875 373 1905 factum
398 1874 473 1913 effe,
496 1878 526 1905 111
543 1875 724 1907 Bibliotheca
743 1875 891 1907 Bafileensi

43 1919 253 1961 manuscriptas
273 1918 382 1948 seruari
401 1918 570 1950 Orationes
586 1919 741 1962 Eustvtlu‘t
753 1943 759 1954 .
780 1920 891 1962 episco-

43 1965 75 2006 pi
93 1962 378 1998 Thessalonicensis,
418 1971 447 1993 et
476 1965 602 1993 Homeri
632 1966 890 1996 commentatoris;

45 2016 97 2037 nec
121 2019 180 2037 non
199 2006 331 2037 eiusdem
350 2009 578 2037 commentarios
601 2009 631 2036 in
656 2007 830 2039 Pindarum;
854 2008 892 2037 ab

7 2062 13 2075 ¹
43 2059 138 2093 eoque
151 2053 225 2093 petit
245 2051 386 2081 horumce
407 2050 629 2081 Pindaricorum
650 2051 829 2082 scholiorum
845 2051 892 2081 vel

45 2095 278 2136 praefationem,
301 2093 348 2124 vel
365 2091 460 2130 δᾶγμα
475 2094 606 2136 aliquod.
654 2097 709 2125 Cui
731 2107 822 2136 quum
845 2106 890 2125 re-

44 2136 199 2180 spondiffet
222 2139 420 2174 Scheuchzer‚
445 2140 514 2168 haec
536 2138 694 2181 Eustatln'i
715 2150 805 2181 opera
830 2150 890 2168 non

11 2190 18 2207 ῐ
44 2181 168 2224 amplius
185 2184 215 2212 in
233 2181 381 2212 Bafileenfi
396 2181 575 2212 bibliotheca
590 2194 772 2225 comparere,
792 2185 889 2224 Cupe-

44 2235 92 2255 rus
106 2225 247 2267 rescripsit
270 2226 342 2255 ibid.
360 2237 404 2267 cp.
421 2235 468 2264 27.
494 2237 522 2267 p.
543 2236 615 2262 940.
661 2226 783 2260 „Doleo
800 2227 889 2257 vehe-

42 2278 155 2300 menter
170 2268 326 2311 Eustathil
341 2272 489 2299 orationes
504 2270 724 2312 manuscriptas,
744 2271 889 2300 eiusdem·

44 2322 100 2354 que
124 2315 377 2344 Commentarium
399 2316 428 2343 in
444 2313 602 2343 Pindarum
624 2325 685 2344 uon
704 2316 814 2345 exstare
827 2326 888 2344 3111-

45 2355 121 2400 plius
141 2359 171 2386 in
194 2356 372 2387 bibliotheca
395 2356 561 2388 Bafilecnfi;
591 2368 683 2398 quum
704 2367 820 2394 autem,
843 2360 888 2389 in-

46 2403 126 2441 quit,
149 2403 196 2431 vir
210 2403 343 2439 egregiae
357 2408 386 2430 et
399 2401 541 2441 speciatae
555 2400 707 2431 doetrinae
721 2413 767 2432 me
782 2404 887 2432 certio-

0 2456 2 2470 1
46 2453 108 2474 rem
124 2443 240 2479 fecerit,
263 2443 290 2473 se
313 2455 363 2474 cos
383 2445 423 2474 ibi
446 2444 579 2473 manibus
597 2445 802 2476 1138131Γο11011
824 2457 886 2475 mo-

0 2501 3 2517 1
45 2484 102 2526 do,
124 2497 228 2520 verum
243 2490 332 2519 etiam
347 2487 485 2530 incepisse
501 2487 681 2523 describam
703 2489 752 2520 sed
775 2500 886 2532 propo—

949 1174 1034 1204 situm
1050 1175 1190 1215 perficere
1206 1184 1265 1203 non
1280 1171 1424 1215 potuisse,
1448 1184 1506 1203 non
1528 1172 1650 1208 dubito,
1674 1172 1746 1212 quin
1770 1171 1800 1200 111

950 1218 1054 1248 Museo
1070 1217 1121 1248 illo
1138 1218 1283 1248 fuerint.“
1329 1220 1372 1248 De
1390 1218 1538 1247 Eustathio
1557 1225 1584 1246 et
1609 1215 1673 1245 aliis
1687 1216 1799 1244 oratio-

948 1262 1034 1291 nibus
1056 1261 1136 1291 illius
1158 1261 1303 1302 mscriptis
1326 1261 1387 1290 vid.
1410 1260 1505 1296 infra,
1535 1259 1586 1290 lib.
1603 1263 1639 1289 V.
1672 1270 1733 1300 cap.
1750 1268 1800 1293 42.

948 1313 1022 1336 tom.
1037 1307 1071 1335 X.
1088 1317 1114 1346 p.
1132 1315 1202 1342 290.
1226 1304 1319 1341 addc,
1342 1316 1416 1345 quos
1431 1303 1530 1334 laudat
1546 1303 1749 1342 Hamberger
1769 1303 1802 1332 in

948 1348 1157 1389 zuverl'ziffigen
1173 1349 1373 1380 Nachrichten
1391 1356 1443 1378 etc.
1468 1348 1620 1378 tomftm.
1647 1357 1711 1388 pag.
1728 1349 1798 1382 296.

947 1392 1045 1475 thg·
1058 1435 1137 1467 Male
1169 1435 1246 1477 apud
1270 1435 1403 1466 Voffium
1433 1435 1468 1465 de
1490 1435 1645 1465 Historicis
1667 1433 1798 1468 Graecis,

946 1491 1048 1522 P·49¹·
1066 1479 1203 1510 excusum
1218 1481 1258 1510 est
1271 1481 1447 1512 31113661..
1460 1478 1611 1522 scripserat
1620 1479 1675 1508 Vir
1691 1475 1799 1507 doetis-

946 1525 1033 1554 fimus
1050 1525 1167 1555 CIDCL.

990 1574 1022 1604 n)
1046 1571 1167 1599 Nicctas
1189 1568 1347 1598 Choniates
1367 1566 1417 1596 lib.
1436 1569 1470 1596 X.
1494 1565 1650 1596 Annalium
1677 1574 1798 1594 narrans

945 1612 1034 1642 huius
1051 1612 1190 1643 Eustathii
1207 1611 1343 1653 precibus
1358 1609 1480 1640 lenitum
1497 1609 1552 1639 effe
1568 1609 1700 1639 furorem
1716 1609 1796 1637 Sicu-

946 1655 1058 1692 lorum,
1078 1666 1166 1697 quem
1183 1665 1266 1697 capta
1282 1654 1332 1684 sub
1347 1654 1516 1684 Andronico
1540 1655 1693 1683 Comncno
1709 1653 1742 1682 A.
1761 1652 1795 1680 C.

947 1707 1018 1736 1185.
1033 1698 1243 1730 Thessalonica
1266 1701 1296 1728 in
1312 1699 1406 1728 vic'tos
1431 1697 1621 1732 exercebant.
1646 1697 1702 1726 hoc
1725 1705 1794 1724 eum

946 1746 1083 1774 encomio
1101 1745 1210 1774 mactat
1222 1754 1286 1785 pag.
1303 1752 1365 1778 334-
1410 1742 1443 1772 Is
1465 1746 1536 1772 erat
1556 1740 1715 1774 άοὶἶνίηιι,
1740 1738 1796 1769 eto·

946 1788 1074 1830 quentia
1095 1792 1124 1818 et
1146 1789 1261 1818 virtute
1280 1786 1511 1816 celibe-rrimus:
1534 1783 1618 1813 πολὺ
1641 1783 1688 1820 1φᾴ
1709 1783 1796 1818 μέγας

943 1833 968 1860 ἓν
983 1832 1073 1867 λέγοις
1097 1831 1143 1868 (3)
1163 1831 1245 1869 α’ριτῇ
1265 1828 1471 1864 διαβεβιημίιος
1492 1827 1663 1863 innanzi,
1685 1825 1797 1868 Eusta-

944 1875 1047 1912 thius,
1086 1876 1138 1916 qui
1158 1879 1187 1905 ct
1208 1874 1376 1914 prudentia
1402 1876 1430 1902 et
1450 1871 1502 1914 tsu
1526 1881 1629 1902 rerum
1657 1869 1798 1901 mii-..bili

941 1919 1107 1960 praeditus
1127 1923 1156 1949 et
1176 1917 1317 1949 doffrina
1338 1915 1549 1957 profanarum
1576 1919 1606 1946 et
1624 1913 1796 1954 sacrarum

944 1964 1122 1994 litterarum
1134 1962 1292 1993 cherrima
1306 1962 1413 1991 ceteris
1429 1960 1571 1990 omnibus
1587 1958 1797 1992 anteceffi'ffiat,

944 2017 1042 2048 eaque
1063 2008 1146 2037 velut
1165 2005 1275 2047 insigni
1298 2008 1328 2035 et
1350 2005 1503 2044 peculiari
1523 2007 1609 2047 nota*
1622 2001 1795 2033 celebraba-

945 2056 1017 2087 tur,
1039 2049 1071 2079 τὲ
1089 2049 1247 2079 cimirun-or
1262 2048 1356 2084 indm,
1379 2059 1424 2085 'w
1440 2046 1572 2086 ἔξαιᾶμτον
1594 2047 1621 2077 ἦν
1643 2044 1791 2085 χκρακτιί-

940 2106 1037 2134 μσμα.
1089 2095 1177 2126 Nam
1199 2093 1265 2124 eius
1288 2093 1433 2122 oratione
1455 2091 1502 2121 vel
1518 2090 1667 2122 horridae
1688 2092 1794 2120 cautes

944 2138 1064 2169 moueri
1084 2136 1268 2180 potuiffitnt,
1301 2140 1330 2166 et
1343 2134 1411 2177 solo
1434 2135 1586 2177 rortspeffu
1609 2132 1794 2173 alienigenis

942 2184 988 2213 ita
1004 2187 1072 2212 erat
1089 2181 1284 2216 venerabilis,
1301 2183 1335 2209 vt
1350 2183 1379 2209 et
1393 2180 1526 2210 venienti
1542 2177 1748 2221 effingerent,
1764 2180 1794 2206 et

943 2231 1086 2257 orantem
1102 2225 1231 2256 libenter
1245 2225 1402 2259 audirent,
1417 2227 1445 2253 et
1462 2223 1527 2254 eius
1541 2224 1665 2253 monitis
1681 2221 1725 2251 ad
1739 2220 1792 2250 hu-

942 2271 1125 2300 manitatem
1135 2267 1354 2310 ]ἰεὶῗενεηίιιν,
1377 2268 1472 2298 veluti
1493 2268 1605 2298 vulnus
1618 2265 1792 2306 afflamina-

942 2318 1008 2344 tum
1023 2313 1178 2354 quodleui
1194 2321 1287 2342 manu
1308 2320 1393 2351 aqua
1413 2312 1558 2342 mollitur.
1605 2309 1686 2339 Idem
1710 2307 1789 2338 libro

943 2358 1050 2387 offiano
1062 2367 1090 2397 p.
1109 2362 1169 2391 238.
1185 2355 1451 2397 cloquentissinium
1465 2364 1550 2385 vocat
1567 2362 1594 2383 et
1610 2355 1702 2384 DEO
1726 2354 1790 2381 Ma-

942 2400 1079 2430 humedts
1100 2401 1254 2429 anathema
1277 2398 1450 2433 dicendum,
1481 2396 1620 2428 aduersus
1642 2394 1790 2426 Mannelis

940 2447 1015 2484 lmp.
1042 2443 1214 2474 sententiam
1232 2442 1483 2474 vehementiffima
1509 2445 1645 2473 oratione
1669 2448 1790 2471 conteu-

940 2487 1011 2519 diffe
1027 2486 1130 2518 refert.
