2183 2747
42 146 133 176 vohi.
148 157 173 183 Ρ.
188 154 237 182 292
250 147 326 181 rw!
566 147 764 187 SCHOLIA
802 146 902 186 MSS.
929 147 981 188 IN
1006 149 1256 189 HOMERVM
1401 153 1472 189 Lib.
1493 155 1539 191 II.
1556 169 1579 192 c.
1588 169 1619 203 5.
1721 170 1786 206 401

39 247 203 296 integram
222 247 318 283 habet
331 247 476 283 Homeri
493 244 629 283 Iliadem
645 260 722 284 cuin
740 245 937 297 metaphrasi
953 246 1115 284 librorum
1127 246 1272 294 secundi,
1293 251 1376 285 tertii
1390 260 1421 286 et
1439 255 1544 301 quarti
1569 264 1666 303 atque
1683 259 1786 304 quinti

33 299 76 389 ¹ab
97 302 190 335 initio
207 298 350 349 prosaica
363 299 502 336 adlatus
524 300 698 345 adiundia3
725 310 854 350 praeter
869 314 906 337 ea
921 313 1000 336 cum
1016 300 1129 351 glossis
1146 305 1181 338 in
1203 314 1321 339 omnes
1345 302 1447 339 libros
1473 305 1728 343 interlinearibus
1756 321 1787 346 et

49 351 175 388 choliis.
210 354 309 389 Harl.

143 407 250 441 Lucas
266 351 403 456 qugque
418 404 605 453 Hoistmius
621 405 662 442 de
675 408 740 442 vita
753 417 784 442 et
798 403 923 455 scriptis
944 408 1121 456 Porphyrii
1138 420 1209 457 cap.
1225 420 1253 452 7.
1274 419 1347 454 244.
1376 421 1452 444 cum
1471 411 1650 460 Porphyrii
1665 415 1698 448 in
1716 414 1789 451 Ho-

38 471 172 494 merum
190 461 428 495 commentaria
442 473 460 495 e
474 459 653 495 Macrobio
669 470 699 495 et
714 459 884 495 Eustathio
900 459 1201 501 commemorasset,
1227 459 1380 497 obseruat
1402 460 1562 499 ineditum
1583 465 1788 504 Scholiaslen

38 510 239 547 Vaticanum
256 509 379 562 saepius
396 510 489 548 vsum
507 514 684 562 Porphyrii
700 513 904 558 auctoritaie,
932 523 1058 562 praeter
1077 527 1113 549 ea
1127 514 1270 549 aliorum
1292 511 1500 551 scholiorum
1517 513 1704 556 ἀνεκδότωγ
1719 516 1787 568 spe.

37 565 150 600 cimen
165 566 197 599 in
213 567 340 614 primos
361 564 468 601 Iliadis
485 563 594 602 versus
611 562 717 601 adfert
733 579 752 600 e
767 566 868 601 MSto
885 564 1012 601 Codice
1029 565 1223 602 florentino
1245 565 1454 610 Mediceo‘).
1507 569 1600 605 ldem
1621 571 1680 618 [If]
1703 573 1786 608 Hot-

27 615 153 663 steuius
172 615 365 654 scholiassen
395 618 556 654 ineditum
576 616 768 654 Mediceum
797 619 832 654 in
858 619 1051 654 Homerum
1075 617 1190 668 passim
1212 617 1323 655 laudat
1347 623 1379 655 in
1400 623 1488 656 notis
1508 621 1547 658 ad
1570 624 1786 672 Stephanum.

39 666 149 716 [conf.
173 671 213 706 V
211 671 327 706 alcken.
343 668 411 709 diss.
430 669 471 707 de
487 670 562 709 cod.
579 669 670 707 Leid.
688 684 718 720 p.
733 675 796 708 106
816 668 887 720 sqq.
902 681 934 706 et
949 670 989 706 de
1003 668 1210 720 sequentibus
1226 671 1312 721 apud
1335 673 1431 712 Labb.
1453 685 1484 710 et
1499 675 1671 715 Wetslein.
1685 676 1784 714 codd.

41 721 174 771 Villonyt
188 723 278 759 Prol.
297 725 405 759 Hom.
423 737 454 772 p.
473 725 535 772 16.]
588 722 651 760 Sed
667 734 698 759 et
712 722 799 773 apud
818 725 977 758 Labbeum
993 737 1026 773 p.
1048 736 1117 768 372.
1135 723 1216 760 Bibl.
1245 737 1327 761 nou.
1345 726 1447 762 MSS.
1473 729 1601 763 mentio
1625 728 1663 764 fit
1685 731 1787 766 Scho-

37 774 164 812 liorum
189 775 292 824 longe
315 775 631 812 accuratissimorum
645 787 677 812 et
693 774 994 826 antiquillimorum
1015 780 1048 811 in
1065 775 1180 812 decem
1195 777 1296 813 libros
1313 779 1456 814 Homeri
1478 793 1663 830 numquam
1680 784 1714 818 in
1737 782 1787 818 lu-

39 840 113 864 cem
129 827 309 865 editorum.
363 830 430 865 [011.
450 830 641 876 Rudolplius
660 829 858 876 Wctstenius
873 826 944 865 diff.
970 828 1010 864 de
1032 827 1107 864 satis
1127 827 1328 878 scriptorum
1352 832 1496 867 Homeri
1515 846 1546 882 p.
1566 836 1631 881 156.
1656 848 1788 871 meino-

37 890 88 915 rat
102 892 162 917 tres
178 880 321 917 Codices
333 882 450 918 MStos
465 880 706 930 metaphraseos
722 883 755 917 in
771 882 976 924 Homerum,
1004 884 1094 917 cuius
1109 883 1236 918 initium
1247 897 1258 918 ε
1281 879 1342 928 τὴν
1361 880 1458 935 ἇςγὴν
1473 882 1559 933 εἰπὲ,
1583 882 1610 924 ὦ
1625 884 1714 929 Θεοὶ,
1741 890 1790 929 τῦ

37 932 92 973 ύιέ
105 936 241 977 πηλέως
256 931 452 982 Ἀχιλλέως
469 932 528 979 τήν
544 934 717 985 ὀλεθρίαν.
772 934 881 981 [idem
902 938 1032 970 initium
1054 935 1175 970 liabent
1198 933 1272 970 cod.
1287 948 1337 980 42.
1355 937 1565 974 florentinus
1582 941 1688 975 Hom.
1707 953 1787 978 cum

38 984 224 1036 paraphrasi
240 991 272 1022 in
289 986 391 1023 catal.
410 987 507 1026 MSS.
525 1001 574 1037 gr.
590 987 807 1023 bibliothecae
824 989 1057 1023 Laurentianae
1080 1002 1097 1022 a
1116 986 1279 1023 Bandinio
1298 998 1431 1032 curato,
1457 1001 1541 1026 tom.
1557 992 1596 1030 11,
1613 1005 1644 1041 p.
1659 1003 1734 1031 202.
1758 1004 1790 1030 et

39 1037 194 1083 cod.284.
212 1040 260 1074 Io.
274 1039 381 1086 Rhosi,
409 1039 583 1083 Cretensis,
603 1053 716 1087 manu,
730 1039 841 1074 litteris
852 1042 953 1089 nigris
972 1037 1150 1089 descriptus
1167 1053 1244 1076 cum
1261 1039 1468 1090 expositione
1485 1054 1641 1092 perpetua
1656 1047 1740 1081 inter
1754 1045 1790 1081 li-

40 1104 115 1127 neas
134 1093 247 1127 litteris
263 1093 363 1127 rubris
381 1104 522 1139 exarata,
540 1096 573 1128 in
586 1096 632 1128 lo.
649 1093 775 1142 Alogffii
791 1093 986 1140 Mingm·clli
1012 1092 1176 1143 Catalogo
1197 1106 1302 1142 graec.
1317 1093 1414 1129 codd.
1429 1095 1529 1132 MSS.
1547 1095 1634 1144 apud
1649 1098 1788 1146 Nanios‚

40 1146 195 1181 Patricios
205 1146 361 1190 Venetos,
386 1142 631 1182 adseruatorum
643 1157 671 1189 4.
681 1158 732 1180 a-n.
752 1151 841 1190 1784.
855 1153 968 1194 p.481.
998 1146 1111 1192 ΗΜΛ]
1164 1147 1313 1195 itemque
1325 1146 1423 1182 aliam
1435 1147 1642 1197 paraphrasin
1657 1151 1690 1184 in
1705 1150 1788 1186 Bibl.

40 1198 229 1234 florentina
245 1196 281 1239 ¹),
307 1210 388 1246 quae
402 1199 537 1247 incipit:
565 1192 644 1238 Θεοὶ
660 1194 848 1239 Καλλιόπη
862 1195 936 1235 εἰπὲ
952 1194 1108 1247 οἰκριβῶς
1123 1200 1154 1236 ἐν
1169 1195 1339 1248 ἐμμελείω
1356 1201 1516 1246 'frosm-inii
1537 1199 1589 1239 τοὶ
1611 1200 1712 1241 naz-oc*
1728 1202 1786 1247 τήν

39 1253 131 1300 μῆην
147 1253 194 1290 r&
208 1248 404 1298 Ἀχιλλέως
421 1266 453 1288 κ.
471 1265 503 1289 τ.
518 1258 554 1289 λ.
609 1249 719 1286 ΔΙίειῃ
736 1252 814 1285 item
835 1249 1045 1298 paraphrasin
1056 1250 1272 1298 Mosthopuli,
1299 1243 1474 1295 a'scholiis,
1501 1252 1542 1288 de
1558 1254 1675 1303 quibus
1689 1253 1788 1297 infra,

38 1300 197 1339 diuersam
217 1305 296 1339 etin
311 1302 392 1338 Bibl.
411 1301 578 1339 Vaticana
591 1302 629 1348 ¹⁸)
655 1303 800 1339 obuiam.
854 1304 1008 1348 Omitto,
1044 1315 1128 1351 quos
1153 1306 1186 1338 in
1206 1303 1407 1340 Bibliotheca
1435 1303 1588 1341 Caesarea
1614 1319 1788 1345 occurrere

38 1364 145 1392 narrat
159 1355 368 1401 Lambecius,
396 1354 526 1392 codices
542 1356 691 1392 Homeri
713 1355 852 1398 MStos,
881 1353 1020 1391 refertos
1044 1353 1176 1391 scholiis
1205 1359 1327 1405 graecis
1348 1358 1587 1407 marginalibus
1612 1369 1644 1395 et
1664 1360 1788 1396 interli-

37 1409 199 1446 nearibus.
256 1408 384 1455 [Valck.
400 1408 422 1444 l.
441 1422 469 1445 c.
487 1422 519 1458 p.
536 1419 608 1454 107,
650 1410 734 1444 inter
756 1405 882 1457 septem
897 1410 966 1454 fait,
999 1407 1096 1444 codd.
1121 1410 1327 1445 Homericos
1351 1422 1436 1459 quos
1457 1408 1614 1447 Caesarea
1637 1412 1787 1450 recondit

38 1461 232 1498 Vindobon.
253 1461 326 1497 bibl.
344 1464 489 1510 optimus
508 1459 627 1510 procul
642 1458 744 1497 dubio
768 1460 813 1496 est
837 1462 912 1497 MS.
928 1459 1055 1501 Iliadis,
1088 1457 1220 1496 scholiis
1240 1462 1499 1498 interlinearibus
1521 1474 1551 1499 et
1570 1478 1674 1514 marg.
1688 1463 1786 1502 refer-

39 1526 102 1558 tus,
130 1526 229 1564 quem
245 1516 314 1549 Cat.
332 1514 408 1549 bibl.
425 1511 505 1551 caes.
524 1516 554 1549 V
558 1513 672 1551 indob.
690 1523 772 1562 part.
783 1515 838 1549 lv.
854 1527 886 1563 p.
903 1522 953 1556 28.
978 1511 1137 1549 recensuit
1153 1511 1341 1560 Nesselius.]
1395 1518 1568 1552 Neocorus
1590 1515 1610 1552 s.
1631 1517 1785 1555 Kiislerus

40 1569 75 1603 in
88 1580 179 1603 noua
192 1565 337 1602 editione
354 1569 495 1603 Criticae
507 1568 652 1603 Homeri
670 1564 837 1609 historiae,
865 1567 966 1614 [quae
980 1579 1060 1602 vero
1073 1566 1182 1601 lucem
1198 1579 1269 1602 non
1294 1566 1403 1612 vidit,]
1432 1568 1621 1618 vulgaturus
1646 1581 1713 1606 erat
1733 1585 1785 1607 va·

39 1623 86 1656 ria
101 1617 278 1669 specimina
295 1617 513 1663 scholiorum,
540 1616 788 1668 paraphrafium
811 1628 844 1654 et
863 1617 1127 1667 Meraphrasium
1143 1621 1287 1655 Homeri
1314 1618 1507 1656 ineditarum
1522 1649 1531 1664 ,
1565 1635 1647 1671 quae
1672 1625 1705 1658 in
1735 1624 1784 1659 Bi·

38 1672 213 1708 bliothecis
228 1670 418 1714 Bodleiana,
443 1674 545 1722 Regia
561 1669 778 1718 Londinenfi‚
799 1674 903 1721 Regia
922 1669 1087 1707 Parisiensi
1101 1672 1130 1716 ⁰)
1157 1672 1293 1720 aliisque
1308 1669 1485 1721 descripsit.
1512 1676 1612 1709 Anno
1621 1675 1786 1712 MDCCI.

40 1723 205 1761 Dordraci
223 1727 254 1760 in
269 1725 423 1761 auctione
441 1725 570 1774 publica
585 1724 809 1760 Bibliothecae
835 1723 965 1760 illuslris
987 1726 1119 1759 Ioannis
1138 1724 1179 1760 de
1203 1727 1278 1761 Wit
1297 1738 1420 1760 venum
1446 1723 1613 1774 expositus
1633 1724 1696 1763 suit
1715 1728 1787 1764 Ho-

40 1790 146 1814 merus
161 1778 237 1814 MS.
253 1790 331 1813 cuin
345 1778 447 1813 obelis
464 1777 654 1820 Aristarchi,
679 1788 710 1813 et
727 1775 861 1812 scholiis
879 1778 975 1815 MSS.
992 1790 1076 1826 quae
1091 1777 1292 1826 marginibus
1307 1775 1483 1826 adscripta,
1512 1779 1633 1814 bonam
1659 1791 1786 1829 partem

43 1831 269 1877 Porphyrium
286 1831 456 1865 auclorem
482 1828 685 1879 agnoscunt,
723 1828 883 1865 adiuncto
900 1831 1015 1865 Procli
1041 1834 1285 1866 commentario
1308 1828 1348 1865 ad
1372 1827 1423 1865 sex
1447 1831 1548 1866 libros
1569 1836 1693 1879 priores
1718 1833 1789 1869 ilia-

41 1882 114 1924 dos,
129 1896 168 1918 ex
187 1882 266 1918 Bibl.
285 1885 420 1918 Antonii
438 1881 621 1931 Seripandi,
638 1881 819 1918 Cardinalis
834 1885 888 1922 Ἧι
911 1893 982 1918 tum
999 1880 1145 1929 Odyssea
1161 1896 1239 1918 curn
1263 1885 1401 1930 antiquis
1415 1880 1547 1918 scholiis
1558 1884 1655 1920 MSS.
1671 1888 1788 1935 copio-

41 1934 92 1972 sis.
145 1939 207 1972 An.
225 1936 484 1971 MDCXCViu.
503 1938 535 1970 in
553 1934 754 1970 Bibliotheca
771 1932 962 1970 nobilissimi
982 1938 1108 1971 iuuenis
1130 1934 1278 1971 Cornelii
1302 1935 1432 1970 Nicolai
1456 1935 1600 1984 prostitit
1621 1937 1787 1974 Amsselo-

41 1987 130 2024 darni
145 1989 217 2023 ilias
233 1988 354 2023 Graece
369 2002 431 2023 vna
447 2001 523 2024 cum
540 1989 788 2023 commentariis
805 1986 1010 2036 amplissimis
1028 1988 1183 2023 Iohannis
1202 1988 1416 2022 Grammatici
1427 2014 1436 2028 ,
1461 1989 1608 2025 Tzetzae
1628 2001 1706 2038 puta
1717 2018 1726 2030 ,
1745 1990 1786 2027 de

43 2054 112 2092 quo
137 2054 221 2077 mox
243 2041 336 2090 plura
359 2039 478 2077 dicam.
542 2041 724 2076 Andronici
748 2038 783 2073 π)
829 2041 1089 2091 Hermopolitae
1109 2037 1233 2076 scholia
1255 2041 1379 2076 Graeca
1407 2042 1440 2076 in
1469 2041 1661 2078 Homerum
1689 2045 1786 2080 MSta

1648 2094 1787 2133 extitisse

86 2177 114 2207 s)
138 2171 297 2212 Porphyrii
318 2179 401 2202 notas
421 2183 436 2202 e
457 2170 541 2202 codd.
563 2172 707 2202 Vaticano
731 2170 887 2212 descriptas
985 2174 1018 2205 υ)
1039 2172 1060 2201 Ε
1081 2169 1196 2201 dnobus
1220 2169 1304 2200 codd.
1327 2173 1416 2210 regiis
1439 2171 1593 2215 Villoistm.
1621 2173 1658 2203 ad
1679 2173 1785 2205 calcem

44 2218 154 2258 accepit
178 2215 336 2258 l'ii'loison.
364 2227 394 2244 v.
417 2218 479 2246 cius
503 2215 608 2246 Aiiccd.
637 2225 680 2253 gr.
705 2217 741 2246 11.
769 2227 797 2256 p.
819 2219 887 2245 266.
941 2216 1042 2245 Lexici
1064 2213 1214 2255 Apollonii
1234 2215 1323 2256 Soph.
1348 2214 1503 2256 specimina
1527 2215 1654 2254 dedisse,
1683 2217 1783 2260 paullo

44 2268 106 2292 tot.
132 2259 225 2290 Harl.
945 2267 1011 2288 ante
1024 2260 1265 2288 memorauimus.
1290 2257 1382 2289 Harl.

90 2309 115 2339 t)
132 2301 218 2334 Conf.
237 2301 379 2334 Valcken.
402 2302 464 2332 diss.
489 2301 565 2332 laud.
592 2314 619 2344 p.
646 2311 709 2340 107.
736 2301 890 2341 Vili'oison.
989 2304 1034 2340 w)
1059 2300 1143 2331 Plura
1157 2301 1195 2331 de
1212 2300 1278 2331 fatis
1293 2302 1380 2332 huius
1396 2303 1504 2334 codicis
1527 2303 1608 2334 dabit
1628 2302 1663 2334 cl.
1683 2303 1786 2335 Villoiae

46 2347 160 2386 Prolcg.
179 2349 270 2377 Hom.
286 2358 316 2389 p.
333 2348 386 2377 XV
406 2346 465 2388 sqq.
490 2354 551 2377 not.
574 2346 610 2376 de
634 2345 699 2376 aliis
719 2344 805 2376 codd.
827 2348 891 2376 Me·
937 2343 1006 2387 son.
1021 2348 1050 2375 in
1066 2344 1178 2383 Proleg.
1195 2347 1284 2375 Hom.
1323 2369 1328 2375 .
1347 2356 1389 2382 ¹4-
1405 2355 1465 2377 not.
1487 2347 1582 2378 Harl.

44 2391 100 2422 dic.
125 2390 219 2422 Harl.
988 2391 1026 2424 x}
1050 2388 1232 2418 Andronicus
1249 2390 1300 2419 Phi
1315 2389 1443 2432 osophus
1461 2394 1565 2421 citatur
1585 2401 1601 2420 a
1619 2390 1711 2421 Gelli'o
1731 2389 1783 2420 lib.

89 2437 125 2473 u)
150 2433 236 2464 Conf.
254 2433 384 2474 Hoistcn.
401 2434 436 2464 de
451 2435 512 2463 vita
526 2441 553 2463 ct
569 2432 664 2474 script.
681 2434 851 2474 Porphyrii,
867 2444 890 2462 c.
945 2434 1008 2462 XX.
1026 2443 1086 2473 cap.
1103 2441 1127 2467 5.
1151 2432 1275 2464 fabric.
1318 2433 1399 2464 Illius
1418 2434 1490 2464 Bibl.
1508 2436 1552 2465 SS.
1573 2434 1636 2464 Ioh.
1650 2442 1679 2464 ct
1692 2433 1784 2463 Paulli

46 2480 227 2520 V11.p.244.
242 2480 375 2508 iom.1v.
390 2480 488 2520 operis
504 2477 777 2508 nostrifabriciani.
794 2477 890 2509 Harl.
945 2475 1118 2513 Caialogum
1141 2475 1225 2507 codd.
1249 2487 1380 2516 graccor.
1403 2486 1431 2509 et
1453 2477 1641 2509 orientalium
1666 2477 1786 2519 praebet

94 2529 162 2562 Vol.
179 2530 208 2562 I.
1006 2521 1036 2556 E
1050 2533 1068 2556 e
1079 2533 1097 2558 e
1675 2523 1788 2553 Nuova
