2183 2747
218 192 284 218 XII

222 286 348 336 perito
380 285 538 322 homine
569 285 747 333 diligens,
779 285 982 321 adeuratus
1009 292 1044 319 et
1069 280 1115 319 ad
1142 283 1345 320 vtilitatem
1372 292 1591 334 certamque
1625 275 1807 324 notitiam
1840 288 1976 339 plenus

225 344 456 383 conficiatur
491 346 705 394 catalogus,
739 345 888 392 qualem
923 344 1154 380 Lambecius
1194 344 1240 380 de
1272 345 1396 380 msstis
1422 357 1474 394 gr.
1500 345 1540 382 in
1563 344 1744 384 Caesarea
1766 347 1978 386 Vindobo-

224 405 350 454 nensi,
381 415 417 442 et
435 406 565 442 Iriaite
584 406 628 442 de
649 405 759 441 codd.
774 417 828 453 gr.
852 405 889 439 in
918 405 1019 452 regia
1038 403 1252 440 Matritensi
1273 404 1470 441 custoditis
1498 407 1732 443 c0ncinnare
1755 416 1979 457 coeperunt.

225 466 357 514 Atque
375 467 488 503 etiam
506 467 545 501 in
563 466 665 500 votis
689 476 841 500 mecum
869 461 1031 512 quilibet
1063 463 1237 504 habebit,
1267 473 1310 500 vt
1327 465 1530 502 Lambecii
1556 475 1670 515 atque
1689 467 1816 504 Iriarti
1839 469 1984 506 catalo-

226 527 265 576 gi
289 527 372 575 pari
397 526 522 573 fludio
551 535 587 562 et
602 525 853 573 intelligentia
877 523 926 561 ad
943 522 1059 560 finem
1075 523 1349 573 perducamur.

347 645 504 694 Insuper
539 644 584 685 fi,
626 643 720 692 quid
747 655 818 692 ego
850 643 1029 692 sentiam,
1079 643 1204 680 dicere
1229 642 1283 680 fas
1307 643 1374 686 est,
1417 643 1595 692 equidem
1628 645 1757 694 probo
1791 645 1989 694 laudoque
2020 682 2023 683 γ

231 707 572 754 grammaticorum
600 713 635 740 et
663 704 888 740 criticorum
913 703 1150 740 sedulitatem
1177 713 1292 752 atque
1318 705 1523 741 sollertiam
1553 706 1592 740 in
1617 706 1891 753 conquirendis
1919 709 1990 742 ex-

231 765 494 815 plicandisque
526 765 658 813 paucis
684 775 821 800 eorum
847 763 1089 812 fragmentis,
1126 765 1466 814 quorum-reliqua
1488 764 1625 814 scripta
1644 767 1862 814 perierunt,
1888 771 1926 803 et
1947 766 1989 802 in
2039 780 2042 782 ·
2083 763 2086 767 ’

232 824 385 861 historia
410 837 547 861 eorum
571 824 790 872 diligentius
816 824 1047 860 enarranda„
1079 825 1147 872 qui
1170 825 1327 872 quidem
1354 827 1415 863 vel
1441 824 1538 860 nihil
1563 824 1704 875 scripto
1721 825 1989 874 consignatum

231 885 487 932 reliquerunt,
519 885 580 920 vel
600 896 771 933 quorum
788 884 876 921 libri
895 885 970 920 iarn
991 885 1057 920 diu
1078 886 1217 921 iniuria
1237 887 1420 934 temporis
1436 884 1518 920 sunt
1538 884 1721 927 absumti,
1753 895 1817 922 aut
1841 885 1990 921 adulte-

231 946 322 985 rati,
360 954 426 981 aut
449 940 542 982 filso
570 945 728 981 illorum
762 945 922 980 nomine
954 944 1299 985 circumferuntur;
1341 945 1401 982 scd
1433 945 1501 992 qui
1524 945 1587 981 vel
1618 957 1758 995 magna
1788 945 1991 994 quondam

232 1004 335 1054 apud
361 1005 447 1041 snos
470 1006 690 1041 floruerunt
713 1006 959 1045 auetoritate,
998 1005 1059 1041 vel
1083 1005 1196 1040 nouis
1220 1005 1409 1047 inuentis,
1446 1006 1680 1053 ingenioque
1706 1014 1742 1042 et
1768 1005 1891 1042 sludio
1916 1004 1992 1042 siue

231 1065 372 1101 litteras
398 1066 542 1114 egregie
565 1073 776 1106 ornarunt,
804 1065 879 1101 siue
905 1065 987 1100 aliis
1011 1063 1133 1101 facem
1162 1066 1449 1114 praetulerunt,
1485 1073 1520 1101 et
1545 1066 1737 1102 doctrinas
1763 1066 1991 1107 subtiliores,

233 1124 403 1174 dispulsis
432 1125 614 1167 tenebris,
644 1125 752 1161 varia
776 1125 864 1161 licet
890 1125 1040 1161 ratione
1065 1126 1250 1174 variaque
1277 1125 1435 1163 fortuna
1461 1125 1706 1162 illustrarunt.
1769 1126 1863 1162 Ideo
1889 1125 1993 1174 capd-

231 1192 270 1221 ta
291 1185 337 1221 de
357 1185 532 1235 Aesopo,
562 1185 808 1234 Pythagora,
841 1183 998 1221 Socrate
1017 1193 1054 1221 et
1071 1185 1227 1233 reliquis
1243 1187 1385 1234 graecis
1411 1185 1654 1236 philosophis
1680 1186 1882 1223 ssudiofius
1905 1196 1992 1235 per-

231 1246 412 1292 traetaui,
444 1254 499 1287 et,
532 1253 722 1294 quantum
743 1241 871 1286 licuit,
902 1254 1018 1292 atque
1036 1245 1198 1282 inssitnti
1221 1247 1319 1282 ratio
1341 1245 1528 1295 permisit,
1561 1246 1757 1296 insigniter
1779 1244 1993 1295 amplifica-

231 1305 285 1341 vi.
346 1306 400 1342 At
415 1306 519 1342 enim
536 1305 714 1342 obscuras
733 1316 888 1346 eorum,
919 1307 1124 1354 praecipue
1142 1316 1268 1355 poetar
1281 1318 1345 1342 um
1358 1333 1367 1348 ,
1399 1307 1626 1355 memorias,
1653 1318 1824 1355 qnorum
1838 1306 1904 1342 vel
1923 1315 1993 1342 ηο-

232 1364 341 1401 mina
362 1365 474 1401 semel
500 1365 719 1413 iterumque
748 1365 1024 1401 tantummodo
1050 1375 1262 1402 memorata
1281 1367 1547 1415 reperiuntur,
1574 1377 1645 1403 nee
1661 1367 1786 1403 vllum
1805 1365 1992 1414 fragmen-

234 1432 340 1472 tum,
367 1432 433 1461 aut
451 1424 666 1461 admodum
682 1437 828 1474 paucae
847 1437 918 1461 nec
936 1425 1154 1474 splendidae
1173 1427 1333 1462 laciniae
1348 1426 1566 1477 supersunt,
1580 1422 1582 1425 ’
1596 1427 1659 1462 vel
1684 1438 1783 1475 quos
1808 1425 1904 1462 nibil
1924 1433 1992 1462 aut

224 1496 374 1534 parum
397 1485 444 1520 ad
475 1485 667 1521 honorem
693 1494 729 1521 et
753 1486 1038 1522 incrementum
1063 1486 1280 1523 litterarum
1308 1486 1512 1525 contulisse
1528 1486 1690 1527 conflat,
1720 1484 1804 1534 post
1821 1483 1991 1526 Meursii,
2034 1514 2048 1523 ‚

232 1543 361 1582 Voflit
391 1544 582 1594 lonsiique
605 1545 843 1582 sedulitatem
866 1553 982 1594 atque
1007 1545 1262 1594 diligentiam,
1295 1548 1413 1582 anxie
1440 1546 1688 1592 conquirere,
1723 1553 1791 1582 aut
1816 1544 1992 1582 homines
2047 1548 2060 1568 4·

234 1604 405 1641 eiusdem
424 1605 593 1642 nominis
614 1616 684 1641 nec
701 1605 785 1642 vllo
802 1605 925 1642 modo
942 1606 1225 1647 memorabiles,
1256 1606 1415 1642 sollicite
1431 1605 1620 1652 colligere,
1653 1605 1845 1653 equidem,
1869 1616 1994 1653 quan.
2043 1627 2046 1633 -

235 1672 320 1700 tum
339 1665 512 1700 Vtilitatis
529 1663 697 1706 adferat,
728 1669 807 1702 arte
825 1665 939 1713 longa
952 1693 962 1707 ,
991 1666 1074 1701 vita
1092 1665 1220 1706 breui,
1251 1677 1375 1713 quum
1397 1665 1458 1700 vel
1484 1664 1668 1700 omnibus
1686 1664 1800 1701 bonis
1818 1664 1993 1713 praesen-

235 1724 338 1760 tibus
354 1725 464 1761 liceat
482 1724 713 1774 paucissimis
733 1723 828 1765 frui,
856 1736 938 1761 non
955 1725 1085 1760 video.
1146 1725 1312 1765 Interea,
1344 1736 1392 1761 ne
1415 1722 1617 1761 'calumniis
1642 1723 1842 1761 fenestram
1869 1725 1994 1773 aperi-

234 1795 333 1825 rem,
366 1784 469 1820 haud
489 1785 654 1821 omnino
672 1783 793 1821 deesse
811 1784 921 1820 volui
942 1784 1125 1832 opinioni
1149 1792 1183 1820 et
1201 1785 1397 1821 voluntati
1423 1784 1603 1820 aliorum.
1662 1783 1717 1820 At
1740 1785 1778 1820 in
1805 1784 1995 1832 sequenti·

235 1842 308 1880 bus
327 1844 595 1881 voluminibus
613 1845 722 1893 quod
740 1844 940 1880 Fabricius
962 1844 1030 1879 vsu
1047 1855 1242 1880 annorum
1267 1853 1303 1880 et
1329 1845 1521 1880 librorum
1547 1844 1709 1880 meliora
1733 1841 1892 1882 edoctus
1908 1844 1995 1893 plu-

236 1915 279 1939 ra
297 1903 371 1952 ipse
388 1904 591 1952 congellit,
625 1904 728 1940 haud
746 1904 1053 1954 improbabiliter
1069 1904 1163 1940 mihi
1183 1905 1222 1940 in
1239 1905 1508 1942 additamentis
1530 1903 1701 1940 breuiori
1728 1902 1807 1940 fieri
1835 1903 1994 1953 saepius,

237 1975 356 2010 quam
381 1964 420 2000 in
446 1965 575 2012 primo
598 1965 798 2012 alteroque
824 1964 1044 2006 volumine,
1076 1963 1217 2002 licebit.
1279 1965 1405 2001 Immo
1425 1976 1519 2000 vero
1536 1964 1751 2004 Fabricius,
1776 1964 1858 2000 aliis
1875 1973 1994 2013 nego-

237 2023 298 2057 tiis
324 2023 527 2064 dissrietus,
559 2024 661 2060 haud
679 2035 813 2073 pauca,
846 2036 944 2072 quae
969 2025 1096 2060 minus
1123 2023 1241 2060 essent
1267 2024 1482 2065 necessaria,
1505 2024 1628 2060 immo
1650 2035 1746 2060 vero
1761 2023 1990 2073 superuaoa·
2015 2005 2038 2053 5

238 2093 326 2122 nea,
358 2096 404 2118 ne
424 2084 646 2132 typothetas
664 2092 900 2126 moraretur,
930 2085 969 2120 in
985 2085 1027 2119 B.
1047 2083 1118 2119 Gr.
1135 2082 1302 2120 intuliss‘e
1320 2083 1487 2121 videtur.
1548 2084 1666 2120 Plura
1690 2084 1809 2132 igitur
1825 2082 1995 2130 resecans·
2009 2101 2025 2139 {⁷
2073 2081 2105 2140 ’Ἀ
2132 2126 2137 2134 ὁ

239 2140 287 2176 da
305 2142 490 2190 arbitror,
521 2156 602 2192 qno
620 2145 778 2192 quidem
794 2153 937 2190 metus,
971 2156 1017 2179 ne
1044 2145 1157 2180 nimis
1184 2143 1322 2180 crescat
1340 2145 1466 2193 operis
1489 2144 1633 2185 moles,
1673 2143 1811 2191 credo,
1839 2141 1994 2192 prorsus
2020 2159 2030 2194 >j
2073 2150 2078 2173 -·
2110 2133 2173 2201 'HQ‘

239 2201 446 2239 minuetur.
513 2205 621 2254 Quae
645 2205 759 2252 igitur
785 2205 913 2240 omitti
938 2203 1099 2252 possint,
1131 2203 1333 2245 indicabo,
1363 2212 1497 2252 atque,
1535 2215 1631 2239 num
1655 2204 1753 2240 reete
1776 2202 1992 2243 iudicarim.
2070 2216 2088 2245 ,¹
2138 2221 2146 2258 '.
2174 2194 2183 2206 *⁴

239 2268 285 2294 vt
304 2261 374 2295 viri
395 2259 534 2299 eruditi
553 2276 614 2299 me
629 2263 814 2303 doceant,
851 2261 964 2300 valde
986 2272 1134 2312 expeto.
1186 2263 1405 2313 Quaedam,
1435 2274 1533 2312 quae
1553 2262 1754 2299 Fabricius
1773 2261 1990 2307 inseruerat,
2011 2272 2014 2275 ’

243 2317 266 2352 si
286 2319 458 2366 pluribus
480 2322 894 2370 placebit'emtoribug
924 2324 962 2359 in
986 2324 1171 2359 volumen
1191 2324 1391 2370 quoddam
1409 2323 1766 2372 supplementorum
1792 2320 1989 2370 separatim

242 2377 479 2426 iunetirnque
499 2382 582 2428 cogi
602 2382 726 2431 posse,
758 2384 834 2418 iam
853 2384 891 2419 in
908 2382 1147 2431 praefatione
1163 2382 1212 2418 ad
1231 2380 1310 2420 v‘ol.
1330 2384 1356 2418 1.
1374 2383 1578 2419 declaraui.
1647 2382 1756 2430 Quae
1774 2376 1990 2429 igiturpos-

243 2435 300 2482 se,
338 2436 412 2473 line
439 2439 518 2476 vllo
543 2441 710 2484 dainnO,
752 2444 872 2479 tutius
897 2442 1020 2480 abesse
1046 2442 1253 2479 videantur
1278 2443 1394 2484 mihi,
1434 2454 1477 2478 ea
1502 2442 1609 2489 sunt,
1646 2451 1744 2488 quae
1768 2438 1988 2488 sequuntur.

1832 2495 1988 2534 Cauffas
