2071 2747
172 76 313 113 com).
347 75 488 113 MSSTI
522 75 879 114 COMOEDIARVM
913 75 1252 115 ARISTOPHANIS
1308 76 1382 115 Lib.
1396 80 1440 116 Il.
1455 91 1476 115 e.
1489 79 1597 118 XXI.
1647 95 1707 130 377

0 169 144 213 riclinio,
166 171 339 215 Heronio,
364 182 395 208 et
409 172 552 209 Thoma
570 172 756 221 Magislro,
784 178 1008 222 argumentis,
1036 170 1167 209 scholiis
1183 174 1438 224 marginalibus,
1466 190 1549 227 quae
1569 178 1702 229 quidem

0 227 107 260 euiora
122 221 195 260 sunt
209 223 322 265 editis,
348 239 387 260 ex
404 228 440 260 iis
457 235 569 261 tamen
585 229 772 269 contracta,
799 226 957 262 delicium
972 237 1083 262 autem
1102 229 1134 261 in
1157 227 1271 262 vltima
1297 228 1472 264 comoedia
1496 244 1513 265 a
1530 229 1622 267 versu
1637 245 1703 276 27¹-

1 290 79 313 cum
92 275 204 326 glossis
223 277 500 313 interlinearibus:
527 297 579 304 —
606 276 682 314 ibid.
702 278 776 313 cod.
793 281 895 314 chart⁴
917 280 1002 314 XIII.
1025 293 1057 330 p.
1073 288 1125 323 87.
1151 278 1286 315 eaedem
1313 277 1460 323 fabulae,
1488 296 1566 319 cum
1587 286 1701 334 prole-

0 332 125 369 menis,
151 328 264 379 gloriis
286 331 544 366 interlinearibus
561 341 591 366 et
607 327 740 367 scholiis
753 334 860 380 marg5
878 332 1000 368 ialibus.
1028 352 1077 358 —
1103 331 1180 368 ibid.
1201 341 1340 381 pag.89.
1355 332 1429 370 cod.
1448 336 1519 371 XV.
1536 349 1626 372 corn.
1644 340 1699 375 vt.

0 383 98 418 harn.
120 382 387 427 concionantes,
415 384 566 432 EquiteS,
591 385 696 426 Aues,
725 382 845 432 Vespa«.
862 413 870 426 ,
899 387 982 427 Pax,
1009 397 1092 433 quae
1106 394 1219 420 tamen
1237 383 1306 421 sere
1329 399 1447 422 omnes
1462 401 1531 424 non
1555 392 1701 439 integrae

0 444 45 478 ιτ,
71 448 149 470 curn
168 431 296 471 scholiis
311 436 550 484 marginalibus
577 456 629 462 --
655 446 686 471 et
702 435 776 472 cod.
793 438 878 473 ΧΗ.
895 450 985 473 com.
1005 437 1094 472 VlIl.
1112 435 1179 472 fine
1195 437 1266 472 vllis
1283 435 1423 474 scholiis,
1448 460 1498 467 -—
1526 441 1602 478 ibid.
1621 457 1699 493 pag.

23 486 98 524 eod.
114 489 201 523 xlx.
219 488 330 524 Plutus
346 486 413 523 fine
428 486 580 531 scholiis,
607 497 639 524 et
651 502 684 538 p.
704 501 755 534 93.
781 489 855 525 cod.
876 491 975 525 xm.
998 489 1127 536 Nubes,
1155 502 1231 525 cum
1256 487 1406 534 scholiis,
1437 491 1551 541 glossis
1575 496 1698 531 interli.

0 541 115 587 nribus,
138 551 170 577 et
191 551 403 591 argumento.
429 561 480 568 -—
507 539 584 576 ibid.
606 553 714 591 p.113.
739 540 813 577 cod.
831 543 962 577 XXXV.
984 541 1113 584 Plutus,
1139 542 1267 584 Nubes,
1295 544 1428 586 Ranae,
1455 558 1534 580 cum
1563 544 1695 584 scholiis

0 596 118 630 errimis
131 605 163 630 et
178 591 291 642 gloffis
309 593 578 630 inter-linearibus.
630 595 779 630 Nubiuin
803 597 863 630 tria
887 591 959 629 sunt
981 603 1176 641 argumenta
1195 594 1361 643 praefixa,
1395 605 1427 631 et
1447 596 1524 634 cod.
1544 599 1694 638 xxxvi,

0 656 58 682 itus
71 657 103 682 et
117 646 238 682 Nubes.
266 665 318 674 —-
344 647 454 684 Tom.
471 647 528 681 111.
543 644 626 696 plut.
641 660 689 693 9¹·
705 649 789 683 inter
806 646 934 682 codices
953 646 1160 688 Gaddianos,
1188 661 1220 696 p.
1237 659 1304 691 423.
1320 647 1394 684 cod.
1413 649 1482 684 VII.
1501 652 1690 692 membran,

0 712 25 734 n
54 702 258 748 argumentis
281 708 314 735 et
336 700 436 736 titulis
460 697 714 736 comoediarum
730 700 858 735 rubrica
874 701 1031 746 exaratis,
1058 699 1171 735 Plutus
1187 712 1265 735 cum
1284 700 1532 750 prolegomenis
1553 705 1689 742 Thom.

0 751 115 801 igistri,
143 749 276 788 scholiis
301 751 431 788 duobus
454 751 496 789 de
515 751 720 794 comoediis,
755 766 839 802 quae
863 750 1040 801 sequuntur
1063 754 1163 787 haec:
1194 748 1322 790 σκολιοὶ
1344 755 1492 803 λέγεταί
1511 761 1689 806 παροίνια,

0 815 33 848 m
48 801 98 843 ταὶ
113 805 168 843 ἐπὶ
183 806 234 858 τῷ
249 808 427 858 συμποσίῳ
449 801 603 859 οξδᾶμενοι
621 816 682 841 etc.
710 815 782 840 tum
807 804 1032 854 Aristophanis
1055 808 1262 853 grammatici
1284 816 1521 854 argumentum
1548 809 1690 847 versibus

0 857 108 900 ibicis,
143 855 194 893 sed
218 857 315 893 instar
336 855 460 896 solutae
483 861 643 895 orationis
665 869 834 894 exaratum
866 868 897 892 et
919 857 980 893 alia
1001 867 1211 905 argumenta:
1238 858 1349 893 Nubes
1371 871 1450 895 cum
1471 867 1689 910 argumentis,

0 912 74 946 uites
87 923 166 946 cum
186 910 286 946 tribus
301 913 521 960 argumentis,
549 912 662 947 Ranae
685 924 761 947 cum
780 909 918 947 totidem
936 913 1150 958 argumentis.
1189 928 1240 936 —·
1276 911 1404 945 Citatur
1418 924 1552 964 quoque
1571 917 1687 952 Comi-

13 965 48 999 in
61 962 243 1013 florilegio
259 961 513 1007 sententiarum,
541 974 624 1001 tom.
641 965 666 1000 1.
683 978 717 1015 p.
734 976 799 1012 253.
823 973 854 1001 et
877 966 910 1000 in
927 962 1054 999 Violar.
1072 958 1220 1012 compos
1238 961 1312 998 ibid.
1328 977 1361 1013 p.
1380 975 1453 1009 549.

42 1039 82 1073 In
104 1037 302 1075 bibliotheca
325 1041 416 1089 regia
436 1039 644 1088 Matr-iterfi,
671 1037 851 1074 adnotante
875 1038 1016 1080 Iriarto,
1050 1047 1126 1086 pag.
1145 1038 1211 1079 163.
1233 1038 1268 1070 in
1290 1035 1366 1072 cod.
1384 1037 1516 1073 XLVII.
1537 1035 1598 1073 fol.
1617 1046 1685 1083 ¹87-

0 1088 108 1137 ssoph.
127 1090 250 1127 Plutus.
277 1111 330 1119 —-
356 1104 433 1142 pag.
450 1099 518 1137 178.
533 1091 610 1128 cod.
627 1093 711 1128 LIII.
727 1090 858 1132 Plutus,
887 1090 1015 1132 Nubes,
1041 1090 1156 1124 Ranae
1176 1097 1207 1124 et
1223 1089 1376 1138 Equites,
1404 1102 1482 1124 cum
1506 1087 1684 1140 frequenti-

25 1139 158 1179 scholiis
187 1155 285 1194 atque
312 1143 598 1188 adnotationibus,
637 1141 812 1195 praemiffa
837 1146 901 1179 vita
927 1152 959 1178 et
984 1143 1187 1190 argumentis
1210 1141 1341 1177 cuilibet
1370 1139 1500 1177 fabulae
1522 1141 1684 1192 praefixis.

0 1208 29 1230 ic
42 1194 118 1231 inde
134 1194 245 1232 differt
262 1195 336 1232 cod.
354 1198 393 1232 ab
409 1195 512 1235 editis.
538 1218 591 1224 —
617 1209 693 1246 pag.
709 1208 771 1240 234
786 1193 832 1245 sq.
849 1193 925 1231 cod.
940 1196 1070 1231 LXVII.
1087 1192 1148 1229 sol.
1167 1205 1199 1228 21
1216 1190 1284 1243 sqq.
1306 1193 1471 1241 Arssopb.
1495 1198 1557 1230 vita
1569 1224 1578 1238 ‚
1604 1209 1684 1232 cum

0 1250 128 1284 tonisin
146 1262 225 1285 eum
242 1252 502 1299 epigrammate,
525 1249 632 1300 (quod
654 1253 722 1286 iam
748 1247 882 1285 dederat
908 1261 939 1298 p.
961 1255 1016 1294 98.
1041 1260 1080 1282 ex
1102 1246 1169 1281 alio
1192 1245 1268 1282 cod.
1289 1259 1367 1282 cum
1386 1245 1534 1282 versione
1550 1249 1683 1284 loannis

0 1301 27 1343 ei,
50 1300 266 1338 bibliothecae
285 1305 394 1352 regiae
412 1300 633 1344 subcustodis,
659 1305 772 1345 cuius,
797 1298 872 1337 satis
889 1302 1073 1350 intercepti,
1095 1301 1197 1334 vitam
1213 1301 1396 1348 meritaque
1416 1313 1455 1348 p..
1469 1311 1533 1345 235.
1552 1302 1587 1335 in
1602 1310 1682 1337 nota

0 1350 31 1389 ie
45 1354 214 1398 celebrae)
236 1354 369 1403 Plutus,
395 1369 474 1391 cum
497 1351 648 1397 scholiis,
675 1368 759 1405 quae
780 1367 800 1389 a
820 1353 962 1401 vulgatis
984 1349 1078 1402 saepe
1100 1349 1300 1400 discrepant,
1328 1351 1457 1394 Nubes,
1483 1365 1561 1387 cum
1585 1366 1682 1402 argu.

0 1415 72 1450 ato,
98 1407 137 1442 ab
156 1409 272 1443 Iriarto
289 1411 438 1456 primum
454 1407 693 1458 promulgato,
721 1415 753 1442 et
771 1409 803 1442 in
820 1419 896 1441 mea
910 1403 1055 1441 editione
1072 1404 1220 1440 Nubium
1238 1417 1267 1452 p.
1283 1416 1312 1439 ιι
1329 1401 1374 1454 sq.
1398 1406 1557 1453 repetito,
1584 1416 1682 1454 atque

0 1458 84 1502 aliis,
111 1473 196 1510 quae
216 1460 256 1496 ab
276 1459 369 1497 editis
389 1461 589 1511 plerumque
613 1457 687 1497 sunt
710 1455 856 1502 diuersa;
880 1470 955 1509 pag.
977 1459 1052 1501 264.
1073 1455 1148 1493 cod.
1168 1456 1296 1492 LXXII.
1313 1454 1539 1504 fragmentum
1561 1470 1601 1494 ex
1617 1459 1681 1494 Ra.

0 1520 62 1548 etc-

38 1581 78 1617 In
93 1580 289 1618 bibliotheca
305 1581 467 1633 Ltt'de’fi.
493 1578 676 1619 secundum
691 1581 903 1630 catalogum,
930 1595 961 1630 p.
979 1591 1053 1627 394.
1077 1576 1151 1615 cod.
1167 1575 1311 1614 Voffian.
1325 1577 1393 1612 LII.
1409 1575 1576 1624 Aristoph.
1592 1576 1681 1623 Lysi.

0 1639 50 1670 he
62 1647 137 1684 pars
153 1648 232 1670 cum
248 1632 392 1678 scholiis,
416 1646 448 1671 et
459 1647 536 1686 pag.
552 1647 627 1680 403.
648 1633 724 1672 cod.
741 1633 884 1671 Voffian.
900 1634 1017 1669 xx111.
1033 1631 1167 1668 Scholia
1181 1643 1296 1680 graeca
1312 1632 1345 1664 in
1360 1629 1454 1665 Arist.
1470 1629 1680 1675 Lyssstratarn

0 1696 47 1723 ns
62 1684 231 1736 descripta.
257 1707 307 1715 —
333 1701 410 1737 pag.
426 1700 503 1736 399.
520 1690 597 1724 MS.
613 1686 831 1730 Voffianum,
853 1683 876 1722 s.
895 1684 994 1722 index
1015 1682 1237 1735 scriptorum,
1264 1695 1410 1732 quorum
1436 1682 1474 1717 fit
1497 1685 1623 1718 mentio
1645 1685 1679 1718 in

0 1732 287 1790 ffi·scriptoribus,
320 1741 386 1777 vol.
404 1741 444 1776 11.
468 1754 508 1776 ex
530 1741 669 1777 Scholiis
690 1739 917 1790 Aristophanis
941 1748 1002 1775 etc.
1042 1757 1092 1766 —-
1140 1748 1217 1787 pag.
1237 1741 1311 1782 398.
1334 1733 1409 1770 cod.
1425 1732 1572 1770 Voffian.
1594 1735 1677 1771 LIX.

0 1786 100 1841 steph.
113 1794 248 1828 iunioris
273 1795 482 1842 epigramma
502 1796 536 1828 in
554 1792 724 1843 Oedipum
742 1806 820 1829 cum
837 1791 918 1828 aliis.

0 1869 12 1906 ;’
34 1865 74 1900 In
86 1863 283 1901 bibliotheca
301 1868 393 1915 regia
409 1866 521 1915 Paris.
535 1867 633 1902 multi
651 1874 830 1903 occurrunt
843 1862 942 1900 codd.
958 1866 992 1899 in
1009 1862 1124 1913 quibus
1140 1861 1191 1898 vel
1211 1860 1320 1912 plures
1338 1858 1388 1895 vel
1406 1862 1575 1909 pauciores
1598 1873 1676 1897 con-

0 1926 78 1952 ntur
90 1917 296 1954 comoediae.
351 1921 479 1955 Omnes
493 1933 573 1955 vero
591 1917 781 1968 singulatim
795 1927 960 1967 repetere,
984 1915 1164 1951 molestum
1178 1912 1275 1951 soret.
1327 1914 1408 1948 Sunt
1429 1926 1551 1960 nempe
1564 1912 1676 1949 Plutus

0 1966 71 2006 Wl.
85 1968 183 2006 codd.
200 1970 312 2006 Nubes
325 1973 359 2006 in
375 1973 464 2007 XIV.
487 1974 600 2008 Ranae
615 1974 648 2006 in
665 1972 738 2006 VII.
765 1971 899 2020 Equites
914 1971 948 2004 in
965 1978 1128 2018 quatuor,
1154 1970 1241 2003 Aues
1256 1969 1290 2001 in
1307 1965 1425 2007 tribus,
1452 1962 1676 2001 Acharnenses

0 2019 141 2065 uidem,
163 2024 437 2059 Concionatrices
451 2026 483 2058 in
499 2024 646 2066 duobus,
671 2022 843 2069 Lyfissrata
861 2025 895 2057 in
910 2019 1059 2059 duobus,
1085 2030 1117 2055 et
1131 2020 1196 2055 Pax
1220 2022 1255 2055 in
1275 2016 1412 2053 totidem
1439 2015 1535 2053 codd.
1557 2020 1675 2053 msstis.

0 2075 104 2122 prunis
119 2073 271 2110 laudatur
285 2075 360 2111 cod.
378 2076 548 2113 DCCXII.
565 2074 646 2113 saec.
663 2077 749 2111 XIII.
764 2085 931 2116 exaratus,
957 2071 1101 2109 necdum
1115 2071 1175 2107 illo
1193 2070 1323 2121 quidem
1343 2081 1494 2119 tempore
1510 2083 1578 2119 quo
1593 2082 1676 2106 cata·

0 2137 38 2165 m
54 2125 157 2162 editus
179 2127 240 2170 est,
267 2128 426 2172 collatus,
452 2140 484 2165 at
510 2129 693 2164 multarum
715 2131 881 2164 variarum
902 2127 1086 2162 leelionum
1109 2124 1244 2174 plenus,
1273 2136 1351 2159 cum
1374 2119 1504 2159 scholiis
1520 2123 1675 2159 vberiori—

6 2204 18 2220 ‚
39 2181 94 2228 qui
118 2180 373 2229 comprehendit
388 2182 518 2223 Nubes,
543 2183 670 2223 Ranas,
696 2183 850 2230 Equites,
876 2182 984 2221 Aues,
1008 2173 1230 2212 Acharnenses
1251 2186 1283 2211 et
1305 2185 1435 2225 partem
1459 2176 1674 2211 Concionan.

0 2229 135 2280 alonge
148 2236 323 2269 maiorem.
371 2233 446 2270 Post
460 2232 756 2283 catalogum‘typis
771 2229 955 2282 expressum
972 2233 1005 2265 in
1019 2229 1170 2265 biblioth.
1185 2231 1312 2277 regiam
1329 2227 1435 2263 illatus
1451 2226 1495 2263 est
1512 2226 1587 2264 cod.
1604 2241 1672 2278 quo

0 2283 144 2319 itinentur
159 2286 291 2329 Plutus,
317 2287 445 2327 Nubes,
471 2289 602 2329 Ranae,
628 2297 660 2322 et
675 2289 766 2322 cuius
780 2288 820 2322 V.
833 2287 867 2320 L.
883 2284 996 2319 habuit
1012 2282 1150 2318 Brunck.
1178 2279 1242 2316 vid.
1261 2291 1354 2316 notas
1370 2283 1403 2315 in
1419 2281 1527 2315 Ranas
1550 2294 1582 2330 p.
1603 2293 1670 2324 147.

0 2331 332 2379 dexMMDCCX1X.
349 2339 479 2386 praebet
494 2341 554 2374 viri
572 2337 743 2374 cuiusdam
769 2337 858 2374 docti
883 2347 977 2372 notas
999 2337 1032 2370 in
1048 2333 1272 2382 Aristophanis
1297 2332 1521 2376 Scholiassen,
1546 2333 1598 2368 vbi
1620 2347 1673 2368 va.

8 2383 91 2422 illius
112 2387 185 2426 loca
207 2401 261 2426 aut
281 2387 475 2441 supplentur
495 2403 551 2428 aut
575 2390 805 2428 emendantur.
827 2410 877 2417 —-
905 2391 938 2423 in
961 2386 1034 2425 cod.
1052 2386 1489 2423 MMMMMMDCCXIV.
1507 2385 1550 2420 est
1567 2383 1672 2421 verfio

2 2443 105 2479 'ol-II.
839 2441 890 2477 Bb
905 2441 924 2476 b
1536 2439 1625 2473 actus
1643 2439 1668 2472 1.
