2183 2747
3 170 99 200 vom.
114 179 141 205 Ρ·
155 178 201 204 ⁸⁵0
216 171 239 206 P
253 178 294 204 ²⁵¹
455 172 672 209 ORACVLA
725 172 1024 210 ZOROASTRIS.
1231 174 1306 210 Lib.
1324 176 1350 212 I.
1377 188 1402 211 c.
1412 175 1604 213 XXXVI.
1709 191 1759 225 3¹3

7 267 61 304 bet
81 269 190 304 Ouum
208 268 455 316 Zoroefireum,
483 269 605 306 Mundi
620 281 739 320 typum
755 273 945 311 continens,
973 283 1051 306 cum
1070 271 1164 307 bonis
1180 271 1344 321 malisque
1358 275 1461 320 geniis
1476 275 1543 308 vim
1564 271 1651 309 fuam
1670 289 1757 312 exer.

3 321 151 356 centibus
168 323 199 356 in
217 323 296 358 haec
318 319 483 357 inferiora.
539 323 591 358 Est
614 336 748 372 quoquc
772 326 805 358 in
827 323 976 358 manibus
1001 323 1118 358 inc-dita
1139 327 1236 359 amici
1264 338 1374 359 rerum
1400 327 1514 360 harum
1543 329 1757 376 Paraphralis,

3 370 129 409 scholia
155 385 187 409 er
209 375 434 424 castigatione>
459 377 490 409 in
513 376 656 410 Ora-:ula
684 387 750 410 tam
774 389 812 411 ex
841 375 1005 411 Plethonis
1027 389 1127 424 quam
1146 379 1270 412 Patricii
1294 378 1512 414 collec'lionc.
1541 393 1624 427 quae
1641 379 1756 417 leflori

2 438 74 462 nou
91 425 286 470 inuiderem.
315 426 373 463 nist
389 431 613 477 opportunior
632 427 761 463 occatio
776 425 990 478 exspedlanda
1006 429 1100 476 estet,
1129 443 1192 479 qua
1210 430 1334 465 iuuabit
1351 433 1497 479 integros
1512 431 1665 468 accedere
1682 431 1755 470 son-

1 487 49 514 tes
72 488 169 529 atque
191 481 338 523 haurire,
366 494 404 516 ex
424 481 540 530 quibus
561 480 667 516 hausit
691 484 853 517 Patricius.

3 594 28 620 c
45 556 140 602 '7⁰¹7'
171 558 203 584 da
291 560 332 595 Χ.
357 560 408 595 De
427 557 608 594 chaldaico
627 559 678 595 vel
698 559 824 597 Perfico
849 559 890 596 ad
911 560 1048 597 verbum
1071 559 1223 596 translata
1245 559 1330 607 esse,
1358 576 1442 612 quae
1470 560 1656 611 supersunt,
1685 577 1756 600 ora-

2 595 225 667 Pet-21:¹25?
241 611 334 651 cula,
362 626 431 647 non
448 610 661 659 crediderim,
691 627 796 663 neque
813 607 1023 649 Zoroastren]
1044 617 1221 664 quicquam
1237 617 1386 650 carmine
1402 613 1565 665 scripfiffe,
1592 614 1643 652 sed
1662 615 1755 666 prosa

2 673 186 708 latas-erint.
245 678 355 704 mera,
384 664 539 700 audac‘str
561 663 707 700 affirmat
728 667 807 700 Tho.
826 666 923 713 Hyde
947 679 979 715 p.
996 677 1071 710 340.
1097 680 1205 716 neque
1229 666 1315 703 adeo
1337 670 1523 716 genuinum
1546 666 1608 704 esse
1628 671 1755 704 Zoraa-

0 717 78 766 stris
94 716 225 754 foetum
242 717 392 753 existimo
409 715 468 763 '¹);
496 727 526 752 at
539 716 630 767 quod
646 717 686 753 de
703 719 900 754 Hermeticis
918 715 1011 767 supra
1028 732 1067 754 ex
1082 719 1268 756 Iamblicho
1291 718 1483 764 obseruaui,
1514 721 1630 756 indicia
1653 733 1683 758 et
1707 736 1755 757 ar-

0 783 164 820 gumenta
181 774 212 806 in
233 770 293 805 illis
310 783 483 806 occurrere
498 772 720 819 Aegyptiacae
733 774 847 806 veteris
863 768 1113 820 Philosophiae,
1141 770 1183 806 sic
1204 782 1236 808 et
1253 775 1285 807 in
1301 775 1352 807 his
1367 783 1462 808 notas
1475 787 1513 808 ac
1529 774 1660 824 vestigia
1678 774 1755 811 late-

2 837 38 859 re
62 821 294 872 Philosophiae
318 821 502 872 priscorum
523 823 745 859 Orientalium
767 837 836 859 non
858 824 898 858 ab
922 837 955 859 re
979 825 1049 873 quis
1071 822 1127 858 fibi
1153 821 1354 874 persuaserit.
1418 825 1597 862 Zoroassris
1620 827 1753 863 oracula

3 874 183 912 chaldaice
199 873 315 925 scripta
337 873 366 910 se
383 873 526 910 habuiss'e
544 877 656 911 Ficino
676 876 786 912 retulit
803 877 958 910 lohannes
973 876 1076 911 Picus
1085 872 1144 918 ff),
1173 881 1205 911 in
1222 879 1358 923 quibus,
1386 880 1510 928 inquit,
1539 887 1569 913 et
1594 880 1650 914 illa
1677 893 1754 928 quo.

2 941 82 975 que,
107 941 186 975 quae
199 929 289 975 apud
304 928 447 963 Graecos
461 927 609 975 mmdosa
625 936 655 962 et
672 929 787 963 mutila
802 929 1096 975 circmnfsruntur,
1125 930 1280 973 leguntur
1295 932 1426 977 integra
1443 938 1474 965 ct
1489 931 1636 978 absoluta
1647 960 1656 974 ,
1685 940 1753 967 tum

3 980 45 1028 est
70 983 103 1015 in
125 982 182 1015 illa
197 981 432 1017 Chaldaeorum
447 980 634 1026 fizpicntum
658 982 766 1016 breuis
783 981 908 1028 quidem
931 988 959 1016 et
973 980 1140 1027 fizlzbrosa
1153 981 1216 1028 fici
1225 981 1325 1026 plena
1340 981 1499 1028 mysteriis
1516 985 1753 1029 interpretatio.

3 1031 65 1068 Sed
83 1031 210 1069 videtur
225 1036 272 1068 vir
291 1030 440 1068 summus
455 1033 535 1067 haec
551 1035 658 1081 potius
674 1047 714 1068 ex
729 1035 917 1069 coniectura
934 1043 992 1068 aut·
1002 1032 1170 1068 vendentis
1186 1033 1500 1077 commendatione,
1529 1049 1628 1085 quam
1654 1037 1753 1074 veluti

3 1085 103 1122 iustus
123 1097 153 1122 et
173 1085 357 1135 intelligens
373 1086 491 1120 arbiter
507 1083 755 1134 pronunciaffe‚
782 1088 858 1135 quia
887 1088 918 1120 in
941 1083 1057 1120 cadem
1079 1085 1221 1135 Epissoia
1241 1084 1349 1129 addit,
1378 1084 1410 1122 se
1429 1086 1568 1123 demum
1592 1091 1656 1124 iam
1679 1104 1753 1126 coe-

2 1136 103 1188 pisse,
128 1136 157 1174 se
172 1137 213 1173 ad
233 1138 388 1173 Arabicae
403 1149 434 1173 et
448 1135 644 1172 Chaldaicae
660 1137 794 1187 linguae
813 1137 955 1173 studium
971 1135 1135 1173 conferre.
1190 1140 1250 1180 Et,
1280 1139 1375 1174 Deus
1390 1141 1486 1183 bone,
1511 1143 1632 1190 inquit,
1660 1155 1753 1189 quam

2 1192 256 1238 Pythagoricae,
284 1203 378 1237 quam
388 1191 482 1235 plina
494 1189 675 1235 prist-orum
691 1192 880 1237 dogmatum
894 1197 923 1224 et
932 1190 1118 1237 secretioris
1135 1190 1336 1237 dist-iplinae!
1364 1193 1479 1242 inucfit
1482 1192 1598 1240 statim
1614 1197 1751 1230 animam

2 1243 113 1289 efficax
129 1251 256 1286 votum,
280 1241 363 1290 prffi
381 1244 453 1277 haec
466 1254 524 1287 per
540 1254 587 1276 me
601 1239 717 1289 absque
732 1245 907 1288 interprete
921 1243 1067 1277 euoluere
1083 1249 1113 1276 et
1127 1243 1347 1289 persi-matari,
1375 1251 1472 1291 atque
1493 1246 1549 1280 lzoc
1572 1258 1656 1281 nunc
1677 1259 1751 1295 ago,

2 1298 59 1331 hoc
74 1295 242 1343 indesqffiM
255 1294 577 1341 affiduurquesaxum
594 1294 702 1330 voluo.
757 1297 869 1344 Ergo,
895 1293 978 1330 dum
1003 1295 1085 1329 haec
1107 1293 1147 1329 ad
1166 1296 1315 1330 Ficinum
1337 1293 1480 1346 scripsit,
1507 1297 1660 1334 nondum
1683 1300 1751 1334 abs-

1 1361 67 1398 que
84 1351 258 1396 interprete
272 1346 428 1383 euoluere
444 1345 500 1380 illa
517 1349 636 1396 potuit.
688 1349 808 1383 Narrat
824 1345 898 1382 sane
913 1349 1060 1393 ficinus,
1088 1346 1161 1397 post
1177 1349 1240 1382 Pici
1259 1358 1405 1383 mortem
1426 1352 1509 1385 inter
1526 1353 1593 1385 eius
1618 1349 1751 1401 scripto-

1 1413 77 1436 rum
95 1399 247 1449 reliquias
261 1409 409 1449 repertos
426 1395 488 1434 esse
503 1398 603 1434 libros
621 1398 697 1435 illos
711 1398 912 1436 Chaldaicos
927 1403 1011 1445 (non
1029 1403 1291 1436 commentarios
1309 1402 1372 1436 Pici
1390 1404 1423 1436 in
1445 1402 1597 1445 oracula,
1621 1414 1655 1439 vt
1677 1402 1750 1439 scri-

0 1453 46 1489 bit
62 1453 255 1488 Lambecius
269 1467 300 1502 p.
320 1456 408 1499 91.)‚
434 1449 487 1487 sed
508 1454 549 1486 ita
567 1450 703 1488 detritos
719 1452 873 1503 letstuque
895 1451 1062 1494 difficiles,
1089 1463 1123 1487 vt
1144 1455 1197 1487 vix
1222 1453 1261 1488 ab
1286 1449 1357 1502 ipso
1383 1455 1460 1489 Pico
1483 1453 1547 1503 legi
1570 1459 1748 1504 potuerint,

0 1518 108 1555 neque
124 1507 281 1542 haetenus
298 1507 490 1554 quisquam,
517 1506 572 1547 qui
589 1503 645 1539 illa
661 1505 726 1541 luci
743 1505 892 1555 publicae
911 1515 1107 1555 exponeret,
1134 1502 1197 1540 fuit
1217 1516 1374 1554 repertus,
1426 1506 1606 1543 zoroastris
1635 1522 1750 1545 oracu-

0 1557 72 1595 lum
89 1560 362 1594 commentitium
378 1556 419 1593 de
446 1569 610 1592 cnmsro
631 1570 649 1593 e
671 1561 799 1607 virgine
819 1555 986 1595 nascituro
1002 1569 1033 1594 et
1048 1560 1235 1608 apparitura
1254 1558 1345 1594 stella
1365 1555 1488 1596 referet
1503 1559 1750 1608 Abulpharaius

0 1624 32 1662 p·
49 1622 97 1657 54-
126 1610 183 1658 Ur]

21 1688 170 1715 onustam
224 1689 280 1725 XI.
308 1690 451 1727 Graecae
467 1690 680 1728 colleffiones
705 1689 920 1728 oraculorum
942 1688 1203 1726 Chaldaicorum
1226 1702 1296 1724 non
1312 1702 1395 1724 vnae
1412 1686 1506 1725 fuisse
1520 1689 1690 1734 videntur,
1716 1701 1749 1727 et

3 1728 128 1763 mango.
183 1738 271 1778 forte
286 1742 402 1779 eadem
418 1757 465 1779 res
478 1759 496 1779 a
511 1747 606 1779 variis
622 1746 709 1779 varie
723 1741 880 1793 expressa.
935 1745 1096 1781 Iulianum
1111 1753 1222 1778 autem
1249 1741 1436 1787 lecurgum
1453 1740 1521 1788 ³³),
1547 1745 1601 1792 qui
1622 1741 1678 1778 sub
1696 1743 1747 1778 M.

0 1797 176 1831 Antonino
191 1793 323 1837 floruit,
351 1806 382 1831 et
398 1799 489 1831 cuius
513 1792 694 1848 Θεεςνγικαξ
715 1793 889 1837 Tenes-moi
903 1793 952 1826 ¹¹¹¹)
974 1792 1084 1842 λα”γωι
1107 1790 1145 1833 δι’
1169 1795 1257 1833 ἒπῶγ
1282 1803 1449 1829 memorat
1470 1793 1602 1837 Suidas‚
1637 1792 1746 1831 solum

0 1848 173 1882 auctorem
191 1857 222 1881 et
238 1844 469 1884 fabricatorem
489 1846 582 1884 suiss'e
602 1851 701 1885 totius
717 1847 864 1891 fabulae,
892 1845 1066 1898 ipsumque
1087 1847 1219 1883 oracula
1241 1846 1296 1881 ista
1321 1849 1469 1895 primum
1495 1845 1688 1883 confinxisse
1709 1861 1746 1882 ac

0 1910 235 1935 commentum
251 1896 333 1934 esse«
357 1913 441 1949 quae
460 1901 637 1944 habemus,
666 1915 736 1937 non
751 1899 848 1936 facile
863 1901 1040 1936 Lambecio
1056 1914 1089 1949 p.
1105 1913 1154 1946 93.
1173 1912 1216 1935 12.
1233 1907 1294 1939 ¹18-
1311 1897 1477 1939 accredet‚
1501 1902 1556 1948 qui
1575 1897 1662 1942 sciat,
1689 1898 1745 1939 Λὸ.

0 1967 67 1999 ’για
81 1950 261 1987 zoroastris
277 1952 342 1986 iam
359 1951 483 1987 laudari
500 1966 518 1987 a
534 1953 678 1989 Nicolao
695 1951 906 1989 Damasceno
920 1955 952 1988 in
970 1955 1138 2002 Excerptis
1155 1948 1359 1987 Peirescianis
1379 1963 1410 1998 p.
1426 1955 1500 1994 461.
1527 1961 1596 1986 tum
1623 1955 1679 2002 qui
1701 1955 1744 1987 vi-

0 2004 95 2047 deat,
120 2003 237 2039 Iuliani
257 2002 343 2038 istius
361 2001 474 2052 scripta
487 2006 698 2053 Porphyrio‚
726 2005 847 2041 Proclo
864 2016 896 2041 et
911 2005 980 2040 aliis
997 2005 1170 2041 Platonicis
1193 2003 1296 2054 probe
1320 2000 1414 2052 fuisse
1431 2006 1579 2052 cognita,
1606 2004 1745 2040 oraculis

0 2070 98 2099 vero,
124 2055 165 2093 de
183 2056 299 2107 quibus
313 2054 400 2099 dixi,
424 2056 532 2107 longe
553 2060 717 2094 maiorem
743 2059 976 2094 auctoritatem
1000 2056 1088 2108 apud
1113 2056 1188 2093 illos
1210 2054 1358 2092 constare
1373 2053 1420 2093 ¹¹).
1472 2059 1578 2105 Igitur
1594 2058 1744 2092 Iulianus

1687 2109 1743 2145 iste

44 2199 90 2234 et)
105 2195 191 2227 Vnde
209 2195 344 2228 Huetn'us
358 2197 544 2227 Zoroastrum
558 2203 645 2228 vocat
665 2196 756 2227 modo
772 2199 843 2226 Ψιυ-
942 2193 998 2232 hh)
1036 2198 1191 2237 Pei-peram
1203 2218 1212 2231 ,
1246 2196 1276 2225 ni
1303 2193 1409 2231 fallor,
1432 2195 1619 2226 'Lambecius
1640 2202 1669 2225 et
1691 2195 1742 2226 alii

0 2236 133 2276 δι’ννμω,
156 2239 248 2270 modo
270 2239 299 2270 su
324 2241 501 2281 pofititiunn
524 2242 641 2279 Qaest.
655 2240 721 2271 Aln.
741 2240 792 2271 lib.
807 2243 843 2271 11.
899 2246 1048 2280 tamquam
1076 2242 1130 2269 tria
1162 2238 1294 2268 distin&
1315 2238 1420 2280 scripta
1442 2238 1549 2269 Iuliani
1577 2247 1742 2269 memorant

0 2294 26 2314 t.
42 2294 68 2314 2.
85 2283 110 2324 ᾗ.
127 2290 152 2314 1.
169 2292 197 2314 et
213 2294 241 2319 4.
257 2292 286 2313 et
301 2319 307 2323 Ι
319 2307 325 2312 .
342 2286 390 2314 xl.
405 2283 710 2314 Pseudozoroastrum.
755 2286 800 2315 Sic
817 2292 845 2315 et
899 2282 1056 2322 Θεεργικιὶ,
1087 2281 1228 2310 ‘schema'
1247 2290 1276 2312 et
1297 2280 1394 2317 Ao'ym.

0 2326 167 2360 Prideaux
185 2328 257 2357 Hist.
272 2329 308 2357 V.
325 2329 367 2357 Τ.
383 2336 455 2357 tom.
471 2330 492 2358 1.
509 2338 537 2369 p.
555 2337 616 2364 ²9¹-
645 2327 756 2359 Heum.
943 2327 978 2362 ii)
1002 2328 1198 2366 Nequaquam
1221 2323 1378 2366 spernenda
1394 2323 1476 2360 sunt,
1499 2334 1574 2366 quae
1596 2324 1672 2355 hisce
1695 2337 1739 2356 ar-

0 2378 17 2385 ”
38 2369 89 2413 ff)
113 2373 146 2402 In
163 2370 291 2412 Epistola
312 2370 348 2401 ad
369 2373 499 2401 Ficinum
515 2370 637 2413 scripta,
659 2381 735 2413 quae
755 2372 846 2402 exstat
900 2371 1045 2409 gumentis
1071 2371 1197 2410 opponit
1218 2368 1368 2399 Moshem.
1390 2368 1427 2398 ad
1452 2368 1629 2399 Cudmorlh.
1658 2371 1699 2400 T.
1718 2372 1738 2399 Ι.

0 2413 195 2456 inOperibns
217 2415 354 2445 Iohannis
375 2417 432 2445 Pici
451 2426 479 2456 p.
497 2424 566 2451 249.
900 2424 928 2455 p.
950 2423 1017 2448 434.
1041 2419 1101 2442 not.
1122 2416 1166 2453 (q)
1193 2411 1228 2441 sc.
1249 2423 1307 2442 non
1333 2413 1480 2448 constare,
1510 2423 1579 2442 num
1601 2412 1738 2448 Oracula,

2 2465 8 2472 ·
43 2464 105 2498 gg)
128 2460 172 2488 De
188 2458 244 2487 hoc
259 2457 390 2495 Iuliano,
414 2470 442 2488 v.
457 2457 627 2489 Holstenius
646 2459 759 2490 inVitn
775 2460 844 2489 Por·
899 2467 974 2498 quae
1001 2454 1194 2486 Damascenus
1220 2454 1336 2491 laudat,
1373 2455 1443 2485 haec
1469 2455 1527 2496 ipsa
1555 2456 1626 2492 fint,
1664 2467 1738 2497 quae

0 2499 99 2543 fliyrii
122 2512 184 2543 cap.
199 2502 234 2531 X.
253 2512 281 2543 p.
298 2511 365 2540 ²72-
394 2501 506 2534 Heum.
898 2510 974 2530 nunc
996 2498 1259 2535 &retunsa-utimr,
1280 2506 1392 2530 certum
1411 2497 1467 2529 esse
1487 2498 1627 2539 quidem,
1655 2510 1671 2528 a
1694 2502 1739 2529 lu-

45 2553 117 2585 Vol.
133 2552 160 2585 I.
951 2545 980 2579 R
989 2557 1005 2578 r
1657 2542 1738 2573 liano
