2183 2747
18 744 21 768 ‚¹
64 735 96 763 4.
119 734 184 766 pag.
200 735 243 761 9¹·

18 988 19 992 ¹
63 991 140 1020 tion.

599 138 791 177 ORPHEV
791 139 822 175 S.

1007 137 1082 174 Lib.
1098 138 1128 174 I.
1147 150 1170 174 c.
1188 136 1345 175 XVIII.
1786 154 1843 187 ¹4¹

19 279 22 288 ‚
66 236 201 278 ‹exuiffe
224 236 398 275 contendit
423 236 583 274 Clemens
600 236 693 275 Alex.
721 237 789 274 Lib.
810 237 852 271 V.
875 235 999 272 Strom.
1017 249 1049 286 p.
1068 238 1139 277 618.
1191 235 1377 273 Historiam
1400 236 1527 287 Orphei
1549 246 1580 272 et
1602 232 1729 273 Musaei
1754 237 1838 273 olim

18 345 22 380 Ξ
67 369 183 403 Valerii
205 368 303 400 Flacci
324 368 494 411 praemiss'o.
526 384 570 394 -
616 369 774 408 [Meiurrs
789 371 825 399 V.
841 370 874 399 C.
892 368 923 398 iu

6 413 22 451 s
65 415 201 446 Historia
219 415 314 444 doctr.
332 413 368 444 de
383 425 445 444 vno
462 423 536 444 vcro
553 413 612 444 deo
627 425 654 455 p.
668 421 722 448 158-
740 411 770 444 ss.
784 429 826 435 -—
843 411 879 443 de
898 411 925 442 la

17 465 21 478 ²
55 460 157 490 'Bari-e
183 457 512 497 Religionsgeschichte
534 469 595 488 von
619 455 867 493 Gricchenland‚
891 458 924 487 in

18 503 21 538 ἔ
53 503 127 534 'den
142 503 219 533 Abh.
239 502 300 532 und
326 505 484 541 Ausziigen
508 502 563 533 der
579 505 643 532 Par.
662 503 750 532 Acad.
769 502 798 532 d.
814 501 925 532 Inschr.

18 556 19 561 ¹
58 548 325 588 Gr.A.T.1.p.19;
336 557 447 577 ——222.
460 558 528 577 cum
539 546 762 583 obsti-{cyniiq
777 548 926 582 Marmor,

18 588 22 635 ξ
56 592 251 633 ,Orpheuina
261 591 478 622 Beicchantibus
490 590 672 632 discerptum
690 589 926 632 repraesentans,

66 634 251 666 estinlibro:
266 636 437 666 Marmora
453 634 651 676 Taurinetqsin
667 635 926 665 diss'ertationibus

18 702 21 711 i
64 688 96 710 et
105 678 352 710 notisillustmta:
376 681 452 710 Part.
469 681 830 719 ³..3Augustae'ram-inor.
848 690 927 718 1743-

291 724 397 754 Editor
429 724 542 755 udiccit
571 723 760 760 Constantini
781 723 928 763 [mscaris

64 768 284 811 prolegomena
310 767 347 798 ad
377 769 556 810 Orpheum,
591 773 778 804 (memorata
801 778 927 809 quoque

19 822 21 824 ’
63 815 98 843 in
116 811 262 852 catalogo
276 813 477 843 Taurinensis
500 811 644 842 biblioth.
659 821 732 842 tom.
751 823 770 842 1.
788 822 854 853 pag.
866 823 927 851 375.

18 871 21 890 t
63 855 120 888 sol.
141 862 224 895 ¹09·)
245 867 261 886 a
283 867 348 898 pag.
366 867 513 893 ,οη-104.
537 866 628 896 atque
651 866 666 885 a
688 866 753 898 pag.
772 864 926 893 105-118.

64 900 212 943 explicuit
239 900 327 930 illum
359 899 489 930 Lascaris
522 899 662 930 libellum
689 899 811 936 leuem,
841 899 926 940 (lege

18 947 19 951 ’
64 945 192 987 chfileri
213 945 363 974 iudicium
385 946 417 974 in
442 943 633 986 praefatione
658 945 695 975 ad
723 946 841 986 Orphei
865 945 927 975 edi-

165 998 231 1030 pag.
254 990 326 1022 IX.)
357 990 513 1029 vitamque
538 990 665 1030 Orphei.
700 1004 739 1012 -—
784 989 812 1020 I.
837 989 927 1020 Mat-

18 1032 21 1038 “
63 1032 149 1065 thiae
166 1031 291 1074 Grsneri
308 1032 536 1072 prolegomena
555 1031 711 1072 Orphica,
735 1034 800 1063 eins
818 1032 927 1063 editio-

18 1089 20 1094 *
64 1079 98 1107 ni
122 1075 281 1118 praemissa
295 1085 311 1104 a
327 1086 392 1117 pag.
410 1078 496 1106 XVII
511 1093 546 1099 —
560 1077 700 1107 XXVIII.
723 1093 766 1099 —
800 1076 927 1108 &oma-

18 1140 20 1150 i
63 1122 171 1157 ziani,
197 1119 283 1150 Della
305 1121 407 1150 histor.
431 1131 447 1150 e
471 1118 551 1150 della
566 1119 672 1150 indole
693 1121 725 1151 di
749 1123 822 1160 ogni
847 1119 926 1151 Filo-

64 1164 136 1195 sofia
153 1173 207 1195 ete.
229 1162 298 1194 vol!
311 1166 348 1194 11.
371 1163 418 1193 ed.
437 1167 547 1194 Venet.
576 1171 653 1202 1782.
678 1174 742 1206 cap.
757 1167 839 1195 XVI.
858 1174 924 1206 pag.

65 1221 91 1246 3.
107 1207 167 1250 sqq.
187 1225 229 1230 —
275 1208 479 1250 Copiosissime
502 1216 531 1238 et
554 1206 718 1247 diligenter
740 1209 924 1250 eruditeque

64 1251 101 1284 cl.
122 1251 300 1284 Dietericus
318 1252 348 1284 Τ
345 1252 526 1289 icdemann,
554 1254 584 1282 in
609 1251 757 1294 praesenti
774 1252 925 1283 Professor

62 1296 304 1334 Marburgenfis,
330 1298 378 1326 in:
424 1295 666 1327 Griechenlands
693 1298 768 1328 erste
789 1296 924 1327 Philoso-

16 1353 19 1364 ι
57 1340 164 1381 phen,
192 1340 268 1370 oder
298 1341 402 1371 Leben
431 1341 493 1371 und
519 1341 650 1376 systeme
680 1341 731 1371 des
761 1343 923 1383 Orpheus,

17 1379 20 1407 Ῐ
59 1384 267 1421 Pherecydes,
291 1384 408 1415 Thales
424 1385 485 1415 und
498 1386 691 1424 Pythagoras.
715 1387 923 1428 Lipfiae1780.

18 1426 19 1439 ³
61 1438 129 1470 pag.
146 1438 273 1458 2—100.
306 1446 350 1452 —-
395 1429 556 1469 Fraguier
582 1429 619 1460 de
648 1431 711 1460 vita
744 1431 863 1472 Orphei
889 1432 921 1460 in

18 1479 19 1486 ¹
61 1475 193 1503 Memor.
209 1473 292 1502 acad.
303 1472 391 1504 Paris.
415 1473 552 1515 Inscript.
568 1483 640 1504 tom.
651 1477 687 1504 V.
705 1484 770 1516 paz.
784 1484 841 1514 117.
857 1473 920 1515 sqq.

18 1529 19 1537 ¹
62 1518 107 1547 De
124 1519 187 1546 eins
211 1516 403 1559 philosophia
427 1529 456 1547 v.
479 1518 646 1560 Augustini.
667 1518 835 1550 Steuclmm
858 1519 922 1550 Eu-

59 1560 213 1601 gubinum
244 1562 280 1591 de
301 1564 430 1603 perenni
451 1560 642 1603 philosophia
666 1561 719 1592 lib.
736 1572 763 1601 7.
790 1573 852 1604 cap.
879 1574 921 1594 ιο.

63 1612 92 1634 et
114 1614 276 1635 comment.
293 1606 318 1637 l,
335 1606 389 1637 fr.
405 1606 529 1637 Buddez'
554 1608 586 1636 in
610 1606 780 1637 Obseruatt.
802 1605 921 1637 seleeta-

61 1659 131 1679 rum
154 1649 191 1679 ad
206 1659 270 1679 rem
285 1648 450 1680 litei-ariam
467 1649 666 1692 speetantium
688 1650 749 1681 vol.
768 1653 819 1681 VI.
836 1662 864 1681 11.
875 1660 921 1689 29.

61 1704 91 1735 p.
110 1702 175 1732 307.
197 1692 260 1734 sqq.
282 1711 327 1716 —
367 1693 506 1726 Foucher
534 1695 567 1724 in
597 1697 727 1725 Memor.
748 1695 831 1725 acad.
857 1698 922 1726 Par.

60 1736 153 1768 Inscr.
175 1736 238 1768 vol.
254 1740 377 1768 XXXV.
395 1748 480 1777 1770.
501 1748 569 1780 pag.
589 1748 635 1777 75.
657 1738 720 1780 sqq.
744 1754 787 1762 -——
831 1741 921 1770 Deni-

18 1779 19 1785 ’
61 1784 189 1822 quein:
225 1781 417 1824 De'scription
440 1783 492 1812 des
508 1781 694 1825 principales
720 1785 835 1825 pierres
856 1794 921 1822 gra-

18 1856 19 1859 ,
62 1825 132 1856 ve'es
154 1825 195 1855 du
211 1827 339 1856 Cabinet
361 1827 398 1856 de
420 1829 447 1857 S.
463 1829 498 1857 A.
515 1829 540 1857 S.
563 1826 781 1867 Monseigneur
807 1827 834 1857 le
856 1830 921 1858 Duc

61 1868 246 1905 d‘Orleans,
277 1877 358 1900 tome
374 1873 413 1900 11.
436 1870 452 1901 ὁ
478 1870 568 1901 Paris.
594 1878 676 1910 1784.
693 1870 747 1901 fol.
769 1882 814 1901 nr.
837 1883 859 1902 1.
881 1874 923 1902 est

59 1923 180 1953 gemma
202 1911 339 1952 elegans,
362 1914 534 1950 Eurydicen
550 1916 582 1944 in
603 1923 684 1946 terra
706 1914 858 1946 sedentem
876 1927 921 1945 re-

60 1956 274 1999 praesentans,
306 1959 338 1987 in
363 1960 447 1988 euius
479 1959 665 2000 expositione
688 1959 820 1990 editores
837 1982 846 1996 ,
885 1961 922 1992 de

59 2004 93 2032 la
115 2001 203 2033 Chau
226 2010 255 2031 et
275 2002 301 2032 le
319 2001 443 2038 Blond,
475 2003 512 2032 de
534 2003 684 2038 Eurydice
705 2013 799 2045 pauca
825 2014 921 2045 eaque

59 2053 132 2076 nota
153 2055 291 2079 narrant;
314 2056 350 2075 eo
372 2045 460 2087 plura
481 2046 518 2076 de
543 2049 606 2077 eius
629 2050 757 2084 marito,
782 2049 920 2090 Orpheo,

61 2091 146 2119 euius
169 2098 262 2120 totam
284 2090 440 2120 historiam
467 2099 513 2127 et,
538 2101 749 2133 quaecumque
764 2090 812 2122 illi
826 2092 920 2123 adfin-

59 2142 194 2172 guntur,
224 2136 350 2163 inuenta
371 2135 435 2175 post
460 2134 536 2165 alios
560 2136 751 2166 contendunt
776 2135 919 2175 allegori-

60 2187 125 2208 cam
146 2176 203 2208 esse
221 2176 374 2214 fabulam,
393 2181 479 2209 cuius
496 2180 619 2210 fiftione
635 2182 794 2218 inuentio,
818 2183 919 2211 incre-

16 2253 17 2260 *
59 2230 161 2252 menta
194 2230 223 2252 et
253 2221 402 2263 perfec'lio
423 2225 534 2253 artium
564 2223 768 2255 declarentur.
829 2226 918 2255 Ratio

16 2261 17 2269 ¹
59 2275 154 2302 vero,
175 2275 267 2306 quam
289 2265 449 2303 adferunt,
474 2269 505 2297 in
522 2279 583 2299 vno
598 2269 723 2298 homine
745 2271 848 2299 omnia
864 2268 918 2299 illa

16 2307 17 2342 ἶ
59 2310 222 2346 attributa,
247 2312 376 2340 virtutes
400 2318 430 2341 et
451 2310 672 2352 perfeffiones‚
695 2322 773 2354 quae
797 2311 843 2342 illi
868 2313 918 2343 ad-

61 2354 236 2392 finguntur,
259 2353 352 2384 inesse
373 2365 435 2384 non
457 2355 555 2396 posse,
578 2366 656 2386 vana
680 2358 721 2386 est
746 2364 837 2398 atque
855 2358 919 2387 ina·

59 2399 122 2428 nis:
159 2407 228 2428 nam
257 2399 400 2428 omnibns
425 2400 576 2434 mythicae
603 2403 709 2432 aetatis
739 2401 918 2431 hominibus

16 2443 17 2448 ¹
58 2450 186 2483 poetae,
205 2451 357 2479 oratores,
381 2451 411 2472 et
425 2453 605 2475 arcanorum
619 2446 821 2487 interpretes,
845 2456 917 2475 cun-

14 2489 17 2519 ἒ
59 2485 124 2523 ἃᾶ,
148 2495 225 2527 quae
249 2485 311 2518 dici
331 2487 470 2529 fingique
495 2487 628 2531 possunt,
650 2491 705 2523 vni
724 2489 914 2529 adtribuere,

1710 287 1840 341 seripse-

978 369 1011 398 in
1034 378 1192 409 vnumque
1221 366 1364 398 conferre
1395 367 1570 399 siieucrunt.
1593 383 1646 392 -—-
1691 366 1740 398 Illi
1764 379 1839 398 vero

980 414 1040 443 viri
1070 412 1153 443 (1οᾶὶί
1181 414 1279 443 otium
1313 413 1402 442 nobis
1437 412 1587 442 fecerunt.
1635 411 1841 444 Heumannus

981 455 1110 498 exempli
1135 456 1179 486 sui
1202 459 1333 496 margini
1357 457 1455 487 adhuc
1472 455 1684 498 adscripscrat:
1724 458 1768 486 De
1785 458 1842 487 Or-

981 502 1061 544 pheo
1090 501 1161 532 vicie
1184 500 1308 533 Buddei
1337 501 1448 532 Histor.
1479 500 1582 532 eccles.
1606 505 1643 531 V.
1660 502 1702 531 T.
1727 509 1801 531 toni.
1818 504 1839 531 1.

982 556 1048 588 pag.
1066 554 1147 582 1023.
1163 543 1226 587 sqq.
1258 544 1407 588 Bafimge
1429 547 1495 576 hist.
1512 546 1578 576 Iud.
1595 544 1648 576 lib.
1666 557 1688 582 3.
1710 555 1773 587 cap.
1793 555 1840 575 20.

982 589 1007 632 §.
1025 602 1048 627 3.
1097 591 1215 632 Orphei
1231 589 1358 628 figuram
1375 591 1405 620 in
1423 601 1550 620 nummo
1565 591 1687 620 exhibet
1702 590 1840 621 Gronou.

981 635 1019 665 ad
1039 633 1150 665 Melam
1172 636 1209 665 11.
1224 645 1251 664 2.
1276 635 1312 664 de
1335 638 1431 676 patria
1447 636 1564 676 Orphei
1586 646 1614 666 v.
1638 633 1714 664 Plin.
1732 637 1784 664 IV.
1804 644 1839 664 11.

983 679 1140 720 Orpheum
1158 689 1283 718 graecae
1303 678 1524 720 superstitionis
1542 688 1656 720 patrem
1681 678 1754 708 facit
1779 679 1841 710 Eu-

974 722 1078 766 sebius
1096 726 1120 754 Ι.
1138 727 1227 762 6.·17.
1249 724 1299 753 fin.
1324 725 1375 754 vbi
1398 723 1504 754 confer
1527 725 1633 762 Vigeri
1654 732 1748 753 notas.
1796 725 1843 752 De

981 776 1078 798 aetate
1099 769 1216 809 Orphei
1246 778 1307 798 non
1337 770 1485 798 conuenit
1513 770 1593 798 inter
1621 766 1840 807 chronologiae

982 812 1167 843 conditores.
1213 812 1409 854 Expeditioni
1438 815 1682 852 Argonautarum
1708 814 1738 842 in
1769 811 1840 842 Col-

982 857 1102 887 chidem
1114 879 1123 892 ,
1146 865 1237 898 quam
1252 856 1372 899 Simsbn
1390 859 1422 887 in
1439 858 1593 887 Chronico
1609 855 1768 887 catholico
1783 854 1840 886 col.

982 911 1052 938 244.
1075 900 1185 931 adserit
1208 903 1240 931 A.
1257 903 1298 930 M.
1316 911 1400 939 2743.
1422 911 1492 932 ante
1509 902 1660 931 Christum
1682 906 1761 931 1263.
1784 903 1840 931 Ge-

985 945 1091 975 deonis
1110 947 1175 975 XV.
1198 944 1367 975 interfuisse
1389 944 1498 982 illum,
1529 947 1653 976 testatur
1676 947 1841 985 antiquitas

982 998 1012 1019 et
1034 989 1107 1019 fides
1130 988 1265 1030 plurium
1288 988 1483 1030 scriptorum.
1535 991 1618 1020 Vixit
1648 992 1742 1028 igitui-
1770 998 1840 1018 ante

979 1032 1096 1063 bellum
1113 1034 1289 1063 Troianum
1301 1056 1309 1070 ,
1335 1035 1420 1064 cuius
1440 1045 1515 1064 vero
1532 1036 1656 1064 initium
1672 1032 1725 1063 alii
1751 1032 1840 1063 aliter

980 1077 1136 1116 designare
1159 1076 1272 1108 solent:
1296 1077 1369 1108 vide
1385 1080 1487 1108 virum
1505 1078 1628 1108 doehnn
1643 1079 1674 1108 in
1693 1080 1840 1108 Marmor.

979 1122 1222 1151 Taurinenfibus
1238 1129 1294 1152 etc.
1315 1132 1381 1164 pag.
1399 1132 1461 1161 10‘7·
1484 1121 1648 1154 secundum
1671 1124 1756 1152 cuius
1777 1121 1841 1152 sen-

978 1167 1105 1196 tentiani
1132 1175 1217 1196 natus
1248 1167 1287 1196 est
1316 1167 1457 1208 Orpheus
1487 1177 1568 1196 anno
1596 1168 1745 1197 LXXVII.
1770 1174 1839 1196 ante

978 1211 1102 1239 initium
1129 1208 1204 1240 belli
1229 1212 1374 1240 Troiani.
1442 1211 1613 1241 Secundum
1642 1210 1841 1241 Lambecium

978 1264 1044 1296 pag.
1062 1258 1121 1287 1653.
1166 1254 1328 1284 Prodromi
1349 1256 1453 1285 floruit
1476 1256 1616 1296 Orpheus
1637 1256 1761 1293 triginta
1783 1256 1839 1284 cir-

978 1300 1055 1329 citer
1079 1296 1130 1328 vel
1151 1298 1353 1339 quadraginta
1373 1307 1442 1329 ante
1458 1298 1574 1329 bellum
1596 1300 1773 1329 Troianum
1788 1307 1838 1328 an-

978 1344 1041 1372 nis:
1065 1340 1185 1372 saeculo
1207 1344 1289 1372 XIII.
1307 1350 1376 1372 ante
1392 1344 1563 1379 Christum,
1587 1353 1679 1383 quein
1702 1342 1839 1383 sequitur

980 1385 1169 1418 Tiea'emann
1185 1396 1252 1427 pag.
1274 1397 1310 1416 11.
1333 1386 1439 1416 addito
1465 1389 1497 1416 A.
1516 1389 1557 1417 M.
1573 1397 1657 1425 2737.
1701 1390 1736 1417 In
1757 1397 1838 1417 anno

978 1432 1090 1461 DCCL.
1112 1430 1149 1459 ab
1171 1431 1322 1460 Abraamo
1352 1429 1481 1460 collocat
1505 1433 1570 1460 eius
1598 1438 1726 1462 aetatem
1749 1429 1839 1472 Eusc-

977 1474 1047 1505 hius
1069 1476 1101 1503 in
1123 1474 1296 1510 Chronico,
1334 1476 1526 1510 Hieronymo
1551 1477 1736 1516 interprete,
1771 1485 1838 1516 pag.

976 1523 1039 1549 261.
1062 1526 1135 1548 tom.
1161 1520 1243 1548 VIII.
1271 1526 1347 1559 part.
1371 1521 1394 1548 1.
1442 1521 1580 1560 Operum
1611 1521 1795 1554 Hieronymi
1821 1529 1839 1548 a

976 1562 1141 1595 Domina-o
1154 1562 1308 1603 l'allcnjss'o
1317 1572 1504 1599 curatorum,
1514 1563 1586 1593 edit.
1598 1566 1705 1594 Venet.
1718 1567 1839 1601 1769.4.

976 1608 1062 1636 cuius
1085 1614 1189 1636 notam
1213 1605 1368 1639 conferes;
1389 1608 1413 1636 is
1430 1617 1505 1636 vero
1521 1609 1608 1637 inter
1621 1606 1680 1637 alia
1702 1607 1839 1643 adnotat,

979 1650 1016 1681 de
1040 1650 1206 1686 sententia,
1238 1661 1311 1680 num
1343 1651 1485 1691 Orpheus
1513 1661 1657 1692 vmquam
1683 1653 1837 1687 extiterit,

980 1695 1137 1726 Mattium
1159 1696 1307 1736 Opinion.
1329 1692 1382 1724 lib.
1398 1697 1419 1724 1.
1444 1704 1507 1735 cap.
1522 1705 1551 1732 4.
1571 1705 1636 1736 pag.
1655 1699 1713 1731 361.
1735 1703 1764 1725 et
1785 1694 1838 1725 Al-

978 1737 1112 1770 bericum
1135 1738 1288 1770 Gentilem
1311 1737 1421 1777 Virgil.
1442 1737 1510 1768 leet.
1532 1747 1595 1781 cap.
1614 1742 1665 1770 ΧΙ.
1690 1748 1756 1780 pag.
1775 1748 1836 1775 103.

978 1782 1078 1822 egisse.
1101 1800 1144 1806 —
1188 1785 1302 1813 Iterum
1319 1780 1440 1824 Simson
1466 1780 1524 1812 col.
1539 1793 1602 1822 257.
1619 1781 1660 1824 sq.
1681 1783 1758 1813 duee
1779 1784 1837 1814 Ti-

977 1828 1102 1858 motheo
1125 1825 1315 1865 chronologo
1338 1826 1418 1867 apud
1435 1825 1616 1863 Eusebium,
1641 1827 1756 1869 prodit,
1780 1830 1836 1858 Or-

978 1873 1091 1913 pheum
1115 1870 1248 1901 floruiss‘e
1269 1873 1302 1900 A.
1324 1873 1366 1900 M.
1384 1877 1470 1909 2748.
1495 1878 1564 1901 ante
1585 1873 1737 1902 Christum
1761 1881 1836 1908 1255.

977 1915 1132 1946 Gedeonis
1157 1917 1222 1946 XX.
1258 1916 1343 1945 cuius
1378 1916 1510 1944 rationes
1538 1914 1682 1956 sequutus
1711 1917 1751 1946 est
1779 1915 1836 1946 cel.

976 1960 1100 1991 Saxius
1122 1961 1156 1989 in
1179 1959 1371 1988 Onomastico
1393 1968 1458 2000 pag.
1473 1968 1502 1998 7.
1529 1975 1574 1982 —
1618 1961 1753 1990 Natione
1775 1959 1837 1990 fuit

976 2004 1105 2038 Thrax,
1139 2005 1237 2032 omnis
1262 2012 1357 2043 paene
1380 2005 1569 2044 antiquitatis
1592 2003 1749 2039 consensu,
1771 2015 1834 2034 non

977 2050 1160 2089 Aegyptius,
1197 2046 1279 2087 quod
1304 2046 1430 2087 quidem
1459 2046 1514 2078 cel.
1535 2048 1574 2079 de
1599 2047 1760 2084 Schmidt,
1800 2050 1834 2078 iri

977 2091 1138 2133 Opust-ulis
1159 2101 1225 2132 pag.
1242 2101 1302 2120 120.
1319 2092 1464 2121 euincere
1487 2091 1612 2128 studuit,
1636 2100 1666 2122 et
1675 2094 1735 2122 iam
1750 2092 1836 2123 Pau·

967 2135 1038 2178 san.
1083 2134 1175 2166 Eleat.
1198 2136 1272 2176 post.
1287 2146 1314 2165 c.
1330 2145 1376 2165 20.
1398 2146 1427 2177 p.
1443 2145 1508 2173 505.
1531 2137 1568 2166 ab
1590 2138 1738 2178 Aegyptio
1759 2147 1834 2177 quo-

973 2181 1042 2210 dam
1069 2180 1219 2209 creditum
1243 2187 1408 2209 memorat:
1439 2187 1469 2210 at
1491 2190 1508 2209 a
1535 2179 1742 2212 Tiedemanno
1764 2189 1832 2221 pag.

971 2235 1000 2262 9.
1017 2223 1058 2264 sq.
1083 2233 1154 2254 vera
1175 2225 1290 2264 patria,
1313 2224 1462 2260 Thracia,
1485 2225 1588 2254 nostro
1611 2224 1765 2254 vindicata
1781 2225 1831 2254 est.

971 2267 1081 2299 forsan
1101 2269 1260 2308 Aegyptii,
1291 2278 1364 2306 gens
1380 2277 1458 2298 vana
1472 2267 1611 2309 fastuque
1633 2268 1741 2310 plena,
1777 2269 1831 2299 ho-

971 2314 1098 2347 minem,
1121 2312 1222 2352 postea
1238 2319 1351 2342 tantam
1367 2311 1588 2353 consequutum
1604 2313 1830 2349 auetoritatem,

971 2365 1001 2386 et
1023 2355 1107 2396 quod
1133 2357 1166 2385 in
1192 2358 1363 2397 Aegyptum
1386 2355 1540 2398 profee‘tus
1568 2357 1613 2386 ibi
1636 2366 1743 2386 arcana
1764 2358 1831 2398 phi-

970 2399 1126 2441 losophiae
1149 2409 1183 2429 ae
1205 2399 1380 2439 theologiae
1393 2401 1535 2437 imbibit,
1559 2409 1712 2442 tamquam
1728 2403 1828 2430 ciuem

969 2444 1055 2474 suum
1077 2451 1106 2473 et
1128 2442 1197 2473 suae
1221 2442 1386 2485 sapientiae
1407 2443 1566 2476 alumnum
1580 2444 1709 2486 gloriari
1730 2453 1760 2475 ct
1778 2445 1828 2474 ad-

969 2488 1068 2519 serere
1089 2488 1142 2518 fibi
1158 2486 1373 2521 sustinuerant.

1054 2533 1072 2563 S
1095 2542 1111 2570 3
1668 2532 1829 2575 Orpheum
