2183 2747
840 146 1092 185 SIMONIDES

89 244 158 281 deu,
179 254 252 275 auus
273 243 431 276 Simonidis
453 250 579 286 poetae,
603 241 662 286 ipse
685 250 789 286 poeta3
819 243 941 288 olymp.

87 289 206 320 Lxxv.
222 298 247 324 3.
268 289 452 325 Simonides,
476 288 553 319 filius
564 289 749 330 Leoprepis‚
773 290 866 326 Ceus,
888 292 941 331 qui

86 330 181 363 artem
196 335 359 363 memoriae
374 335 506 369 inuenit,
530 334 601 363 vicit
617 333 737 362 Athenis
747 355 755 369 ‚
779 343 871 374 quum
887 333 940 365 do-

88 384 166 406 cei-et
201 380 350 412 carmina,
391 377 550 407 Adimaiito
578 377 764 415 magistratu:
817 376 939 420 olymp.

87 420 234 452 LXXVII.
251 431 280 457 4.
297 421 462 451 Simonides
479 428 566 462 poeta
583 429 718 450 mortuus
732 421 789 456 est,
812 432 940 460 nonage-

86 465 206 500 narius,
229 465 426 503 Theagenide
448 466 636 504 magistratu,
661 466 691 494 in
713 464 823 506 quibus
843 468 940 496 omni-

85 507 140 538 bus
161 509 200 538 est
225 519 299 539 vnus
323 508 462 550 idemque
482 508 648 539 Simonides
673 510 786 545 noster,
819 518 847 540 et
867 521 940 540 auus

85 551 195 582 dicitur
210 554 354 589 iunioris,
380 555 514 595 nepotis,
537 555 589 594 qui
612 552 788 592 genealogus
806 564 938 584 vocatur.

83 597 121 626 At
143 595 298 636 Lydiatus
324 597 360 627 ad
383 607 534 632 marmor,
558 607 623 638 pag.
640 606 685 634 57.
708 597 778 626 edit.
795 597 937 635 Pridzinii,

83 638 243 671 Bentleius
263 642 292 671 in
307 640 445 683 Respons.
460 641 496 670 ad
512 640 603 675 Boyle
614 663 622 676 ,
645 640 682 670 de
699 649 792 670 aetate
808 641 937 672 Phalari-

85 683 130 714 dis
143 695 172 726 p.
186 694 225 715 20
242 702 283 708 —-
299 695 348 715 22.
371 685 435 720 (vbi
452 683 563 714 multus
578 685 617 714 est
631 684 668 714 de
683 692 770 726 pocta
792 687 891 715 nostro
909 693 937 716 et

84 731 242 760 marmoris
258 727 351 766 loco,)
374 728 515 770 Conflinus
531 730 562 758 in
580 729 666 758 Fastis
684 730 786 758 Atticis
805 731 937 760 tom.111.

83 773 148 807 (vbi
157 777 193 813 'p.
212 783 274 803 102.
290 773 327 803 ad
348 775 408 803 LV.
425 774 456 814 ξ.
478 771 588 802 natales
608 772 767 802 Simonidis
784 775 885 813 ponit,
908 782 937 804 et

83 816 120 846 de
142 815 208 847 loeo
230 816 338 856 cyr-itii
358 825 460 847 contra
480 815 586 846 Iulian.
602 818 625 846 1.
648 827 713 857 pag.
736 826 774 851 13.
797 825 869 846 tom.
885 821 934 849 VI.

83 862 174 902 Oper.
197 859 267 892 edit.
284 860 370 892 Paris.
393 862 446 901 qui
468 871 521 901 per
541 871 674 889 errorem
700 861 758 889 Iiue
772 864 935 891 memoriae

81 903 141 934 fiue
164 903 256 940 alius,
280 915 297 934 a
317 915 379 946 quo
403 905 540 945 deceptus
564 905 621 939 est,
652 904 855 941 Simonidem,
889 907 932 935 in-

81 947 192 979 fantem
213 957 276 979 tum
299 949 413 983 adhuc,
444 950 502 977 iam
526 947 646 989 Olymp.
672 949 746 978 LVI.
768 947 879 978 clarum
906 958 934 979 et

81 1001 199 1034 praeter
212 1003 331 1023 omnem
348 993 487 1022 historiae
504 991 604 1027 fidem,
626 990 772 1027 Chilonis,
796 995 882 1022 vnius
896 1004 933 1023 ex

80 1038 146 1067 VII.
173 1035 369 1078 sapientibus,
398 1034 552 1076 aequalem
574 1034 659 1066 fuifl‘e
689 1035 804 1072 scribit,
835 1039 932 1067 miuus

80 1081 160 1111 recte
176 1079 320 1121 disputat,
343 1081 500 1119 minusque
516 1078 584 1109 scite
598 1082 665 1109 c'um
680 1079 806 1114 Lydiato
824 1079 931 1120 ,1εᾶἰο-

79 1134 148 1154 nem
164 1124 319 1164 ἔγνωρίζετσ
334 1125 364 1153 in
380 1125 484 1159 ι’γὲιετο
499 1125 627 1153 mutauit
637 1128 658 1159 ,)
682 1135 710 1165 p.
729 1132 784 1161 171.
818 1124 931 1155 Burri-

80 1168 143 1198 tius
164 1168 201 1198 ad
225 1167 412 1198 Plutarchum
435 1166 470 1196 dc
494 1167 621 1203 Mufica,
645 1174 717 1197 tom.
738 1169 817 1198 XIII.
842 1169 930 1199 Com-

80 1220 169 1242 ment.
187 1213 250 1242 Soc.
264 1213 333 1249 Reg.
352 1209 439 1240 Paris.
463 1209 549 1240 Inscr.
565 1221 593 1252 p.
610 1220 676 1245 250.
700 1211 764 1246 (vbi
779 1211 814 1241 de
831 1213 930 1242 nostro

79 1258 140 1293 agit
154 1255 298 1291 vberius,)
316 1257 344 1284 in
362 1254 433 1285 locis
447 1257 604 1284 marmoris
620 1257 698 1285 Parii
713 1255 774 1285 duo
788 1256 932 1286 inueniss'e

79 1298 133 1328 fibi
148 1299 200 1328 visi
217 1298 281 1329 sunt
299 1298 474 1329 Simonides.
518 1297 634 1332 (Multis
651 1298 777 1329 ostendit
794 1299 893 1335 Boissy
910 1300 930 1330 l.

79 1352 150 1371 mox
167 1341 244 1372 laud.
261 1354 289 1384 p.
306 1348 339 1375 28
351 1341 389 1383 sq.
407 1352 538 1372 errorem
556 1352 590 1371 ex
607 1341 864 1373 Scldeniverfione
875 1345 929 1374 flu-

78 1385 148 1415 xisse
161 1385 208 1416 sed
223 1386 301 1416 idem
319 1396 383 1427 pag.
398 1396 421 1421 3.
439 1387 543 1422 ἐγένετο
559 1385 614 1424 legi
634 1385 721 1422 vult.)
768 1388 928 1419 Enimuero

77 1431 172 1459 otium
181 1429 250 1460 fecit
263 1430 360 1466 nobis,
371 1433 505 1460 omnium
521 1440 612 1472 paene
622 1438 681 1460 tam
695 1433 828 1460 veterum
840 1442 928 1472 quam

75 1476 274 1504 recentiorum
293 1476 476 1504 narrationes
498 1477 586 1515 atque
603 1476 760 1515 opiniones
776 1474 813 1504 de
833 1483 928 1506 aetate

43 1511 47 1519 ’
75 1518 234 1548 Simonidis
255 1517 421 1559 composuit
442 1526 529 1558 atque
552 1517 709 1556 diligenter
733 1521 927 1556 examinauit,

74 1559 137 1591 suas
153 1565 282 1592 rationes
297 1569 326 1591 ct
341 1570 513 1600 argumenta
529 1561 661 1591 sollerter
677 1561 818 1603 explicuit
835 1571 864 1592 et
878 1564 927 1593 fir-

39 1602 42 1604 *
74 1607 162 1636 miter
175 1606 326 1642 stabiliust,
353 1606 388 1636 de
405 1607 562 1646 nostroque
577 1615 664 1647 poeta
679 1605 878 1644 intelligenter
897 1615 925 1638 et

73 1649 190 1692 copiose
208 1645 341 1680 disseruit
353 1649 466 1680 Petrus
477 1649 643 1680 Gerardus
654 1648 764 1682 Duker
779 1652 809 1680 in
823 1650 923 1681 differ-

71 1696 183 1725 ntione
197 1693 248 1724 sub
263 1693 408 1735 praesidio
426 1692 511 1734 Rylit.
530 1691 627 1724 Mich.
642 1702 704 1724 van
722 1693 834 1730 Goens,
848 1699 923 1729 (tuni

71 1741 213 1780 emporis
237 1739 394 1773 historiae,
425 1736 574 1778 eloquent.
598 1739 655 1767 ΑΛ.
678 1745 706 1768 et
728 1739 761 1768 L.
777 1740 830 1768 Gr.
844 1738 924 1769 Prof.

72 1781 237 1817 Extraord.)
253 1782 351 1812 habita
368 1783 405 1812 cle
420 1781 579 1812 Simonide
597 1780 671 1817 Ceo,
692 1785 786 1822 poeta
807 1786 836 1812 et
849 1782 922 1822 phi-

71 1824 208 1868 losopho,
231 1827 368 1857 Traiecti
383 1824 419 1854 ad
441 1825 534 1854 Rhen.
556 1819 638 1862 17‘68.
661 1835 690 1860 4.
715 1835 778 1866 cap.
792 1827 830 1856 11.
853 1837 920 1867 pag.

72 1878 99 1906 13
113 1887 148 1893 —
167 1879 214 1909 37.
237 1870 288 1900 vbi
303 1869 338 1899 ad
355 1881 383 1910 p.
401 1878 442 1906 ι7.
456 1870 486 1898 in
501 1867 600 1899 tabula
615 1868 740 1909 quadam
759 1869 919 1900 chronolo-

69 1915 131 1952 gica
159 1915 210 1945 has
241 1913 380 1944 subduxit
407 1914 552 1942 rationes:
588 1911 761 1943 Simonides
792 1912 920 1944 nascitur

68 1956 186 2000 Olymp.
202 1961 263 1989 LV.
279 1968 305 1987 2.
323 1960 358 1987 V.
376 1959 407 1986 C.
428 1966 485 1993 ¹95·
506 1966 532 1985 a.
548 1956 619 1985 Chr.
639 1964 702 1994 557.
717 1958 749 1985 A.
766 1959 809 1986 M.
828 1962 917 1993 3446.

67 2000 130 2038 Per.
152 2001 207 2032 Iul.
230 2005 315 2038 4156.
347 2000 512 2042 Hipparchi
544 2001 639 2029 vtitur
667 1998 772 2029 fauore
793 1999 914 2043 Olymp.

66 2043 156 2077 Lxu.
171 2057 201 2082 4.
222 2049 260 2076 V.
275 2047 307 2075 C.
329 2054 393 2081 223.
416 2055 440 2073 a.
459 2044 529 2073 Chr.
554 2052 619 2080 527.
651 2043 799 2077 Cambysi's
822 2044 912 2074 histo-

66 2089 141 2120 riam
162 2089 271 2131 scripsit
294 2088 414 2129 Olymp.
432 2089 534 2117 LXIII.
551 2097 580 2122 4.
605 2089 640 2116 V.
657 2088 690 2116 C.
707 2097 774 2123 229.
797 2098 822 2116 a.
841 2089 912 2118 Chr.

2 2147 10 2161 ι
67 2138 128 2169 523.
151 2132 323 2168 Aeschylum
339 2134 430 2162 vincit
448 2134 475 2160 in
491 2130 568 2160 ludis
585 2132 713 2160 carmine
737 2129 866 2168 elegiaco
879 2134 911 2162 in

0 2184 24 2204 i?
65 2180 236 2208 nemoriani
253 2187 356 2207 eorum
367 2199 374 2213 ,
398 2177 450 2216 qui
467 2177 496 2204 in
511 2184 608 2216 pugna
626 2175 813 2204 Marathonia
826 2185 910 2205 occu-

7 2232 21 2247 ι’
65 2218 204 2258 inierant,
227 2220 348 2262 Olynip.
364 2221 495 2250 LXXIII.
514 2229 534 2246 i.
559 2220 594 2247 V.
610 2219 642 2247 C.
659 2221 728 2247 266.
751 2227 818 2248 ante
839 2220 910 2257 Chr.

65 2265 132 2300 486.
152 2267 169 2296 S
191 2274 283 2295 artam
303 2264 422 2294 videtur
446 2261 573 2292 abiiss'ez.
586 2260 679 2295 lyrico
694 2263 821 2291 carmine
836 2263 909 2292 Leo-

10 2311 19 2321 *
65 2305 161 2339 fflam
188 2309 275 2339 audat
291 2319 357 2338 cum
373 2317 441 2342 3023
458 2307 616 2347 Spartanis,
639 2307 691 2346 qui
707 2305 742 2334 ad
757 2306 910 2335 Thermo-

2 2370 11 2380 ·
66 2348 145 2392 pylas
165 2362 246 2382 erant
266 2352 354 2387 caefi,
391 2350 511 2391 Olymp.
534 2351 651 2379 LXXV.
675 2360 695 2378 i.
718 2351 754 2378 V.
780 2351 811 2378 C.
838 2359 909 2386 274.

6 2412 9 2418 ·
28 2431 34 2434 ,
64 2402 129 2426 me
152 2397 221 2427 Chr.
241 2391 319 2434 478s
332 2404 360 2425 et
380 2405 456 2424 anno
480 2394 611 2434 sequenti
631 2392 784 2423 innotescit
805 2392 907 2422 Pausa-

0 2435 4 2439 *
64 2441 138 2470 ἠὲ.
179 2441 264 2470 Tum
278 2440 484 2477 ofitogenarins
502 2438 658 2466 vic‘toriam
674 2439 782 2466 iterum
803 2446 906 2478 repor-

5 2471 32 2514 '1
61 2480 254 2527 δῃΐεῐίρῑίε
285 2483 462 2526 epitaphiis,
495 2483 528 2512 iu
553 2479 672 2512 laudeni
700 2491 821 2520 eorum,
852 2480 904 2522 qui

1409 149 1481 185 Lib.
1493 150 1544 185 II.
1560 163 1584 186 c.
1598 150 1689 188 XV.
1792 164 1849 197 1⁴3

995 242 1109 286 praelio
1127 242 1281 274 Plataeensi
1296 243 1505 282 occubuerant,
1523 257 1538 276 e
1555 247 1701 288 Spartanis
1719 255 1747 279 et
1757 250 1845 281 Athe-

995 288 1142 318 nicnfibus
1163 287 1283 330 Olymp.
1300 289 1417 319 LXXV.
1440 299 1463 325 3.
1487 293 1524 320 V.
1541 292 1574 321 C.
1594 296 1662 330 276.
1687 300 1752 324 ante
1775 294 1845 325 Chr.

994 336 1067 371 476.
1113 335 1196 362 Anno
1213 331 1364 373 sequenti,
1385 333 1486 364 relicta
1503 336 1615 376 Sparta,
1637 336 1751 368 confert
1774 337 1801 368 se
1816 340 1846 369 in

993 375 1176 406 Thessaliam
1193 376 1228 406 ad
1245 375 1403 414 Aleuadas,
1429 385 1458 408 ct
1473 378 1593 422 Olyinp.
1612 382 1743 412 Lxxv1.
1760 392 1780 411 1.
1797 393 1843 413 ar-

993 427 1053 450 tem
1068 418 1230 458 μνημονικήν
1246 422 1374 451 inuenit:
1397 433 1457 463 quo
1473 421 1550 453 faflo
1567 423 1603 453 ab
1620 426 1751 455 Hierone
1767 427 1844 456 inui-

993 472 1070 494 tatus
1097 464 1212 496 confert
1238 463 1266 494 se
1291 466 1322 495 in
1350 466 1478 496 Siciliam
1512 466 1633 510 Olymp.
1659 470 1791 500 LXXVI.
1812 468 1843 511 {-

992 510 1029 539 V.
1047 511 1081 539 C.
1099 515 1165 542 280.
1185 519 1205 539 i.
1219 516 1286 551 ante
1302 509 1372 539 Chr.
1391 519 1460 548 472.
1477 521 1500 545 3.
1516 518 1544 541 et
1560 513 1665 542 eodem
1680 523 1769 549 anno,
1784 525 1845 555 quo

992 554 1123 583 Socrates
1146 552 1290 590 nascitur,
1327 553 1388 584 fato
1409 554 1580 594 defungitur
1602 567 1648 586 an.
1671 564 1726 587 aet.
1745 563 1790 593 89.
1814 560 1844 588 in

991 596 1089 627 Sicilia
1106 597 1179 632 (vid.
1198 598 1299 629 Goens
1313 609 1342 640 p.
1359 602 1393 634 63
1410 598 1464 640 sq.)
1487 600 1608 642 Olynip.
1625 603 1771 631 LXXVII.
1789 603 1843 631 ini-

990 642 1033 670 tio
1049 643 1117 671 aiiiii
1133 652 1161 677 4-
1184 644 1219 671 V.
1238 643 1270 671 C.
1294 647 1355 677 285.
1379 652 1444 672 ante
1468 644 1537 673 Chr.
1554 648 1626 682 467.
1650 649 1682 675 Α
1699 647 1740 675 M.
1764 648 1844 682 3536·

991 686 1053 714 Per.
1070 684 1124 715 Iul.
1143 689 1235 722 4246.
1280 685 1470 727 Sepulcrum,
1493 687 1574 729 quod
1590 688 1625 718 ad
1641 696 1776 730 tempora
1796 700 1843 719 vu.

989 739 1047 768 que
1069 728 1139 759 belli
1163 731 1239 759 inter
1261 730 1454 764 Syracusanos
1483 740 1512 761 et
1532 734 1740 771 Agrigentinos
1772 734 1843 771 gesti

989 772 1125 810 substitit,
1149 774 1212 815 ipsi,
1238 772 1433 814 probabiliter
1447 774 1523 806 iussu
1541 778 1694 813 Hieronis,
1712 777 1841 818 positum

989 817 1038 845 est.
1084 816 1265 856 Genealogia
1289 826 1393 859 poetae
1416 819 1486 849 haee
1508 821 1564 857 est,
1589 821 1694 850 eodem
1709 822 1842 858 auetore,

988 860 1025 889 ad
1050 861 1139 890 fidem
1162 861 1333 902 sensumque
1354 865 1511 892 marmoris
1531 864 1724 895 Arundeliani
1747 864 1842 894 decla-

988 904 1130 934 randum:
1169 906 1329 935 Simonidis
1357 916 1429 935 auus
1461 905 1518 936 fuit
1545 907 1729 948 Hylliclms:
1767 909 1841 944 (vid.

987 947 1092 986 fragm.
1111 948 1289 980 Callimachi
1304 959 1320 978 a
1336 949 1493 981 Scholiaste
1508 951 1626 982 Pindari
1642 952 1678 982 ad
1688 953 1840 984 Isthmion.

986 991 1035 1021 od.
1046 1003 1072 1021 2.
1090 991 1261 1027 seruatum.)
1278 1002 1371 1034 pater,
1388 994 1570 1034 Leoprepes,
1586 996 1659 1031 (vid.
1670 996 1842 1028 Simonidis

986 1038 1079 1077 epigr.
1096 1037 1174 1077 apud
1190 1037 1306 1067 Aristid.
1324 1046 1396 1066 tom.
1413 1040 1463 1068 111.
1478 1049 1506 1079 p.
1526 1043 1594 1074 645.
1616 1041 1745 1070 Canteri.
1768 1039 1840 1070 alte-

985 1080 1056 1109 rum‘
1075 1080 1153 1121 apud
1177 1080 1321 1111 Plutarch.
1346 1092 1416 1111 num
1438 1081 1497 1111 seni
1521 1083 1552 1112 fit
1566 1083 1693 1120 gerenda
1709 1083 1839 1126 respubl.

985 1130 1058 1153 tem.
1075 1126 1111 1154 II.
1127 1126 1204 1166 Opp.
1221 1136 1249 1166 p.
1268 1131 1331 1162 785.
1348 1133 1376 1154 et
1392 1124 1480 1154 schol.
1500 1128 1641 1165 Hermog.
1658 1137 1687 1168 p.
1703 1138 1769 1161 4¹0-
1789 1127 1838 1158 ad-

985 1167 1020 1196 de
1036 1167 1159 1198 Aeliam.
1175 1172 1210 1198 V.
1230 1171 1267 1199 H.
1290 1168 1340 1198 lib.
1358 1171 1408 1199 ἰν.
1432 1180 1493 1210 cap.
1513 1174 1574 1206 24.)
1598 1179 1627 1200 et
1656 1172 1747 1201 nosti-i
1777 1171 1838 1202 filia

984 1213 1087 1241 irim-ti
1107 1214 1253 1248 nominis,
1277 1223 1292 1241 e
1308 1224 1366 1253 qna
1384 1214 1460 1243 vidit
1483 1222 1620 1255 nepotem
1637 1214 1838 1251 Simonidem,

983 1257 1151 1292 iuniorem,
1184 1261 1262 1291 (cum
1291 1258 1390 1286 nostro
1417 1257 1500 1298 saepe
1529 1257 1708 1293 confusum)
1731 1259 1837 1293 itidem.

983 1300 1094 1335 Ceum,
1118 1309 1235 1341 poetam
1251 1308 1279 1329 et
1294 1301 1523 1339 (immolo-gum}
1546 1313 1605 1342 quo
1623 1305 1744 1331 nemine
1768 1305 1836 1332 cita-

982 1349 1031 1373 tur
1050 1354 1067 1373 a
1083 1343 1179 1374 Schol.
1196 1343 1347 1385 Apollonii
1369 1346 1464 1374 Rhea.
1487 1345 1523 1374 ad
1541 1344 1590 1375 lib.
1609 1348 1645 1376 Π.
1669 1357 1699 1375 v.
1720 1350 1782 1379 868.
1806 1353 1836 1377 et

983 1388 1079 1422 Etym.
1095 1389 1138 1418 M.
1157 1387 1314 1425 ν.’1τωνις,
1339 1387 1448 1429 scripsit
1473 1391 1551 1418 enim
1574 1388 1666 1419 libros
1689 1389 1833 1420 Genealo-

981 1433 1116 1470 giarum,
1139 1440 1171 1462 vt
1192 1432 1292 1474 paullo
1319 1431 1442 1462 inferius
1464 1432 1640 1463 videbimus.
1697 1435 1835 1475 Denique

981 1486 1010 1516 p.
1026 1485 1060 1510 32
1076 1474 1137 1517 sqq.
1161 1475 1247 1506 doc‘ie
1267 1475 1376 1506 refutat
1399 1477 1567 1512 Heiskium,
1598 1479 1667 1518 qui,
1692 1477 1834 1509 sententia

982 1519 1107 1549 Fabricii
1123 1519 1241 1557 reneka,
1265 1522 1294 1549 in
1310 1522 1427 1550 Notitia
1449 1528 1603 1562 poetarum
1621 1520 1778 1560 Antholog.
1801 1531 1832 1563 p.

980 1566 1041 1592 260
1056 1563 1096 1605 sq.
1123 1565 1240 1600 statuit,
1265 1564 1446 1593 Simonidem
1474 1566 1602 1594 nosti-um
1627 1564 1745 1594 demum
1768 1566 1833 1606 post

980 1605 1102 1648 Olymp.
1117 1609 1263 1638 LXXXII.
1280 1606 1336 1637 esse
1350 1607 1531 1638 defunc‘ium.
1554 1608 1622 1638 vide
1639 1608 1715 1638 infra
1735 1609 1771 1639 ad
1788 1610 1831 1639 Si-

978 1651 1108 1680 monidis
1124 1653 1254 1681 carmina
1270 1662 1314 1681 nr.
1332 1655 1360 1681 6.
1375 1652 1520 1682 adnotata.
1567 1651 1730 1682 Secundum
1747 1652 1829 1684 Lar-

977 1693 1050 1724 cher
1065 1697 1095 1724 in
1110 1693 1252 1725 chronol.
1269 1695 1441 1726 Herodotea
1455 1707 1484 1738 p.
1501 1699 1563 1731 568.
1589 1695 1764 1727 Simonides
1779 1707 1828 1727 na-

976 1744 1023 1768 tus
1052 1739 1093 1768 est
1125 1738 1245 1781 Olymp.
1268 1741 1328 1769 LV.
1352 1749 1377 1775 3.
1417 1743 1453 1769 V.
1479 1741 1512 1770 C.
1538 1748 1600 1778 197.
1635 1741 1698 1770 Per.
1719 1738 1826 1772 Iulian.

977 1791 1059 1819 4157.
1084 1783 1161 1813 obiit
1181 1783 1301 1824 olymp.
1323 1785 1482 1814 LXXVIII.
1505 1793 1525 1812 i.
1555 1786 1591 1813 V.
1615 1785 1647 1814 C.
1670 1787 1735 1816 286.
1759 1792 1825 1814 ante

976 1826 1046 1856 Chr.
1064 1827 1104 1857 N.
1122 1831 1191 1863 468.
1217 1830 1278 1857 Per.
1296 1826 1400 1857 Iulian.
1416 1831 1507 1863 4246.
1532 1838 1609 1856 anno
1626 1828 1727 1857 aetatis
1745 1838 1824 1858 coin-

974 1868 1056 1911 pleto
1073 1876 1118 1906 89.
1138 1873 1205 1901 init.
1220 1881 1270 1907 90.
1288 1871 1360 1900 duce
1377 1881 1525 1900 marmore
1543 1871 1641 1900 Oxon.
1658 1872 1761 1912 epoch.
1780 1877 1823 1907 58.

973 1917 1046 1951 (73.)
1068 1914 1142 1944 adde
1162 1914 1294 1956 Voffium
1310 1914 1359 1944 lib.
1381 1917 1402 1943 Ι,
1418 1914 1453 1942 de
1467 1916 1562 1954 poetis
1589 1917 1715 1952 graccis,
1738 1925 1822 1956 pagg.

971 1967 1036 1986 201.
1066 1967 1131 1993 203.
1165 1952 1291 1988 et‘206.
1322 1960 1373 1998 qui
1406 1957 1587 1987 Simonidem
1620 1958 1657 1987 ab
1692 1958 1823 2000 Eusebio

970 1999 1091 2042 Olymp.
1111 2003 1218 2032 XXIX.
1240 2010 1458 2035 memoratum,
1481 2012 1539 2031 non
1565 2001 1599 2030 de
1626 2002 1758 2039 Mufico,
1788 2010 1822 2034 vt

968 2043 1071 2075 Goens
1087 2046 1123 2074 in
1145 2044 1207 2075 diss.
1233 2057 1260 2086 p.
1279 2051 1306 2078 18
1322 2044 1361 2085 sq.
1385 2045 1486 2074 docuit
1508 2044 1563 2074 ess'e
1584 2044 1821 2084 intelligendum,

967 2087 1014 2117 sed
1037 2088 1073 2117 dc
1088 2091 1251 2127 Amorgiuo
1267 2088 1331 2123 illo,
1353 2089 1492 2124 iambico,
1517 2099 1605 2129 quem
1619 2089 1739 2119 Proclus
1759 2089 1820 2120 Iau-

966 2131 1016 2161 dat
1039 2135 1069 2161 in
1093 2133 1242 2173 Excerptis
1258 2133 1355 2162 Photii
1379 2143 1407 2172 p.
1424 2141 1489 2168 342.
1513 2134 1609 2162 minus
1626 2135 1704 2163 reete
1725 2133 1818 2175 expli-

966 2182 1028 2210 cat,
1052 2183 1138 2216 atque
1164 2177 1293 2205 nostrum
1320 2185 1455 2216 poetam,
1487 2177 1600 2213 statuit,
1632 2186 1732 2206 natum
1762 2177 1818 2207 effe

966 2217 1086 2259 Olymp.
1103 2221 1163 2249 LV.
1186 2228 1338 2249 mortuum
1356 2230 1429 2249 vero
1450 2218 1569 2262 Olymp.
1588 2222 1746 2251 LXXVIII.
1771 2232 1817 2251 re-

965 2262 1070 2302 &eque
1084 2263 1235 2300 distinguit
1253 2273 1268 2291 a
1284 2262 1580 2304 nepotchnealogo,
1605 2267 1681 2299 circa
1693 2264 1814 2306 olymp.

963 2306 1110 2337 LXXVII.
1128 2306 1216 2335 claro.
1240 2307 1314 2335 adde
1336 2306 1436 2346 ansie
1453 2309 1584 2338 Dit‘hon.
1604 2319 1668 2338 voc.
1687 2309 1814 2339 Simoni-

963 2348 1016 2384 de,
1040 2349 1091 2378 vbi
1113 2349 1222 2379 Bailius
1246 2349 1338 2380 multa
1361 2349 1447 2391 super
1470 2349 1618 2382 sententiis
1637 2352 1814 2394 quibusdam

961 2400 1049 2432 atque
1071 2392 1164 2423 effatis
1188 2394 1346 2423 Simonidis
1370 2402 1453 2425 acute
1475 2394 1568 2431 dixit,
1597 2396 1705 2438 suoque
1728 2406 1814 2426 more

960 2444 1047 2476 atque
1070 2439 1189 2475 ingenio
1217 2437 1368 2468 dubitante
1394 2438 1429 2468 de
1450 2439 1507 2469 deo
1531 2440 1676 2480 rebusque
1702 2440 1812 2470 diuinis

958 2479 1184 2522 philosophatus
1205 2483 1260 2512 cst:
1289 2481 1457 2514 Barettum
1493 2485 1526 2513 iu
1557 2486 1722 2514 Comment.
1741 2486 1809 2557 {aa

1768 2537 1812 2566 eg.
