2183 2747
59 188 145 216 Voti.
158 196 184 222 p.
197 192 244 220 228

448 188 669 229 EXSTANT
713 190 940 227 IVDICIVM.

1099 191 1172 228 Lib.
1187 195 1214 230 I.
1242 205 1267 230 e.
1285 193 1481 232 XXXIII.
1730 209 1800 250 285

57 293 216 331 „neum
230 285 316 335 solis
331 288 507 334 capitibus,
535 289 582 333 (h.
601 301 627 324 e.
644 298 677 323 vt
696 289 844 338 primum
860 287 997 323 verbum
1013 284 1223 337 singulorum
1237 289 1394 327 locorum
1409 290 1597 330 maiusculis
1612 293 1711 331 literis
1729 294 1803 333 scri.

56 339 204 382 beretur,
227 339 278 376 vel
293 338 412 390 finguli
427 340 492 376 loci
509 353 526 375 a
544 342 714 376 Lactantio
727 342 812 375 citati
826 353 956 376 nouum
973 339 1071 376 veluti
1088 341 1263 392 caputfiue
1281 357 1420 388 nouam,
1448 356 1480 381 vt
1498 346 1602 395 vulgo
1617 347 1800 396 loquimur,

52 390 178 428 lineam
202 394 414 435 inchoarent,
441 391 731 443 quemadmodum
753 394 807 428 bic
827 391 932 429 leetor
953 391 1080 430 saelum
1103 393 1204 440 videt)
1228 397 1282 445 „fi
1302 403 1407 432 tamen
1419 399 1602 446 scriptores
1615 399 1751 442 deinceps
1765 407 1801 431 ea

52 444 216 492 ,Jn‘uare
239 457 304 480 non
331 446 496 493 negligant
520 448 611 491 (imo
639 459 718 482 vero
741 444 958 494 neglexerunt
977 449 1076 482 etiam
1102 445 1243 484 editores
1264 459 1294 484 et
1316 452 1528 500 interpretes,
1559 453 1659 487 Viues
1677 462 1715 485 ac
1734 449 1800 486 Co·

51 498 194 547 quaeus,
221 511 263 534 ne
276 496 350 548 ipsis
367 497 502 548 quidem
516 497 732 535 Benedic‘linis
748 499 904 550 exceptis)
927 527 937 543 ,

86 614 221 648 Poffnn'cn‘

50 650 182 682 confilium
197 651 247 677 im-

45 686 190 720 probam.

940 527 950 542 ,
957 499 1183 548 distinguenda
1197 503 1379 536 curauimus
1387 506 1420 537 “.

293 602 380 637 XIX.
409 601 579 638 Antonius·
596 601 782 650 Pzffminus
806 604 838 637 in
859 604 1028 652 Apparatu
1053 599 1145 640 sacro
1159 607 1220 648 ait,
1248 604 1366 642 melius
1387 602 1499 647 fuisse,
1521 617 1625 655 pauca
1641 601 1799 649 Sibyllina

315 653 356 690 de
377 654 489 691 multis
518 652 699 696 secernere,
739 654 878 690 collecta
905 668 942 690 ex
965 655 1128 700 Patribus,
1167 655 1318 707 notisque
1343 657 1395 694 vel
1419 655 1608 708 paraphrasi
1632 655 1801 698 illustrata,

316 721 417 757 quain
440 719 545 743 totam
566 705 788 756 farraginem,
822 707 926 756 qualis
946 707 1062 751 exstat,
1097 711 1130 744 in
1150 707 1261 745 lucem
1283 709 1378 746 dare:
1413 709 1634 759 confiditque,
1661 721 1800 758 operam

48 755 143 792 istam
158 753 343 807 susceptum
367 763 403 795 iri
427 761 465 795 ab
490 759 602 810 aliquo
625 758 726 796 docio
750 770 780 795 et
799 759 977 795 catholico
993 762 1085 803 viro,
1113 758 1180 797 vsui
1201 759 1349 798 suturam
1370 766 1402 798 in
1423 760 1541 799 scholis
1560 760 1601 797 ad
1617 773 1799 810 puerorum

50 812 179 858 ingenia
195 823 255 860 per
273 808 412 847 solidam
436 810 624 849 dochinam
641 810 811 848 excitanda
833 811 872 847 nd
894 811 1114 849 Christianam
1136 812 1237 850 fldem
1257 812 1459 858 souendam,
1487 826 1517 851 et
1541 817 1675 864 optimis
1697 815 1799 849 inori-

47 861 107 897 bus
124 864 156 897 in
179 876 251 897 rem
266 862 516 900 conserendam.

571 867 692 900 Vtrum
717 862 888 914 quisquam
905 863 937 900 id
961 864 1136 901 consilium
1150 868 1307 903 haetenus
1323 865 1449 905 secutus
1467 866 1521 911 fit,
1550 880 1605 903 me
1622 865 1718 908 latet,
1743 863 1799 901 etsi

47 911 136 957 scio,
164 912 291 965 ipsum,
318 919 392 962 (nec
412 917 500 953 male
514 929 546 954 vt
561 918 715 962 arbitror)
742 918 922 967 improbari
939 930 956 952 a
973 917 1150 955 Blondello
1165 919 1232 955 Lib.
1253 923 1275 955 I.
1299 933 1369 971 cap.
1389 933 1440 967 29.

63 1033 104 1060 Da
120 1032 259 1067 Sibyllinis
313 1021 385 1055 XX.
414 1023 543 1056 Praeter
566 1020 667 1057 libros
693 1022 771 1057 oc‘lo
786 1020 1027 1067 Sibyllinorum
1049 1035 1166 1071 graece
1186 1022 1400 1067 exstantium,
1434 1022 1474 1060 de
1502 1023 1618 1074 quibus
1642 1022 1799 1058 haetenus

47 1069 205 1110 quibusdam
218 1070 259 1094 Ιι-

43 1110 100 1130 1110
107 1109 211 1129 {allum
217 1111 261 1129 08¹*

39 1139 178 1172 stantibus.

335 1075 408 1122 egi,
435 1074 596 1108 habentur
609 1085 640 1108 et
657 1073 718 1109 alia
734 1073 853 1116 latine,
878 1087 961 1123 quae
982 1078 1182 1111 commentis
1199 1079 1442 1119 recentiorum,
1469 1089 1570 1127 quam
1586 1077 1708 1113 Graeca
1730 1072 1798 1117 illa,

337 1134 533 1175 temporum
549 1122 760 1161 adscribenda
783 1123 846 1161 esse
862 1138 933 1162 non
948 1125 1072 1164 dubito.

214 1239 308 1274 Haec
333 1235 406 1274 sunt
422 1240 478 1286 (1)
500 1237 699 1284 Hexasticha
719 1236 753 1271 Ρ)
769 1241 917 1274 carmina
938 1237 979 1277 de
1002 1238 1134 1275 Christo
1159 1240 1323 1284 duodena,
1349 1237 1442 1278 versu
1462 1241 1688 1282 Hexametro,
1716 1249 1797 1288 quo-

46 1303 123 1326 rum
141 1288 268 1340 singula
284 1289 420 1339 siugulis
437 1292 625 1327 tribuuntur
640 1290 792 1336 sibyllis:
820 1289 981 1334 Perticae,
1004 1292 1164 1338 Libycae,
1191 1293 1392 1343 Delphicae,
1418 1296 1639 1334 Ciinmeriae,
1668 1292 1798 1326 Samiae

29 1344 237 1387 Cumanae,
278 1341 587 1394 Hellespontiacae,
622 1345 804 1393 Phrygiae,
837 1346 1049 1395 Europaeae,
1081 1344 1297 1390 Tiburtinae,
1331 1349 1552 1397 Agrippinae,
1584 1346 1795 1391 Erythraeae.

86 1520 126 1558 p)
151 1517 335 1548 Prodit-runt
365 1519 424 1548 iam
456 1524 586 1548 exeunte
602 1518 667 1547 XV.
697 1515 747 1547 vel
771 1519 897 1549 ineunte

43 1559 117 1591 saec.
132 1563 210 1591 xvi.
228 1562 433 1603 oppenhemii
456 1573 485 1599 4.
510 1570 568 1592 vna
591 1571 658 1591 cum
681 1560 748 1591 aliis
771 1561 897 1603 opuscu-

44 1603 90 1634 lis.
137 1604 230 1634 Index
249 1603 346 1636 libelli
363 1607 411 1635 hic
428 1607 484 1635 est:
511 1603 655 1646 Quattuor
668 1603 716 1636 liic
731 1603 897 1648 campreſj'a

42 1646 184 1689 opufiula
222 1646 710 1690 i)Discordant1aesanHorum
737 1648 896 1680 dofforum

41 1691 200 1731 leronymi
213 1696 243 1722 et
257 1691 429 1735 Augustini
457 1695 496 1729 2>
518 1691 711 1732 Sibyllarum
726 1693 762 1723 de
777 1691 895 1736 Christo

41 1736 193 1766 vaticinia
203 1746 215 1770 ;
254 1746 320 1767 cum
333 1736 548 1777 appropriatis
555 1734 754 1776 singularum
762 1735 894 1777 figuris.

42 1782 80 1815 3)
106 1778 208 1810 Varia
226 1780 416 1811 Iudaeorum
436 1784 465 1810 et
480 1777 648 1811 Gentilium
665 1779 704 1810 de
723 1778 836 1821 Christo
851 1783 895 1810 te-

35 1821 183 1864 stimonia
213 1823 250 1860 4)
263 1823 410 1854 Centones
418 1823 521 1854 Probe
533 1822 675 1854 Falcom'e
690 1823 726 1853 de
738 1824 896 1864 ztriujque

41 1864 213 1907 testamenti
224 1865 367 1906 hystoriis
381 1876 420 1897 ex
435 1865 626 1898 carminibus
640 1866 769 1907 Virgilii
775 1865 896 1907 seleffi:

39 1919 105 1940 cum
115 1910 462 1941 annotationeilocorum
478 1919 517 1939 rx
528 1908 639 1950 quibus
652 1909 802 1949 desumpti
812 1908 896 1947 sunt.

43 1951 230 1993 Oput'culuui
252 1952 289 1982 de
310 1955 463 1982 vaticiniis
487 1951 669 1987 Sibyllarum
684 1951 896 1994 compleffitur

42 1998 107 2027 XX.
126 1997 249 2037 Capita,
273 2007 404 2036 quorum
426 1999 447 2026 1.
465 1996 502 2026 de
527 1994 709 2031 Sibyllarum
726 1999 850 2026 nomine
867 2006 894 2027 et

44 2041 177 2078 origine,
194 2043 232 2070 11.
258 2040 295 2070 de
317 2042 457 2070 Numero
478 2038 617 2074 Sibyllar.
636 2041 778 2070 III—XIV
803 2040 839 2070 de
853 2043 894 2071 Si-

41 2082 147 2118 hyllis:
164 2083 294 2118 (additis
312 2093 415 2113 earum
433 2084 630 2119 Hexastichis,
647 2083 754 2113 eodem
771 2084 892 2121 ordine,

40 2137 104 2168 quo
123 2129 155 2157 in
173 2127 219 2157 ed.
235 2126 387 2169 Opsopoei
404 2137 568 2168 ponuntur.
614 2130 671 2157 Pro
688 2128 747 2157 Sib.
764 2128 891 2159 simme-

39 2172 92 2201 ria
109 2172 141 2200 C.
158 2173 210 2200 VI.
235 2170 345 2208 legitur
365 2170 532 2207 Chtmcria,
549 2169 620 2200 alias
635 2171 800 2206 Clz'mica.)
824 2174 890 2202 XV.

39 2213 78 2244 de
95 2216 240 2244 vaticinio
255 2213 366 2249 Sibylle
375 2215 619 2248 Erythree.XVI.
645 2216 761 2252 Viginti
778 2213 889 2256 septem

39 2256 154 2292 Sibylle
172 2260 323 2288 Carmina.
370 2259 470 2292 (Haec
486 2259 526 2287 est
541 2259 720 2288 Acrostiehis
736 2256 800 2294 illa,
822 2269 888 2288 ver-

39 2301 116 2332 fibus
133 2300 232 2331 latinis
249 2302 379 2336 reddita,
398 2299 445 2330 sed
464 2301 588 2331 diuerfis
605 2302 642 2331 ab
658 2300 730 2337 iliis,
747 2312 822 2342 qiios
839 2313 887 2331 ex-

37 2345 123 2375 hibet
148 2345 195 2374 ed.
213 2344 324 2387 Opsop.
349 2356 375 2385 p.
396 2351 452 2381 38¹·
474 2354 563 2386 atque
581 2346 758 2386 Onuphrius
781 2347 887 2375 Panui·

33 2390 117 2424 nius,
133 2389 197 2418 Lib.
212 2388 249 2419 de
263 2387 368 2424 Sibyll.
385 2399 413 2429 p.
428 2398 540 2427 27-30.
584 2387 696 2430 Opsop.
728 2390 762 2419 In
783 2388 885 2419 fronte

28 2432 131 2465 ,huius
151 2434 255 2473 eapitis
279 2432 367 2462 docet
384 2431 496 2468 editor,
517 2434 685 2462 carminum
710 2431 729 2461 s.
744 2431 884 2462 versuum

35 2473 164 2505 illorum
193 2475 307 2506 litteras
338 2474 478 2517 capitales
508 2477 540 2505 in
564 2485 672 2514 graeco
698 2476 769 2506 haec
793 2477 885 2506 verba

37 2518 184 2550 reddere:
212 2519 294 2563 lestis
319 2518 457 2562 Christus
477 2518 810 2562 Deifiliussaiuator3
834 2518 884 2550 sed

1129 1398 1191 1433 Nn
1218 1410 1236 1442 3
1720 1393 1796 1430 Edi-

952 1515 1162 1548 translatorem
1183 1517 1311 1549 latinum
1339 1521 1395 1550 hoc
1419 1521 1592 1555 mysterium
1615 1519 1644 1548 in
1661 1515 1717 1546 suis
1735 1524 1797 1545 car-

951 1562 1086 1592 minibus
1113 1573 1173 1592 non
1195 1561 1385 1600 seruauiffe.)
1407 1566 1503 1594 XVII.
1546 1560 1713 1603 explicatur
1735 1569 1796 1594 my-

951 1606 1074 1635 sterium
1096 1604 1189 1636 latens
1210 1608 1241 1636 in
1267 1607 1353 1637 diens
1378 1609 1488 1646 viginti
1519 1605 1628 1647 septem
1653 1604 1795 1634 verfibus.

951 1650 1062 1679 XVIII.
1087 1650 1168 1686 Quid
1186 1650 1251 1680 diui
1270 1652 1450 1689 Augustinus
1466 1658 1495 1680 ct
1511 1652 1717 1682 Hieronymus
1733 1646 1795 1675 sen·

950 1691 1043 1722 serint
1066 1692 1104 1722 de
1126 1693 1236 1728 Sibylla
1259 1695 1417 1728 Erythrea:
1447 1692 1546 1733 quoad
1564 1691 1794 1721 beatitudinem.

948 1737 1031 1768 XIX.
1055 1738 1205 1767 vaticinia
1216 1736 1346 1772 Sibyllae
1363 1737 1399 1767 de
1414 1737 1543 1779 passione
1558 1744 1586 1765 et
1600 1734 1794 1765 resurretfflo-

949 1789 987 1809 ne
1010 1780 1140 1817 Christi,
1165 1782 1227 1822 post
1251 1782 1381 1811 Laetam.
1401 1788 1430 1811 et
1447 1781 1656 1819 Augustinum.
1700 1778 1795 1812 (Sunt

949 1833 995 1859 ea,
1013 1833 1089 1864 quae
1105 1826 1285 1863 Augustinus
1302 1826 1488 1854 coniune'tim
1505 1822 1615 1865 posuit,
1627 1820 1793 1852 intersertis

948 1870 1134 1905 argumentis
1150 1868 1297 1904 dimach,
1308 1880 1369 1898 non
1384 1867 1466 1897 nulla
1477 1869 1621 1898 varietate
1630 1863 1794 1900 lec‘tionis.)

948 1912 1013 1940 XX.
1062 1911 1149 1940 Vnde
1168 1912 1377 1952 praecedentia
1400 1913 1542 1941 vaticinia
1570 1911 1674 1940 beatus
1693 1910 1792 1947 Augu-

949 1954 1041 1983 stinus
1071 1954 1274 1996 desumpserit.
1320 1954 1454 1991 „Insunt
1481 1957 1511 1984 in
1542 1955 1598 1984 hoc
1627 1950 1793 1993 exemplari

947 1996 1073 2034 multae,
1087 2008 1200 2038 eaeque
1223 2009 1346 2037 magnae
1363 2000 1476 2038 figurae
1491 1997 1574 2037 ligno
1591 1995 1709 2028 incisae.
1755 1998 1792 2026 In

947 2041 1007 2070 fine
1028 2040 1156 2080 legitur:
1193 2041 1367 2084 Impreffum
1388 2041 1584 2084 Oppenlzeim.
1629 2043 1699 2078 Quo
1716 2049 1791 2071 vcro

946 2094 1026 2114 anno
1043 2085 1214 2126 impressum
1229 2087 1272 2122 fit,
1287 2097 1339 2116 nec
1355 2086 1492 2122 docetur,
1507 2096 1561 2116 nec
1577 2086 1694 2115 ratione
1710 2090 1791 2114 certa

946 2128 1066 2158 definiri
1086 2130 1188 2170 potest.
1220 2131 1264 2159 De
1280 2130 1397 2160 editore
1410 2138 1510 2160 autem
1527 2130 1638 2159 constat
1655 2139 1689 2158 ex
1707 2137 1790 2169 prae-

943 2171 994 2202 fat.
1010 2172 1046 2202 ad
1057 2174 1204 2202 Centones
1221 2174 1334 2203 Probae
1345 2172 1514 2209 Falconiae,
1532 2175 1618 2203 citius
1635 2173 1691 2202 hoc
1709 2172 1791 2213 prin-

943 2217 1056 2256 cipium
1072 2217 1126 2245 est:
1149 2215 1279 2247 Iacobus
1292 2216 1474 2248 Koebelius:
1495 2214 1617 2249 [κῆον-ι’
1629 2215 1700 2246 bene
1713 2223 1790 2255 age-

942 2270 983 2289 re.
1032 2259 1134 2290 Probe
1149 2259 1291 2291 Falconie
1310 2260 1470 2292 Centonem
1486 2258 1693 2302 impreffurus,
1714 2266 1787 2288 caet.

943 2304 986 2331 De
1005 2303 1061 2331 hoc
1078 2304 1158 2338 viro,
1176 2301 1224 2332 sua
1241 2311 1336 2334 aetate
1353 2303 1442 2343 longe
1458 2303 1668 2339 celeberrimo,
1684 2303 1789 2332 Archi-

941 2354 1124 2383 granimateo
1147 2348 1414 2388 Oppenheuiienfi‚
1437 2350 1560 2389 exponit
1576 2350 1632 2377 Vir
1651 2349 1677 2377 S.
1691 2349 1728 2375 V.
1742 2348 1785 2376 Io.

939 2391 1035 2418 Henr.
1056 2389 1211 2427 Andreae,
1233 2393 1269 2421 V.
1287 2393 1322 2422 D.
1338 2394 1380 2423 M.
1405 2400 1433 2422 et
1449 2395 1557 2427 Gymn.
1574 2389 1714 2421 Heidelb.
1731 2391 1786 2419 Re-

939 2431 1028 2461 form.
1051 2434 1178 2470 Reftor,
1217 2436 1250 2464 in
1274 2437 1474 2476 Commentat.
1501 2435 1538 2465 de
1559 2435 1784 2476 Oppenhmnio,

935 2475 1183 2552 peidelbcrgaffi
1215 2488 1297 2519 ¹779·
1312 2491 1342 2519 4.
1387 2478 1560 2523 publicata,
1596 2489 1625 2522 p.
1644 2486 1783 2518 144—147

954 2528 1058 2561 aeger.
