2183 2747
1460 138 1537 178 Lib,
1555 137 1607 173 II.
1623 148 1646 172 c.
1664 147 1692 171 ι.
1795 136 1852 179 365

101 246 288 280 contentus,
315 249 441 274 nouam
459 236 607 274 Homeri
631 235 779 287 vulgauit
800 235 1000 280 editionem,
1034 237 1282 273 commentariis
1303 232 1365 270 suis
1387 232 1588 270 instrut‘lam.
1645 228 1728 278 [vid.
1750 228 1853 278 Baylc

100 291 255 327 Dic'kion.
267 303 340 327 voc.
361 289 568 338 Austerque,
594 299 664 326 not.
680 292 714 325 B.
727 301 759 325 et
776 290 966 341 Prolegom.
979 293 1086 326 Hom.
1103 287 1291 325 Villoisonii
1308 301 1340 337 p.
1358 288 1509 323 xxvm.
1535 282 1751 333 eiusdemque
1776 294 1851 330 pro-

99 343 187 392 legg.
201 347 235 379 iu
250 343 422 393 Apollonii
440 340 599 392 sophistae
616 342 710 378 lexic.
729 344 836 379 Hom.
855 357 884 393 p.
900 345 975 379 XIV
991 340 1052 392 sq.]
1108 344 1145 378 In
1160 343 1220 377 hac
1235 339 1383 378 seueram
1401 340 1497 389 plane
1514 341 1674 374 Criticam
1695 337 1852 374 exercuit,

100 397 248 446 pluribus
261 394 402 432 versibus
418 395 519 431 obelo
543 398 662 432 notatis
684 409 721 431 ac
743 397 888 439 scidiis,
929 399 972 432 ita
991 406 1025 430 vt
1047 398 1147 431 etiam
1175 398 1208 430 in
1230 393 1444 443 prouerbium
1465 393 1578 428 abierit
1598 395 1665 426 cius
1690 390 1783 437 rigor
1800 388 1852 433 ');

98 462 170 485 non
187 449 342 486 omnibus
360 458 470 484 tamen
489 461 593 498 aeque
610 447 779 497 probatus,
806 462 886 485 nam
904 458 935 484 et
952 449 1140 484 Zenodotus
1153 449 1263 483 iunior
1281 447 1526 482 Alexandrinus
1549 441 1699 480 aduersus
1719 438 1851 502 Arissaf-

99 503 202 538 chum
218 498 352 551 scripsit,
378 511 410 536 vt
426 504 492 537 iam
507 515 525 537 e
541 500 637 537 Suida
652 503 784 537 notaui:
809 512 840 537 et
852 499 993 538 fortassis
1012 503 1111 537 etiam
1129 500 1300 539 Cleanthes
1323 501 1471 544 Stoicus,
1503 500 1594 534 cuius
1616 496 1739 533 librum
1765 507 1853 544 προς

98 551 307 606 ’Δςίςοιρχον
327 565 357 590 et
374 554 452 606 περὶ
467 555 595 599 noim-S:
610 555 763 591 Laertius
780 556 852 590 Vll.
868 565 938 598 174.
956 566 1018 600 175.
1046 562 1305 594 commemorat,
1330 562 1401 588 tum
1415 550 1622 588 Ptolemaeus
1638 547 1853 596 Ascalonites,

99 610 170 657 qui,
195 607 317 644 eodem
332 607 431 643 Suida
445 607 544 649 teste,
572 605 694 656 scripsit
716 607 794 658 περὶ
813 608 874 652 τῆς
899 610 929 646 ἐν
950 602 1132 659 Ὀδυσσεῖορ
1155 602 1352 657 Ἀξιςοὶξχε
1377 600 1603 655 διορθώσεως,
1630 612 1660 638 et
1686 599 1852 659 Larianus

97 659 155 698 lib.
175 661 213 696 11.
231 659 271 696 de
290 663 378 696 varia
391 659 540 696 Historia
556 670 639 696 tom.
654 661 678 695 Ι.
692 673 724 709 p.
741 663 819 704 676.
847 661 945 707 [tom.
963 662 1001 696 11.
1019 673 1051 708 p.
1067 672 1130 705 117.
1147 660 1298 706 Reitzii‚]
1333 660 1527 695 Homerum
1554 654 1679 691 inducit
1698 652 1738 688 de
1763 651 1851 690 ‹2ch-

99 714 254 763 τεμένως
269 715 383 762 ςίχως
406 714 667 763 interrogatum,
701 726 759 748 eos
783 725 903 748 omnes
927 710 1162 761 agnoscentem
1183 724 1247 761 pro
1272 709 1355 754 suis,
1383 711 1635 756 κατεγίνωσκεν
1660 701 1718 748 ἔν,
1743 706 1851 753 inquit

105 139 168 168 voi.
176 140 197 169 1.
211 147 294 188 pffl
791 140 1162 178 HOMERICORVM.

97 766 281 805 Lucianus‚
321 767 387 805 τῶν
413 763 510 815 ἀμφὶ
537 763 595 804 τὲν
619 760 795 810 Ζηνὲδοτον
823 762 882 811 »(9ιᾷ
910 763 1119 817 Ἀξίςοιςχον
1142 765 1403 816 Γςοιμματικῶν
1424 759 1560 807 πολλὴν
1587 758 1850 810 ψυχρολογίαν.

97 819 197 854 forte
214 821 315 854 etiam
332 817 505 854 Aristarchi
521 817 702 854 editionem
727 817 832 853 Iliadis
856 817 895 853 ad
917 816 1088 854 censuram
1111 827 1325 854 reuocauerat
1344 817 1565 855 Philoxenus,
1597 816 1653 863 qui
1675 810 1774 847 Suida
1795 812 1853 856 [et

96 870 260 913 liudrici...
289 885 319 920 p.
334 871 424 917 424.]
450 870 527 906 teste
541 869 706 919 scripserat
722 871 799 921 περὶ
814 866 955 921 σημείων
969 872 1036 910 τῶν
1057 873 1087 909 ἐν
1109 865 1229 910 Ἰλιάδι
1250 868 1317 905 siue
1336 870 1374 904 de
1396 869 1472 904 locis
1496 869 1582 903 obelo
1604 867 1656 901 rel
1673 865 1738 900 alio
1749 864 1850 913 signo

99 926 209 960 critico
226 926 257 959 in
274 926 380 960 Iliade
401 926 531 959 notatis.

139 1085 173 1121 y)
197 1083 279 1112 Nota
296 1080 359 1111 sunt
375 1082 525 1111 Ciceronis
542 1080 617 1117 loca,
640 1088 668 1112 et
690 1079 764 1111 illud
779 1082 898 1111 Horatii
915 1082 946 1111 in

98 1127 183 1155 Arte:
209 1124 335 1166 Arguet
360 1125 505 1166 ambigue
521 1124 654 1160 dicium,
682 1125 836 1155 mutanda
858 1130 946 1155 nota-

99 1168 165 1199 bit:
186 1168 254 1199 Fiet
275 1167 495 1211 Aristarchus,
518 1171 642 1198 Hieron.
660 1178 680 1197 1.
701 1171 731 1198 in
749 1169 845 1198 Rufin.
869 1167 948 1199 illud

96 1213 206 1247 miror,
228 1212 311 1254 quod
325 1211 526 1254 Aristarchus
539 1211 633 1254 nostri
648 1213 797 1252 temporis
811 1212 947 1252 pueritia

99 1256 156 1298 usta
176 1256 322 1296 nescierit.
388 1255 464 1286 Vide
489 1255 640 1285 Erafimmi
665 1255 828 1297 prouerbio
848 1255 948 1297 stellis

98 1299 234 1340 [ignare.
269 1301 407 1329 Ceterum
425 1299 460 1329 de
476 1301 553 1329 notis
563 1301 679 1330 Criticis
695 1307 829 1330 veterum
841 1301 946 1330 Gram-

99 1345 286 1378 maticorum,
311 1354 436 1384 quarum
452 1342 535 1373 vsnm
552 1343 589 1373 ad
604 1342 696 1373 libros
715 1342 842 1373 Biblicos
858 1345 946 1373 etiam

99 1387 254 1416 inter-ficeto
272 1396 405 1428 tempore
421 1386 581 1428 adplicauit
603 1387 754 1428 Origenes
772 1386 864 1425 [conf.
882 1386 946 1417 Vil-

100 1429 205 1460 loison.
223 1429 355 1469 Prolegg.
367 1433 490 1461 Homer.
508 1442 536 1472 p.
553 1430 646 1472 zisq.]
672 1429 842 1461 consulendi
858 1430 946 1472 scrip-

100 1482 179 1504 tores
201 1473 311 1504 laudati
335 1485 351 1504 a
370 1475 410 1506 I).
425 1475 472 1506 Io.
486 1475 540 1506 Fr.
555 1475 689 1514 [Ua-isera
711 1474 747 1504 ad
768 1473 874 1504 calcem
893 1476 947 1504 Hi-

100 1519 205 1548 storiae
221 1519 360 1548 versionis
378 1520 569 1548 Germanicae
587 1517 752 1549 Bibliorum
770 1521 805 1549 D.
814 1519 949 1554 Lntheri,

102 1560 323 1604 [Hephaestion
340 1565 369 1591 in
384 1565 478 1604 capite
495 1562 555 1602 ’rget'
574 1561 683 1597 σημείων
707 1574 736 1604 p.
753 1571 803 1600 74.
825 1562 895 1592 edit.
913 1562 948 1592 de

99 1607 178 1641 Paw,
203 1605 383 1636 emendatius
401 1617 417 1635 a
436 1605 582 1648 Villoison
604 1617 619 1635 e
641 1605 706 1636 cod.
726 1608 752 1636 S.
766 1608 861 1636 Marci
884 1612 947 1643 483.

97 1649 192 1679 editus
215 1651 246 1679 in
261 1649 392 1688 Prolegg.
410 1650 446 1680 ad
463 1652 590 1680 Homeri
606 1650 676 1680 edit.
691 1661 718 1691 p.
736 1651 826 1687 LIX.]
851 1649 948 1681 Laer-

96 1694 161 1723 tius
178 1695 228 1723 111.
246 1698 290 1729 65.
313 1696 343 1723 in
357 1693 476 1724 Platone
500 1702 528 1724 et
543 1693 578 1724 ad
602 1704 670 1724 eum
686 1693 784 1724 locum
800 1693 946 1723 Casaubo-

96 1747 150 1766 nus
166 1747 198 1766 ac
208 1739 378 1775 Menagius:
402 1736 600 1779 Epiphanius
613 1737 650 1767 de
665 1737 807 1768 mensuris
823 1748 855 1767 ac
872 1749 946 1779 pon-

62 1787 64 1789 ·
97 1781 158 1810 der.
176 1790 246 1810 tom.
262 1783 299 1811 11.
315 1792 342 1822 p.
359 1785 421 1818 164·
439 1781 708 1824 (sidoriOrigines
723 1780 773 1811 lib.
783 1784 805 1812 1.
823 1792 884 1823 cap.
896 1791 945 1811 20.

98 1823 244 1855 Praefatio
260 1834 344 1854 vetus
368 1827 398 1855 in
421 1824 548 1856 Psalmos
568 1825 646 1866 apud
668 1824 849 1856 Cotelcrium
871 1834 944 1855 tom.

96 1870 147 1899 111.
170 1879 350 1898 monument.
376 1880 404 1910 p.
428 1872 491 1904 586.
514 1868 650 1898 Analeda
673 1870 784 1898 Graeca
804 1879 820 1898 a
845 1871 944 1899 Mont-

97 1912 237 1943 fauconio
262 1913 339 1942 edita
363 1924 390 1953 p.
415 1922 476 1948 393.
514 1911 745 1953 [Montfaucon
768 1915 799 1942 in
825 1911 943 1943 Palaeo-

95 1957 197 1997 graph.
216 1967 257 1993 gr.
273 1956 383 1997 patlim,
405 1965 437 1985 vt
457 1967 484 1997 p.
501 1965 536 1993 37
554 1955 592 1996 sq.
609 1965 654 1992 351
672 1955 748 1997 sqq.]
793 1955 947 1998 Reinefius

96 1999 148 2031 lib.
162 2002 185 2030 1.
203 2003 272 2032 Var.
291 2001 368 2030 Lefx.
386 2010 447 2041 cap.
463 2009 490 2038 7.
507 2008 535 2029 et
545 1998 679 2041 Epistolis
695 2000 730 2029 ad
740 1998 944 2030 Hofmannum

96 2055 125 2086 p.
139 2053 182 2080 93.
207 2043 244 2074 P.
265 2042 410 2074 Pithoeus
430 2043 480 2073 lib.
495 2045 532 2074 11.
557 2054 618 2085 cap.
634 2053 657 2079 3.
690 2043 844 2075 Aduersar.
867 2043 943 2075 Wo-

94 2097 243 2119 weranus
259 2086 371 2121 Polym.
385 2098 445 2129 cap.
457 2097 498 2125 17.
513 2086 696 2127 Leopardm
712 2089 790 2118 XIX.
806 2096 831 2123 ς.
845 2098 944 2118 emen-

92 2131 153 2161 dat.
176 2130 324 2164 Andreas
345 2130 535 2173 Christianus
554 2129 800 2173 Eschenbachius
822 2130 884 2161 diff.
907 2132 943 2161 de

96 2177 238 2206 Veterum
262 2176 440 2204 Criticornm
460 2184 613 2209 σημεωησι
636 2186 664 2216 p.
687 2183 736 2210 215
751 2174 811 2216 sqq.
843 2174 942 2206 Mich.

39 2230 42 2239 ·
94 2217 268 2260 Meisnerus
291 2218 468 2257 syntagmate
490 2218 526 2247 de
547 2218 761 2248 adnotamentis
781 2218 942 2257 Philologi-

94 2263 134 2292 cis
153 2264 185 2292 A.
208 2266 286 2296 1623.
306 2269 329 2295 8.
369 2262 516 2293 Claudius
533 2261 730 2303 Dausqueius
744 2265 774 2292 in
791 2265 890 2303 Opere
907 2262 943 2292 de

95 2307 328 2347 Orthographia,
351 2305 499 2348 Kitstcrus
512 2307 544 2336 in
559 2306 631 2335 Hist.
649 2307 757 2336 Critica
772 2308 898 2336 Homeri
911 2317 942 2348 p.

43 2348 45 2357 '
95 2357 144 2387 97.
160 2358 186 2379 et
206 2349 337 2381 Carolus
351 2349 392 2380 du
408 2348 521 2390 Ἑνὶ-[ηε
540 2351 571 2380 in
594 2349 753 2391 appendite
778 2350 814 2380 ad
835 2349 938 2388 glossa-

44 2393 47 2406 ”
97 2395 175 2423 rium
191 2392 305 2423 mediae
319 2402 346 2423 et
363 2394 480 2423 infimae
499 2394 681 2423 Graecitatis.

734 2393 854 2427 (Plures
869 2393 938 2424 scri-

96 2444 195 2478 ptores
212 2437 246 2466 de
262 2436 366 2472 obelis,
390 2436 528 2467 asteriscis
544 2436 668 2478 aliisque
685 2439 774 2473 notis,
796 2448 868 2478 quas
884 2448 934 2467 ve-

93 2487 169 2511 teres
183 2482 276 2511 critici
295 2481 465 2512 auexortbus
487 2479 619 2523 profanis
634 2480 850 2524 adposuerunt,
881 2492 936 2511 no·

595 924 860 974 Reprehenditur
878 927 975 960 etiam
987 923 1190 959 Aristarchus
1209 937 1226 958 a
1239 923 1406 965 Strabone,
1427 933 1500 958 non
1515 933 1582 956 vno
1596 921 1630 955 in
1645 919 1742 954 loco:
1761 931 1776 950 a
1793 914 1850 966 [Ψ]

1034 977 1060 1014 Ζ
1076 988 1093 1011 z
1120 987 1138 1019 3
1669 969 1851 1006 Plutarcho

1001 1083 1093 1111 minat
1109 1080 1143 1111 cl.
1162 1078 1309 1122 Villoison
1325 1082 1355 1111 in
1375 1077 1508 1119 Prolegg.
1523 1079 1647 1108 Homer.
1663 1087 1690 1117 p.
1704 1074 1765 1110 22.]
1802 1073 1848 1103 De

999 1125 1114 1160 σημείοις
1131 1127 1247 1156 Criticis
1262 1127 1292 1154 in
1308 1135 1361 1154 ora
1376 1126 1558 1165 Scriptorum
1568 1120 1850 1162 Hippocraticorum

1001 1168 1073 1200 olim
1091 1169 1199 1199 additis
1216 1168 1451 1199 videGalenum
1474 1175 1545 1197 tom.
1561 1168 1598 1195 V.
1621 1164 1692 1194 edit.
1714 1159 1797 1192 Bafil.
1819 1170 1848 1201 p.

1001 1223 1066 1250 399-
1083 1222 1156 1249 404-
1204 1211 1304 1250 [Conf.
1325 1211 1471 1254 Villoison
1491 1208 1608 1241 Prol.in
1626 1210 1717 1238 Hom.
1734 1217 1767 1257 Ρἰ
1783 1204 1847 1254 κη’]

1000 1258 1111 1298 Scripta
1131 1254 1294 1286 Philoxeni
1309 1255 1368 1295 περὶ
1389 1253 1496 1291 σημείων
1517 1254 1542 1281 ἓν
1562 1253 1597 1288 τῇ
1612 1251 1741 1286 Θεογονίᾳ
1769 1250 1850 1298 Hem:

1001 1296 1052 1337 δε,
1080 1302 1124 1330 vti
1146 1302 1287 1337 Diogenis
1310 1301 1447 1334 Cyziceni
1470 1306 1499 1327 et
1519 1298 1651 1327 Svetonii
1673 1289 1850 1333 Tranquilli

1001 1343 1061 1383 περὶ
1076 1345 1126 1372 τῶν
1147 1345 1172 1372 ἓν
1192 1343 1316 1377 βιβλίοις
1340 1341 1467 1378 σημείων,
1491 1341 1605 1383 pridem
1619 1347 1787 1380 temporum
1805 1338 1849 1364 in-

1002 1389 1080 1418 iuria
1098 1387 1318 1418 interciderunt.
1340 1384 1464 1417 Faba-ic.
1489 1384 1570 1415 Adde
1586 1383 1758 1421 I0.Geurg.
1772 1377 1849 1428 Iaca

1003 1430 1065 1462 diss‘.
1081 1431 1118 1461 de
1134 1433 1211 1461 notis
1230 1440 1365 1460 veterum
1389 1431 1507 1460 criticis.
1533 1431 1619 1459 lenae
1643 1436 1728 1465 1704.
1776 1421 1852 1454 Pin-

1003 1477 1132 1507 loxenus
1147 1475 1266 1516 scripsit,
1289 1476 1358 1504 teste
1372 1473 1474 1505 Suida
1489 1475 1540 1504 111.
1563 1483 1590 1514 p.
1613 1474 1674 1501 606
1697 1477 1725 1499 et
1747 1467 1853 1499 Eudo-

1003 1521 1052 1550 cia
1074 1521 1104 1549 in
1120 1519 1200 1549 Viol.
1215 1530 1243 1560 p.
1260 1528 1332 1554 424.
1348 1517 1407 1557 περὶ
1417 1516 1525 1552 σημείων
1540 1517 1563 1545 ἓν
1586 1515 1620 1547 τῆ
1633 1511 1748 1550 Ἰλιάδι,
1776 1514 1848 1541 item

1002 1563 1039 1595 de
1051 1563 1152 1606 gloffis
1171 1562 1220 1592 lib.
1236 1565 1270 1591 V.
1288 1570 1316 1591 et
1331 1561 1366 1590 de
1379 1561 1480 1604 gloffis
1501 1560 1688 1593 Homericis.
1738 1558 1849 1586 Contra

1001 1602 1194 1650 Aristonicus
1208 1599 1641 1642 Alexandrinus'grammaticus
1657 1600 1776 1641 scripsit,
1805 1606 1848 1648 te:

1002 1652 1041 1681 ste
1056 1651 1158 1682 81ιὶίῖίέ
1175 1658 1246 1680 tom.
1264 1652 1286 1680 I.
1304 1661 1331 1691 p.
1347 1653 1412 1684 326.
1431 1647 1490 1687 regn*
1501 1648 1550 1675 τῶν
1566 1645 1672 1680 σνμεὶων
1690 1644 1740 1672 τᾶν
1763 1644 1787 1670 ἓν
1811 1653 1847 1676 τῃ

1000 1696 1132 1730 Θεογονίᾳ
1151 1690 1277 1731 Umida,
1307 1695 1370 1734 (qui
1387 1693 1463 1724 liber
1477 1691 1612 1722 laudatur
1628 1692 1657 1719 in
1675 1686 1792 1718 scholiis
1809 1684 1847 1737 ad

1000 1739 1162 1777 Theogon.
1186 1749 1214 1779 p.
1232 1744 1298 1773 248.
1321 1737 1469 1771 Heinsii2)
1499 1737 1570 1764 item
1594 1732 1653 1772 περὶ
1669 1731 1719 1760 ταῖν
1737 1740 1848 1765 onnam*

999 1783 1035 1810 ri?
1053 1781 1180 1822 Ὁμήρκ,
1209 1783 1277 1811 teste
1299 1782 1419 1811 auetore
1442 1778 1638 1816 Etymologici
1661 1777 1703 1807 M.
1727 1777 1758 1805 in
1779 1783 1845 1823 poc.

999 1826 1106 1861 Λύχνος
1122 1837 1150 1867 p.
1167 1835 1231 1863 572.
1287 1827 1330 1855 De
1345 1825 1458 1859 ςιγμαῖς
1479 1824 1537 1852 siue
1558 1817 1846 1866 interpun&ionibus

999 1880 1028 1900 v.
1051 1869 1147 1901 schol.
1179 1869 1214 1899 ad
1246 1869 1380 1903 Diem-fii
1410 1876 1501 1897 artem
1534 1871 1687 1904 grammat.
1715 1865 1747 1892 in
1779 1861 1846 1894 Vll·

1000 1913 1102 1955 loisbn.
1119 1913 1225 1943 Anecd.
1241 1924 1283 1951 gr.
1302 1923 1365 1954 pag.
1386 1918 1428 1945 138
1448 1910 1507 1951 sqq.
1536 1918 1564 1939 et
1585 1903 1846 1953 ipsumff'illoison

998 1956 1017 1987 l.
1033 1969 1057 1987 c.
1075 1968 1091 1987 a
1109 1969 1137 2000 p.
1156 1966 1199 1993 ¹35
1218 1974 1260 1979 —
1277 1966 1336 1991 ¹43-
1358 1963 1386 1985 et
1408 1955 1466 1984 ind.
1490 1954 1542 1984 sub
1564 1963 1630 1983 voc.
1646 1948 1846 1982 PunHuatto.

998 2004 1082 2038 Qiae
1096 2012 1170 2031 vero
1186 2002 1336 2040 hucusque
1352 1999 1483 2029 nondum
1507 1997 1573 2028 satis
1597 1995 1727 2037 exposita
1750 1994 1844 2023 mani·

995 2044 1126 2087 festaque
1142 2044 1260 2074 fuerunt
1278 2044 1312 2073 de
1329 2044 1414 2082 signis
1428 2050 1562 2072 veterum
1584 2041 1755 2070 criticorum
1776 2035 1844 2066 vsu-

998 2100 1055 2130 que
1070 2097 1099 2119 et
1119 2090 1278 2130 potestate,
1315 2098 1348 2117 ea
1374 2097 1450 2117 nunc
1475 2085 1541 2116 sunt
1567 2084 1693 2114 clariora
1714 2089 1741 2111 et
1763 2088 1845 2123 pate-

996 2133 1082 2169 faeta,
1107 2135 1224 2171 cognito
1243 2140 1271 2161 et
1286 2130 1434 2172 publicato
1450 2128 1514 2160 cod.
1532 2129 1660 2160 Homeri
1681 2126 1766 2164 fignis
1784 2123 1844 2154 illis

995 2175 1117 2215 largiter
1131 2177 1270 2206 instructo
1288 2184 1315 2204 et
1329 2174 1410 2204 edito
1429 2174 1466 2204 ab
1488 2172 1540 2204 cel.
1563 2169 1760 2211 Villoisbni0‚
1790 2168 1843 2210 qui

995 2222 1025 2250 in
1039 2220 1203 2258 Prolegom.
1233 2230 1260 2260 p-
1277 2228 1295 2256 7
1314 2218 1354 2260 sq.
1370 2220 1505 2260 inprimis
1520 2229 1550 2258 p.
1566 2225 1598 2254 17
1617 2215 1656 2255 sq.
1670 2220 1699 2243 et
1718 2212 1789 2242 alibi
1805 2211 1842 2241 de

994 2266 1031 2294 iis
1049 2265 1136 2294 ‹108oe
1150 2262 1327 2304 copioseque
1343 2261 1471 2303 disputat
1484 2262 1629 2301 nobisque
1643 2258 1711 2288 fecit
1732 2258 1840 2286 otium.

994 2308 1078 2338 Adde
1109 2310 1170 2337 eius
1204 2306 1311 2336 Anccd.
1340 2316 1435 2345 graec.
1464 2307 1502 2336 11.
1532 2304 1621 2334 indic.
1652 2313 1680 2332 v.
1716 2299 1840 2331 Punffa

993 2360 1024 2382 et
1038 2351 1152 2391 Signa,
1176 2358 1204 2380 et
1218 2349 1253 2379 cl.
1274 2349 1450 2380 Siebenkees
1472 2352 1502 2379 in
1523 2346 1664 2378 Biblioth.
1686 2344 1739 2374 der
1761 2342 1840 2374 alten

992 2396 1124 2425 Litterat.
1142 2402 1195 2424 etc.
1212 2402 1286 2435 part.
1301 2395 1323 2424 1.
1339 2404 1367 2436 p.
1383 2396 1424 2433 67
1440 2392 1501 2436 sqq.
1516 2394 1568 2425 111.
1592 2402 1620 2434 p.
1636 2398 1670 2429 71
1688 2388 1749 2432 sqq.
1762 2386 1839 2418 adde

988 2447 1055 2481 part
1071 2441 1105 2469 V.
1127 2449 1155 2480 p.
1170 2447 1218 2473 30.
1240 2436 1348 2478 Harl.⁴
1722 2439 1726 2442 ’
