2071 2747
690 66 889 104 EDITION
897 68 946 103 Es
1248 68 1322 105 Lib.
1334 69 1383 105 H.
1397 82 1421 105 c.
1435 70 1524 108 XX.
1630 84 1688 118 337

46 160 119 196 vu.
145 160 234 196 VIII.
274 161 384 196 Venio
406 157 447 197 ad
477 159 562 196 ΕΒ
577 162 602 196 I
619 162 684 197 TI
699 163 731 198 O
747 163 872 198 NES

44 236 206 273 Herodoti
224 237 403 285 Historiae,
430 245 524 274 antea
547 253 648 288 quam
673 253 790 288 graece
814 249 1092 289 comparuerunt,
1120 253 1137 275 a
1156 240 1332 277 Laurentio
1355 242 1457 280 Valla
1478 248 1511 281 in
1534 246 1685 296 linguam

0 302 78 325 nam
94 288 274 327 conuersae
294 291 405 328 lucem
421 290 592 335 viderunt,
623 304 711 336 ¹474·
730 291 789 329 sol.

45 363 211 399 Herodoti
233 361 440 409 historiarum
465 363 542 398 libri
556 365 623 400 IX.
657 364 776 400 latine:
804 365 841 400 ln
867 365 951 401 fine:
976 364 1264 403 HerodotiHalic.
1276 370 1388 413 patris
1410 369 1558 415 historiae
1574 374 1685 407 tradu-

0 427 32 450 »ε
43 427 163 463 graeco
177 417 210 450 in
226 416 363 450 latinum
374 428 436 462 per
454 418 561 451 virum
587 417 826 462 emiditiffimum
852 418 950 452 Laur.
968 417 1009 453 V
1005 417 1149 464 allerisem
1173 439 1220 444 —
1251 439 1304 447 —·
1333 420 1482 457 Veneriis
1504 424 1686 472 imprefficm

0 468 301 556 ζοτὲξῖβιιιηιςίτ.
321 469 485 556 atlhanti,
511 471 635 505 natione
657 470 830 504 Gallicum.
856 483 884 504 α.
906 469 976 506 Dn.
993 471 1044 506 M.
1053 470 1184 507 CCCC.
1194 471 1398 508 LXXIIII.
1431 475 1568 511 Nicolao
1590 478 1684 512 Mar.

110 587 187 624 vid.
206 589 360 638 Catalog.
376 587 524 625 biblioth.
540 591 664 625 Runau.
680 600 765 626 tom.
784 592 804 625 1.
822 604 854 639 p.
869 594 927 636 96.
951 600 982 626 et
1002 588 1092 627 conf.
1110 592 1160 626 Io.
1179 593 1310 627 1οαὶαηί
1325 593 1470 629 Pontiani
1491 595 1626 644 epistola
1642 597 1683 634 ad

0 653 23 676 r.
38 639 247 677 saluatorem
264 641 416 684 Vanam,
444 655 507 691 qua
525 643 688 677 Laurentii
705 643 821 678 Vallac
839 641 1022 678 versionem
1040 642 1229 693 postumam
1246 647 1281 681 in
1296 648 1380 694 regis
1396 644 1526 684 Alfonfi
1541 653 1683 698 gratiam

0 692 160 743 npositam
176 693 411 737 commendat,
434 704 516 730 tom.
535 697 589 729 111.
605 697 694 745 Opp.
717 708 749 744 p,
767 707 860 741 2597.
883 694 957 730 edit.
974 695 1068 732 hasil.
1092 699 1178 743 1566.
1197 705 1226 738 8.

42 767 169 802 Herod(
181 770 208 803 {i
221 767 423 816 lissay-iarum
441 767 517 802 libri
532 768 601 802 IX.
617 767 715 803 latine
732 779 771 802 ex
791 769 802 801 i
814 770 1056 812 1t‚·rpr·etnti0ne
1072 771 1112 805 L.
1134 768 1175 803 V
1172 769 1263 806 allae.
1318 772 1355 807 In
1370 770 1476 808 calce:
1511 775 1682 824 Impreſj'us

0 821 45 869 pis
80 822 380 863 A1·n.}'annartzii)
408 821 544 862 Romae,
591 822 625 854 t'n
657 821 750 854 domo
779 821 893 854 nohiljs
924 823 988 854 riri
1021 822 1117 857 Petri
1147 822 1186 856 de
1213 823 1382 861 Maximis.
1413 824 1536 871 ¹Anno
1560 829 1681 875 Jiilutis

2 871 66 908 CC
67 872 97 908 C
98 873 134 909 C.
149 872 309 908 LXX.‘-'.
336 872 387 906 die
411 872 502 908 XX.
520 872 628 922 mensis
644 872 777 918 Apri’Iis
797 882 855 906 etc.

106 938 209 976 Conf.
228 939 416 987 Audifft·edi
432 939 584 988 Catalog.
599 938 685 975 editt.
702 953 788 975 rom.
806 937 886 975 saec.
905 941 978 976 XV.
1000 954 1033 990 p.
1053 938 1172 991 182'sq.
1227 944 1264 978 In
1286 946 1524 993 epigrammate
1547 946 1604 982 fini
1627 948 1679 984 ad.

0 1005 24 1028 ὀ
47 990 166 1028 dicitur
183 992 334 1028 Andreas
351 992 524 1039 Aleritnfis
546 990 718 1043 episcopus
740 1004 923 1028 extremam
948 990 1134 1043 imposuisse
1156 995 1285 1031 limam.
1340 996 1400 1031 llle
1423 1009 1533 1034 autem
1559 999 1681 1050 episto-

0 1072 12 1088 ,
37 1059 120 1080 num
141 1047 189 1080 Io.
200 1046 382 1087 Antonius,
409 1043 500 1095 quod
515 1044 650 1094 quidam
667 1059 705 1080 ex
721 1047 889 1095 epitaphio
908 1045 992 1080 illius
1005 1045 1093 1095 apud
1110 1047 1292 1096 Vghellum
1310 1050 1342 1083 in
1358 1049 1447 1085 Italia
1464 1048 1568 1093 sacra,
1597 1064 1680 1089 tom.

11 1098 76 1134 col.
91 1110 161 1143 504.
176 1101 287 1133 minus
304 1109 454 1134 accurate
473 1095 636 1148 descripto
655 1095 787 1133 fuerant
804 1097 1078 1144 demonstraturi,
1105 1114 1145 1134 an
1165 1101 1210 1134 lo.
1229 1101 1399 1146 Andreas,
1427 1103 1515 1151 quod
1535 1104 1680 1153 Quirini,

3 1162 221 1200 purpuratus,
244 1149 415 1186 contendit
430 1161 462 1186 et
479 1153 592 1191 euicit,
617 1148 654 1186 fit
676 1153 886 1193 nominatus,
921 1148 1022 1186 furius
1050 1148 1231 1200 disputatur
1255 1156 1286 1187 in
1315 1154 1487 1202 Freytngii
1510 1156 1679 1206 Adparatu

0 1206 116 1245 trario,
143 1214 227 1239 tom.
243 1204 301 1239 111.
321 1217 352 1252 p.
367 1205 433 1238 620
450 1201 519 1252 sqq.
549 1201 634 1238 adde
649 1202 827 1239 Drnckenb.
844 1205 878 1238 in
902 1202 1042 1239 elencho
1066 1203 1251 1240 editionum
1269 1206 1373 1248 Liuii,
1401 1217 1484 1242 tom.
1501 1210 1575 1246 VII.
1598 1224 1676 1260 pag.

0 1272 12 1292 ι.
31 1258 88 1305 qui
110 1255 226 1297 docet,
258 1269 435 1306 perperam
460 1255 556 1290 illum
581 1258 748 1292 nominari
771 1256 821 1291 Io.
838 1255 1035 1297 Antonium,
1072 1253 1125 1291 sed
1153 1259 1270 1292 ret-”tius
1296 1259 1344 1294 Io.
1363 1259 1549 1295 Andream:
1583 1273 1680 1312 atque

0 1309 57 1344 oris
71 1310 217 1344 nominis
234 1310 430 1358 opinionem
456 1318 566 1344 ortam
589 1305 652 1343 esse
671 1321 710 1344 ex
734 1306 937 1357 compendio
961 1305 1138 1358 scripturae
1161 1311 1210 1344 lo.
1224 1312 1293 1346 An.
1310 1311 1598 1359 quemadmodum
1618 1329 1678 1352 no·

0 1361 19 1396 n
31 1359 117 1396 illius
133 1363 166 1396 in
182 1360 295 1397 multis
310 1358 408 1410 ipsius
424 1361 537 1397 litteris
551 1371 720 1396 exaratum
737 1360 868 1409 legitur.
924 1363 968 1396 At
981 1359 1021 1396 de
1043 1358 1109 1410 ipsa
1126 1361 1246 1396 Vanae
1270 1366 1534 1412 interpretatione
1559 1380 1599 1402 ex
1621 1381 1677 1404 co—

24 1413 146 1449 mutilo
161 1411 266 1457 facta,
293 1416 380 1448 varia
401 1410 593 1462 diuersaque
613 1415 764 1449 virorum
786 1412 968 1448 doftorum
992 1412 1109 1448 iudicia
1128 1411 1272 1450 suerunt.
1331 1418 1369 1450 ln
1393 1419 1508 1466 primis
1532 1421 1677 1468 Poggius

0 1424 147 1502 Ientinus
174 1465 344 1502 maledixit
365 1465 482 1501 Vallae
511 1465 619 1501 adhuc
645 1467 743 1501 viuo:
770 1476 867 1514 atque
895 1467 983 1501 Dan.
1005 1467 1151 1501 Huetius
1172 1465 1214 1502 de
1237 1467 1329 1502 claris
1354 1471 1582 1517 interpretibus
1599 1469 1673 1509 feet.

0 1515 114 1568 [pag.
132 1521 209 1555 266.
227 1531 326 1561 eum,
347 1515 472 1564 scribit,
500 1518 688 1565 oscitantem
700 1518 835 1566 saepiur
855 1524 886 1552 et
909 1519 989 1552 alias
1011 1530 1064 1554 res
1087 1526 1233 1567 agentem
1239 1519 1342 1565 fidem
1358 1523 1446 1567 apud
1467 1525 1612 1559 eruditos
1629 1527 1679 1561 de·

0 1568 58 1658 Ξὶ.
110 1572 180 1607 Nec
202 1573 346 1621 pepercit
369 1573 397 1606 ei
427 1573 489 1606 Iac.
507 1572 709 1607 Gronouius.
777 1569 888 1606 Multa
910 1569 1045 1619 quidem
1067 1574 1232 1620 peccauit,
1266 1572 1371 1608 multa
1395 1577 1561 1624 corrupit,
1593 1590 1677 1626 quae

30 1620 168 1659 aduertit
183 1628 214 1659 et
229 1621 354 1659 sanauit
369 1623 500 1659 Paullus
517 1622 719 1671 Leopardm,
745 1625 892 1658 maxime
906 1624 951 1659 H.
968 1624 1162 1672 Stephanus,
1188 1624 1293 1660 multa
1313 1636 1425 1661 tamen
1440 1629 1473 1661 in
1491 1629 1677 1665 Laurentia-

3 1672 189 1721 abscondita
203 1675 326 1720 latent,
353 1674 439 1711 vnde
455 1673 568 1710 sanitas
585 1686 615 1711 et
631 1689 726 1712 verus
745 1676 841 1711 color
855 1674 1034 1711 Herodoto
1052 1675 1157 1711 redire
1174 1686 1288 1725 queat:
1314 1676 1345 1712 id
1371 1677 1462 1727 quod
1490 1679 1674 1729 lVeffi’ling.

0 1723 57 1769 ΕΠ.
71 1727 264 1765 Herodotea
281 1742 352 1777 cap.
372 1729 460 1764 Vlll.
479 1728 531 1763 vbi
547 1727 588 1764 de
599 1728 716 1764 Vallae
731 1730 998 1778 interpretatione
1012 1727 1101 1763 haud
1120 1726 1252 1777 prorsus
1277 1729 1568 1781 inelegante'agiss
1590 1734 1678 1771 mul-

0 1771 154 1830 Exemplis
171 1783 416 1830 comprobauit.
471 1782 522 1816 De
539 1779 637 1817 codd.
655 1784 760 1816 msstis
776 1780 862 1816 illius
879 1783 1153 1829 interpretationis
1171 1778 1263 1828 supra
1279 1784 1343 1817 iam
1359 1781 1576 1822 disseruimus
1620 1787 1675 1822 Est

0 1838 23 1869 b
35 1831 91 1868 illa
105 1834 246 1869 crebrius
263 1835 399 1881 repetita
415 1836 511 1882 typis.
542 1853 593 1860 -—-
623 1834 768 1869 Venetus
785 1846 843 1882 per
863 1835 1020 1867 ioannem
1038 1843 1068 1868 et
1084 1835 1284 1881 Gregorium
1306 1833 1345 1870 dc
1363 1837 1532 1884 Gregoriis
1546 1835 1676 1877 fratres.

0 1881 30 1924 ΙΙ.
46 1885 147 1920 Mart.
170 1897 266 1932 1494.
290 1883 352 1921 fol.
383 1905 431 1911 —
459 1884 632 1920 emendata
656 1886 694 1920 ab
719 1885 863 1920 Antonio
879 1886 1093 1925 Mancincllo,
1127 1885 1291 1935 praecedit
1315 1887 1471 1932 [socratis
1502 1893 1609 1926 oratio
1633 1890 1675 1927 de

0 1931 87 1986 dibu:
102 1938 270 1983 Helenae,
298 1952 314 1973 a
334 1938 382 1973 Io.
403 1938 502 1972 Petro
519 1938 649 1987 Luctus?
674 1938 774 1972 latine
797 1935 941 1979 reddita,
966 1935 1045 1972 saec.
1061 1939 1131 1972 XV.
1153 1935 1212 1972 sol.
1242 1936 1331 1973 conf.
1348 1938 1388 1974 de
1409 1941 1470 1975 hac
1491 1952 1522 1977 et
1543 1942 1674 1993 reliquis

0 1990 58 2026 11ιῦ
69 1998 141 2026 mm
156 1989 310 2027 versionis
324 1989 379 2025 lat.
396 1999 468 2026 tum
485 2001 589 2026 textus
606 1994 715 2039 graeci
732 1988 926 2026 editionibus
941 1990 1091 2025 Clemcnt.
1104 1990 1252 2025 biblioth.
1269 1991 1381 2028 hissor.
1397 2002 1429 2028 et
1444 1996 1514 2031 crit.
1534 1995 1601 2031 vol.
1618 1998 1673 2033 1Χ.

0 2050 20 2089 ι·
31 2046 92 2086 ⁴³⁶
105 2039 174 2093 sqq·

46 2125 167 2162 Ekrod.
191 2121 304 2161 nodam
320 2126 430 2174 Must,
462 2140 482 2161 a
505 2127 607 2162 Laur.
627 2125 730 2162 Valla
754 2126 912 2167 translate,
940 2136 1001 2162 etc.
1059 2129 1212 2162 Veneunt
1242 2123 1337 2163 Paris.
1366 2141 1385 2162 a
1410 2130 1528 2166 Ioanne
1548 2132 1675 2170 Paruo.

0 2177 107 2223 1004.
128 2191 205 2214 cura
225 2179 322 2214 Petri
339 2179 520 2221 Phoenicis,
547 2182 601 2228 qui
614 2178 655 2215 de
671 2177 825 2214 verlionis
845 2182 1078 2214 laurentianae
1092 2177 1222 2215 defec‘lu
1240 2180 1434 2229 conquestus
1449 2182 1502 2218 est.
1554 2186 1597 2220 At
1612 2189 1677 2234 pri-

0 2238 83 2265 ntot
96 2232 219 2279 capita,
249 2233 282 2266 in
305 2234 572 2280 interpretatione
588 2234 739 2267 Laurent.
765 2230 904 2281 ipsisque
923 2230 1106 2272 codicibus,
1131 2243 1203 2267 tum
1231 2245 1290 2273 eo,
1315 2246 1383 2282 quo
1405 2231 1477 2269 vsus
1500 2234 1543 2270 est
1566 2238 1673 2280 Valla.

0 2281 275 2318 nvindobonenfi
291 2294 322 2318 et
339 2281 589 2326 Sancroftiano,
614 2281 810 2326 exsulantia,
833 2284 1002 2333 pristinam
1022 2287 1055 2320 in
1072 2281 1181 2320 sedem
1199 2287 1367 2322 reuocauit
1385 2289 1543 2337 vertitque
1556 2290 1674 2325 Heres-

0 2330 72 2369 ’ἂν
93 2336 127 2369 in
147 2333 288 2371 editione
312 2331 480 2385 inscripta:

24 2415 58 2448 01.
73 2417 123 2451 ΙΙ.
809 2415 866 2448 Vv
1546 2419 1674 2458 Herod.
