2183 2747
615 102 838 140 PERIPLVS.

57 207 108 243 fit,
132 201 213 235 haud
233 200 323 233 facilc
338 199 476 244 expediri
495 207 585 241 atque
600 199 916 241 demonstrarifpoflit.

13 254 162 301 'Itaque
187 257 221 278 ca
238 271 246 285 ‚
271 257 349 288 quae
370 247 435 288 post
458 246 588 275 Fabricii
611 245 803 285 diligentiam
824 252 915 285 atque

55 295 237 326 memoriam
261 293 298 322 de
321 292 481 322 Hannonis
503 297 600 320 aetate
624 288 793 331 libelloque
815 288 916 330 dispu-

55 346 117 370 tata
137 339 258 379 reperi,
295 334 436 375 colligam
459 337 624 376 paucisque
647 333 915 376 comprehendam.

54 376 215 414 Mariana
241 383 274 410 in
296 382 432 411 Historia
454 380 492 409 de
515 377 626 421 Espaiia
656 378 725 409 libr.
744 381 764 408 I.
788 386 851 419 cap.
868 388 913 408 22.

54 434 165 469 putat,
203 427 361 456 Hannonis
387 426 616 462 nauigationem
647 423 784 453 incidere
812 425 844 452 in
868 432 918 451 an-

53 481 129 501 num
159 472 292 512 primum
315 468 489 511 olympiad,
518 470 681 498 LXXXIII.
704 469 724 497 i.
748 478 773 497 c.
801 476 826 496 a.
848 473 917 505 448.

13 554 19 557 *
51 522 124 545 ante
138 516 171 545 C.
181 516 234 551 N„
244 514 464 555 Bougains'ille
479 513 557 543 bene
571 514 683 542 meruit
700 512 737 542 de
753 514 917 547 Hannone,

53 568 145 601 atque
166 557 322 590 Dodwelli
346 558 502 598 Vosliiquc
526 556 658 587 lubricas
681 555 828 597 falsasque
853 557 917 597 opi-

53 606 162 634 niones
185 603 274 634 doete
297 602 481 645 copioseque
502 601 650 632 refutauit
671 604 702 631 in
725 602 805 631 binis
828 602 918 630 Com-

52 648 309 684 mentationibus‚
319 650 350 677 in
361 649 444 686 regia
454 645 626 676 litterarum
637 645 861 684 elegantiorum
873 643 916 674 so-

53 695 162 723 cietate
171 693 324 723 Parisienii
333 690 509 733 praelectis:
534 700 663 732 quarum
677 692 762 731 prior
774 691 851 730 typis
869 699 916 718 ex-

52 736 163 779 scripta
180 739 221 766 est
242 739 275 766 in
292 739 436 766 Memoir.
462 735 499 765 de
516 734 635 765 l'Acad.
652 737 686 765 R.
704 734 755 764 des
779 732 916 774 Inscript.

52 789 128 812 tom.
143 783 254 812 XXVI.
278 791 344 822 pag.
362 792 406 811 10.
423 779 485 821 sqq.
507 785 551 816 (et
568 781 741 818 germanice
765 777 849 808 versa
866 777 916 807 ad-

53 827 160 856 haeret
189 827 356 856 theotiscae
381 826 503 854 Arriani
533 825 780 865 interpretationi
805 823 917 852 Schmi-

53 870 163 901 dianae
185 879 251 911 pag.
272 873 331 899 162.
350 868 426 909 sqq.)
450 869 600 909 posterior
626 876 728 897 autem
752 866 828 896 ibid.
843 875 916 897 tom.

53 917 196 946 XXVIII.
229 923 296 954 pag.
312 917 381 943 260.
408 911 470 953 sqq.
499 914 531 942 in
553 923 612 953 qua
642 914 786 942 euincere
820 911 918 941 studet

52 960 236 997 Bougainv.,
258 958 416 987 auetorem
439 955 553 999 Peripli
576 955 665 987 illum
694 955 752 986 esse
787 954 918 986 Hanno-

54 1013 142 1038 nem,
173 1001 210 1031 ad
234 1012 326 1042 quem
348 1011 364 1029 a
387 999 570 1042 philosopho
597 1000 818 1035 Anacharfidc‚
843 1001 916 1029 teste

54 1047 198 1082 Cicerone
216 1047 253 1075 V.
285 1044 415 1075 Tuscul.
438 1047 552 1085 quaest.
579 1055 642 1086 cap.
664 1055 712 1081 32,
743 1043 800 1079 (ad
824 1054 916 1084 quem

56 1089 156 1121 locum
171 1088 278 1120 confer
293 1090 406 1119 Dauisii
426 1094 567 1125 notam‚)
592 1087 718 1130 epistola
734 1087 842 1128 scripta
863 1089 916 1124 est,

53 1134 192 1175 adeoque
217 1131 307 1164 illum
330 1132 436 1163 vixisse
461 1132 583 1174 Olymp.
605 1135 712 1163 XLVI.
732 1142 758 1161 a.
781 1143 821 1161 m.
839 1140 915 1168 3333,

52 1179 153 1216 (fine,
190 1177 356 1208 secundum
378 1177 474 1208 Saxii
494 1179 627 1207 rationes
651 1179 682 1206 in
707 1177 915 1212 Onomastico,

52 1224 174 1254 circiter
189 1232 215 1252 a.
231 1233 271 1253 m.
289 1233 365 1259 3411.
382 1230 450 1252 ante
467 1223 521 1252 Ch.
541 1233 570 1251 n.
582 1231 645 1259 59²·
662 1223 698 1251 V.
713 1222 746 1251 C.
765 1224 843 1257 160.)
867 1218 919 1250 Illi

51 1266 222 1298 adsentitur
241 1268 348 1297 aqur
370 1265 443 1296 libri
465 1267 617 1296 historici:
641 1268 731 1296 Neue
748 1263 844 1295 Welt-
853 1263 917 1294 und

52 1310 401 1350 Menschengeschichte.
426 1312 486 1340 Ans
505 1311 575 1340 dem
592 1308 836 1345 Franzofischen,
861 1310 917 1339 mit

53 1355 197 1387 Zusa'tzen
227 1356 290 1385 und
319 1357 561 1394 Anmerkungen
591 1354 740 1384 versehen
765 1365 826 1383 von
855 1354 916 1383 sssi-

51 1399 139 1431 chael
151 1399 328 1442 Hiſsman-n,
351 1398 411 1429 alte
435 1399 626 1437 Geschichte,
643 1398 704 1430 vol.
724 1401 776 1429 IV.
802 1398 855 1428 vbi
879 1396 916 1428 il-

53 1443 106 1475 lud
131 1446 156 1474 is
177 1447 236 1475 iter
258 1443 323 1474 fuse
337 1443 532 1485 persequitur
548 1467 556 1480 ‚
581 1453 609 1474 et
637 1454 702 1485 pag.
720 1453 779 1479 253.
804 1441 914 1477 censet,

51 1491 279 1528 nauigationem
312 1492 471 1519 Hannonis
503 1488 666 1530 susceptam
698 1487 755 1518 effe
784 1497 810 1516 a.
846 1496 915 1516 ante

53 1536 86 1565 C.
104 1535 144 1564 N.
169 1544 235 1573 570.
258 1541 309 1563 aut
335 1537 418 1564 1660.
441 1543 528 1563 aerae
554 1532 757 1563 Callisthenis.
803 1534 841 1562 At
866 1540 915 1573 pa-

52 1589 121 1609 rum
131 1580 333 1608 ¹¹conueniunt
358 1589 426 1607 cuni
447 1579 504 1608 hoc
528 1580 680 1607 Hannone
703 1586 758 1613 ea,
783 1586 861 1618 quae
877 1575 914 1606 de

51 1624 175 1653 austere
197 1621 310 1664 Peripii
332 1621 386 1652 alii
413 1621 630 1664 prodiderunt.
676 1621 915 1661 Campornaun,

52 1667 179 1708 scriptor
208 1666 387 1708 Hispanus,
422 1665 536 1696 multus
564 1668 604 1696 est
635 1665 672 1696 de
696 1667 799 1695 nostro
831 1667 915 1695 Han-

52 1721 134 1742 none
159 1712 191 1741 in
213 1712 308 1741 Libro
335 1712 372 1741 ab
398 1710 581 1741 Hissmanno
604 1713 636 1740 in
666 1709 756 1748 longa
780 1709 915 1739 animad-

52 1756 191 1786 uersione
211 1756 248 1785 ad
273 1754 387 1786 librum
407 1753 486 1785 Galli
503 1754 668 1796 superioris
689 1756 836 1789 anonymi
854 1764 915 1783 me-

51 1808 203 1831 moratum
224 1810 290 1841 pag.
306 1808 365 1836 233.
381 1799 519 1829 laudato:
550 1799 741 1838 Antigtiedad
762 1799 915 1828 maritima

53 1845 90 1875 de
111 1844 138 1874 la
159 1843 317 1885 republica
339 1844 376 1874 de
398 1846 537 1882 Cartago.
585 1846 651 1874 Con
677 1843 704 1873 el
728 1841 851 1884 Periplo
876 1842 914 1872 de

51 1888 82 1918 sa
105 1887 235 1919 General
257 1888 389 1923 Haiion,
422 1888 584 1918 tracudido
605 1888 643 1918 de
667 1890 782 1926 Griego
805 1887 819 1917 ὲ
844 1886 913 1917 illu-

52 1933 152 1964 strado
184 1943 241 1974 por
270 1934 306 1962 D.
338 1932 436 1963 Pedi-o
470 1932 636 1972 Rodlguez
673 1932 912 1972 Camponmnes.

53 1980 97 2008 En
119 1977 242 2008 Madrid
267 1981 346 2015 136.
371 1984 396 2010 S.
432 1978 485 2017 qui
509 1975 588 2007 liber
607 1987 702 2017 quum
725 1987 786 2005 non
809 1976 911 2005 admo-

52 2023 126 2053 dum
148 2020 250 2051 multis
283 2023 341 2050 erit
365 2024 502 2059 cognitus
520 2044 528 2057 ,
568 2032 622 2050 nec
646 2019 822 2050 His—‘manni
847 2030 913 2051 ver-

51 2067 94 2097 fio
121 2064 223 2105 gallici
251 2064 322 2095 libri
348 2073 377 2095 et
404 2065 626 2095 animaduersio
657 2066 812 2101 omnibus,
829 2075 913 2106 prae-

18 2150 21 2152 Π
51 2114 141 2153 cipue
161 2109 283 2149 linguae
300 2111 464 2140 theotiscae
485 2112 610 2148 ignaris,
627 2109 663 2139 ad
689 2119 813 2146 manus,
838 2108 914 2139 sum-

50 2166 132 2187 mam
158 2153 241 2184 illius
266 2156 367 2195 paucis
391 2163 530 2196 repetere
553 2164 653 2195 neque
676 2155 828 2192 ingratum
845 2152 914 2183 fore

51 2201 186 2230 arbitror
208 2197 391 2234 stemmatis,
422 2209 522 2239 neque
544 2199 581 2229 ab
606 2199 744 2228 instituto
766 2197 913 2228 alienum.

49 2247 86 2276 In
110 2243 238 2286 prologo
260 2245 322 2282 agit
340 2245 444 2284 Camp.
467 2243 504 2272 de
526 2245 689 2273 Hannonis
713 2241 852 2284 periplo,
885 2250 914 2273 et

51 2289 133 2320 hunc
154 2290 251 2330 perite
267 2287 404 2317 vindicat
425 2297 440 2315 a
455 2286 610 2318 Dodwelli
631 2286 812 2328 suspicione,
831 2288 913 2327 quasi

52 2332 107 2363 ille
133 2334 166 2362 fit
193 2331 292 2361 foetus
323 2332 481 2361 cuiusdam
509 2331 632 2361 serioris
663 2332 853 2373 impostoris,
886 2340 915 2361 et

53 2377 132 2407 claffi
144 2375 242 2408 veluti
263 2374 442 2406 libellorum
459 2376 682 2406 romanensium
701 2374 912 2405 accensendus.

53 2422 141 2451 Tum
162 2423 195 2452 in
215 2429 300 2462 parte
324 2422 428 2461 priore
456 2423 518 2459 agit
543 2420 580 2450 de
607 2431 640 2450 re
660 2429 801 2456 nautica,
827 2423 912 2450 naui-

52 2467 187 2506 gatione,
211 2466 398 2496 commercio
415 2472 505 2506 atque
521 2465 771 2507 expeditionibus
788 2465 912 2495 Cartha-

1000 102 1075 142 Lib.
1093 103 1123 142 I.
1150 115 1217 151 cap.
1239 100 1308 140 VI.
1793 115 1837 150 37

972 202 1153 241 ginensium.
1201 204 1235 232 In
1251 208 1334 243 parte
1351 200 1518 242 posteriore
1534 199 1632 232 edidit
1647 203 1746 244 primo
1763 213 1835 232 con-

971 254 1087 276 textum
1107 245 1222 288 Peripli
1245 256 1386 285 graecum
1411 256 1480 274 cum
1502 246 1640 276 versione
1662 246 1834 288 hispanicam

971 290 1044 321 dein
1066 300 1082 319 a
1104 300 1170 332 pag.
1189 300 1336 328 13—114.
1352 288 1518 320 illustrauit
1538 289 1693 332 Periplum
1709 293 1833 321 Hanno-

971 337 1035 373 nis,
1060 343 1151 376 atque
1167 343 1296 366 aetatem
1313 335 1444 365 auctoris
1461 334 1549 376 ipsius
1567 342 1596 364 et
1610 336 1729 364 itineris
1744 337 1835 365 mari-

972 381 1066 413 timi;
1109 380 1282 410 Fabricium
1309 380 1445 409 nostrum
1475 378 1661 409 refutaturus
1679 401 1688 415 ,
1724 378 1836 409 adserit

974 423 1097 466 Olymp.
1120 426 1227 456 XCIII.
1249 435 1275 454 2.
1291 424 1320 454 h.
1336 434 1362 453 e.
1386 433 1411 453 a.
1433 435 1461 454 v.
1489 435 1513 454 c.
1536 433 1602 462 347.
1627 431 1655 453 et
1669 431 1738 454 ante
1761 424 1833 453 Chr.

973 479 1003 499 n.
1019 480 1093 507 404.
1115 479 1211 510 quum
1241 469 1400 504 Dionysius
1430 470 1462 498 in
1486 466 1588 498 Sicilia
1609 466 1711 498 fuisset
1735 476 1835 502 tyran-

973 524 1038 544 nus.
1085 515 1123 543 At
1147 521 1344 552 argumenta,
1380 514 1491 554 quibus
1515 515 1637 549 vtitur,
1667 523 1729 542 non
1758 511 1836 542 adeo

972 557 1076 589 valida
1114 557 1199 594 sunt,
1245 566 1278 589 vt
1316 558 1560 588 dubitationibus
1598 555 1701 587 nullus
1740 554 1837 587 relin-

973 611 1085 644 quatur
1126 601 1219 632 locus.
1273 604 1409 633 Primum
1447 609 1662 641 argumentum
1703 603 1779 642 petit
1817 609 1836 630 a

971 646 1040 678 loco
1077 647 1189 691 Iustim’
1213 648 1278 681 XX.
1304 657 1327 683 ς.
1377 647 1467 683 „Sed
1496 647 1674 682 Dionysium
1701 648 1733 675 in
1763 647 1836 675 Sici-

971 690 1043 722 liam
1071 692 1221 722 aduentus
1249 692 1545 730 Carthaginiensium
1570 692 1746 726 reuocauit,
1778 691 1834 730 qui

971 745 1111 778 reparato
1128 738 1276 772 exercitu,
1301 735 1431 773 bellum,
1456 736 1539 778 quod
1557 736 1605 765 hic
1625 734 1836 770 deseruerant,

970 782 1065 812 arietis
1083 782 1202 812 viribus
1219 782 1408 823 repetebant.
1454 783 1521 810 Dux
1538 778 1613 810 belli
1630 780 1749 811 Hanno
1765 780 1836 809 Car-

970 826 1164 865 thaginiensis
1181 835 1261 862 erat,
1285 828 1370 856 cuius
1388 827 1531 855 inimicus
1550 826 1709 860 Sufflatus,
1730 831 1836 865 poten-

971 871 1094 900 tissimus
1111 881 1144 900 ea
1162 872 1337 912 tempestate
1353 873 1526 900 Poenorum
1537 893 1546 906 ‚
1569 880 1664 911 quum
1681 869 1754 899 odio
1770 870 1837 898 eius

969 916 1097 955 graecis
1128 914 1237 945 litteris
1260 916 1405 950 Dionyfio
1429 916 1596 945 aduentum
1622 916 1772 944 exercitus
1806 919 1836 942 et

972 958 1131 998 segnitiem
1153 959 1238 989 ducis
1261 959 1456 990 familiariter
1476 958 1731 1000 praenuntiass'ct,
1757 968 1837 987 com·

971 1004 1124 1044 prehensis
1159 1003 1292 1045 epistolis
1322 1003 1507 1046 proditionis
1541 1003 1721 1039 damnatur,
1755 1001 1836 1031 facto

971 1047 1089 1078 senatus
1113 1047 1268 1082 consult03
1299 1051 1348 1079 Nc
1365 1051 1433 1090 quis
1453 1049 1553 1089 postca
1580 1046 1844 1086 Carthaginiensis*

971 1101 1022 1122 aut
1044 1091 1153 1122 litteris
1177 1096 1292 1131 graecis
1318 1101 1368 1123 aut
1394 1092 1526 1122 sermoni
1548 1092 1699 1128 studeret,
1728 1101 1765 1121 ne
1784 1097 1837 1119 aut

971 1134 1058 1176 loqui
1079 1148 1148 1166 cum
1171 1138 1252 1167 hoste
1276 1145 1326 1167 aut
1347 1137 1479 1166 scribere
1496 1137 1555 1166 sine
1578 1138 1747 1177 interprete
1770 1133 1837 1176 pos·

972 1178 1049 1210 set“.
1097 1183 1137 1210 Ex
1157 1182 1203 1211 his
1226 1181 1333 1218 efficit,
1359 1184 1542 1212 Hannonem
1574 1179 1755 1222 descripsisse
1776 1182 1836 1208 iter

972 1232 1042 1254 ante
1064 1225 1291 1266 expeditionem
1317 1224 1460 1261 Siculam,
1486 1225 1578 1266 idque
1601 1235 1707 1264 graeca
1731 1224 1836 1262 lingua

972 1267 1078 1305 Vsum,
1103 1272 1249 1310 quoniam
1274 1278 1302 1299 et
1332 1268 1386 1299 ille
1409 1269 1557 1299 calluiss‘et
1587 1269 1722 1308 linguam
1751 1278 1836 1307 grae-

972 1322 1055 1348 cam,
1079 1324 1133 1343 nec
1160 1314 1261 1355 postea
1285 1312 1364 1343 vllus
1387 1314 1681 1352 Carthaginiensium
1707 1316 1836 1353 impera-

971 1366 1020 1388 tor
1043 1367 1167 1396 graecae
1192 1357 1315 1397 linguae
1345 1360 1516 1396 cognitioni
1545 1367 1652 1388 vacare
1676 1356 1835 1387 debniss'ct.

970 1403 1138 1433 Enimuero
1161 1401 1260 1433 multo
1275 1403 1340 1444 post
1354 1401 1520 1437 Hannibal,
1543 1410 1644 1432 terror
1660 1400 1713 1431 ille
1729 1399 1837 1443 populi

971 1449 1109 1483 romani,
1149 1447 1259 1477 didicit
1281 1458 1405 1488 quoque
1428 1445 1562 1485 linguam
1586 1457 1742 1486 graecam3
1780 1456 1836 1475 nee

971 1490 1108 1531 sequitur
1127 1515 1135 1526 ‚
1167 1501 1199 1522 vt
1223 1494 1359 1527 Hanno,
1392 1494 1539 1532 quoniam
1567 1501 1672 1530 graece
1702 1490 1834 1520 scribere

970 1534 1120 1572 sciuisset,
1145 1537 1237 1565 etiam
1260 1536 1313 1565 hac
1341 1534 1445 1574 lingua
1467 1534 1679 1577 conscripserit
1709 1534 1835 1565 librum.

970 1581 1069 1616 Nam,
1095 1587 1126 1610 vt
1145 1579 1402 1618 Bougainvillius,
1429 1578 1626 1610 Hissmannus
1644 1588 1672 1609 et
1695 1582 1834 1617 Hagerus

970 1622 1085 1664 aliique
1099 1625 1158 1653 iam
1168 1624 1467 1661 animaduerterunt,
1477 1622 1574 1654 multo
1583 1622 1772 1665 probabilius
1782 1624 1834 1659 est,

971 1671 1155 1698 Hannonem
1180 1679 1302 1698 omnem
1336 1670 1456 1698 itineris
1487 1667 1532 1698 sui
1561 1670 1770 1698 narrationem
1802 1669 1835 1697 in

970 1714 1081 1754 punica
1105 1711 1209 1751 lingua
1235 1712 1455 1753 conscripsiii‘e,
1477 1720 1568 1753 atque
1586 1714 1618 1742 in
1639 1711 1835 1742 tabellarium

971 1756 1130 1798 publicum
1151 1780 1159 1793 ,
1201 1768 1237 1786 ne
1269 1767 1376 1786 arcani
1407 1760 1627 1798 incognitaque
1658 1759 1690 1786 in
1723 1755 1834 1795 vulgus

972 1810 1170 1837 emanarent,
1207 1800 1391 1834 condidiss'c3
1431 1810 1460 1832 at
1488 1813 1523 1831 ex
1554 1800 1627 1838 illa,
1658 1809 1690 1831 vt
1717 1799 1834 1843 populo

970 1845 1209 1884 Carthaginiensi
1245 1854 1273 1875 et
1303 1848 1377 1875 noui
1402 1846 1564 1887 cupiditati
1588 1845 1720 1886 suaeque
1744 1846 1832 1887 ipsius

968 1889 1085 1928 gloriae
1109 1889 1308 1925 satisfaceret,
1333 1889 1497 1927 summam,
1521 1900 1599 1931 quae
1621 1900 1689 1920 oras
1719 1892 1833 1919 mariti-

966 1943 1041 1970 mas,
1067 1933 1158 1970 lacus,
1176 1933 1286 1964 insulas
1302 1936 1489 1976 fluminaque
1505 1936 1662 1976 hucusque
1678 1936 1834 1973 incognita

969 1978 1160 2014 recenseret,
1201 1979 1415 2009 tantummodo
1441 1978 1602 2009 confecisse
1627 1987 1657 2009 et
1680 1978 1758 2009 iuffu
1785 1981 1833 2009 Se-

969 2032 1056 2053 natus
1085 2022 1269 2064 publicatam
1299 2025 1330 2052 in
1356 2023 1472 2064 templo
1506 2025 1627 2054 Saturni
1652 2022 1831 2053 adseruasse.

970 2070 1007 2097 At
1037 2078 1137 2108 neque
1176 2068 1302 2096 uberior
1334 2066 1386 2097 iila
1417 2071 1570 2098 enarratio
1601 2070 1632 2097 in
1670 2066 1833 2098 tabellario

970 2111 1186 2147 custodienda,
1217 2119 1246 2142 et
1268 2110 1366 2142 multo
1386 2115 1487 2142 minus
1514 2113 1617 2143 breuis
1645 2110 1698 2142 illa
1721 2111 1833 2154 exposi-

970 2158 1032 2192 tio,
1071 2154 1138 2185 vsui
1169 2163 1199 2185 et
1222 2158 1393 2194 cognitioni
1417 2155 1523 2198 populi
1547 2156 1760 2192 concedenda,
1799 2157 1833 2185 in

968 2209 1073 2239 graeca
1100 2198 1216 2239 lingua,
1241 2199 1330 2242 plebe
1351 2202 1590 2240 Carthaginiensi
1608 2197 1729 2239 linguae
1750 2210 1833 2239 grae-

969 2254 1019 2274 cae
1041 2244 1121 2274 haud
1144 2246 1258 2286 perita,
1285 2244 1342 2277 ess'e
1365 2245 1533 2286 conscripta
1551 2247 1660 2287 potuit.
1708 2245 1763 2275 Sed
1779 2255 1832 2285 po-

969 2290 1145 2324 steriorem,
1167 2298 1246 2330 quae
1268 2291 1407 2318 omnium
1430 2290 1526 2320 oculis
1549 2289 1676 2330 vsuiquc
1700 2289 1833 2319 subi-:Sta

969 2331 1047 2368 fuit,
1072 2331 1149 2362 alius
1174 2336 1333 2374 vtriusque
1351 2332 1490 2372 linguae,
1517 2342 1545 2364 et
1560 2338 1689 2374 punicae
1706 2343 1735 2364 et
1750 2343 1833 2373 grae-

969 2387 1038 2413 cae,
1063 2379 1200 2418 peritus,
1224 2377 1325 2407 forsan
1354 2377 1487 2414 Siculus,
1520 2377 1618 2407 multo
1637 2380 1702 2420 post
1725 2381 1757 2408 in
1776 2376 1831 2406 lin-

967 2431 1056 2459 guam
1072 2421 1252 2452 transtul'ni'e
1270 2422 1394 2451 videtur
1406 2432 1560 2460 graecam:
1578 2433 1668 2463 quam
1683 2425 1832 2463 interpre-

967 2467 1113 2495 tationem
1127 2467 1365 2509 Xenophontem
1381 2466 1637 2509 Lampsacenum,
1655 2468 1832 2498 Nearchum

1081 2511 1102 2540 Ε
1121 2520 1136 2547 3
1744 2510 1834 2542 alios-
