2183 2747
268 173 331 212 ‘138
386 167 460 206 Lib.
475 167 526 202 ΙΙ.
541 179 565 203 e.
581 179 619 203 11.
680 163 867 202 POETAE
893 163 1106 200 GNOMICI.
1132 162 1286 198 SOLON
1313 163 1381 198 ET
1407 160 1674 201 TYRTAEVS.

273 263 343 307 bus,
371 263 560 313 Cantabrig,
580 266 662 309 1635.
679 273 710 298 et
729 259 860 311 saepius.
876 261 1040 296 —XXX.
1056 257 1242 307 fragmenta
1264 256 1352 294 dedit
1369 256 1578 294 emendatius
1591 259 1732 296 Brumk.
1747 251 2032 297 inanalefflivett.
2095 289 2111 311 f

276 328 366 366 poet.
383 330 594 366 graecorum,
619 316 683 354 vol.
701 318 724 350 l.
742 329 772 363 p.
790 318 831 357 (14
845 311 912 361 sqq.
927 323 958 347 ct
979 312 1045 347 vol.
1063 314 1118 346 lll.
1137 325 1170 360 p.
1188 313 1258 354 236.
1282 325 1386 346 vnum
1407 310 1533 353 adiecit,
1562 311 1747 348 Rnhnkmio
1769 312 1809 348 ad
1832 313 2037 349 Callimachi

276 366 463 418 fragmenta
480 382 512 418 p.
531 382 598 414 421.
629 367 659 403 itl
678 371 820 416 primurn
838 365 1052 404 monstrante,
1081 378 1122 400 ex
1139 366 1298 399 Hermiae
1312 362 1504 413 philosophi
1529 367 1777 401 commentario
1798 366 1876 402 MS.
1906 367 1939 400 in
1964 364 2032 401 Pla-

277 425 363 458 tonit.
383 422 579 464 Phaedrum,
610 424 642 456 in
662 433 729 470 quo
749 431 874 468 stactei·
893 432 929 452 ea
947 418 999 452 lex
1018 416 1152 452 Solonis
1175 415 1322 465 plenius,
1347 420 1448 466 quam
1471 418 1510 452 ab
1535 415 1696 453 Aeschine
1719 430 1837 454 contra
1853 419 2032 454 Timarch.

278 488 312 525 p.
333 478 388 513 60.
417 486 713 510 commemoratur.
769 471 859 506 lilem
876 470 935 506 cel.
954 471 1098 505 Brmch'r.
1116 472 1199 505 inter
1213 471 1394 518 gnomicos
1407 483 1457 519 gr.
1470 480 1584 518 poetas
1601 473 1721 520 recepit
1738 482 1816 520 p.73
1832 468 1901 521 sqq.
1914 471 2032 506 ΧΧΧΙ.

279 526 338 563 illa
354 525 551 570 fragmenta,
575 540 592 561 e
611 524 683 560 cmi.
702 526 794 573 regio
811 523 939 558 Stobaei
957 524 1033 557 hinc
1053 521 1128 557 inde
1144 520 1329 558 emendata.
1385 522 1424 556 In
1440 519 1632 573 fragmento
1642 527 1681 559 V.
1698 521 1778 559 vers.
1797 526 1846 560 61.
1857 527 1908 560 62.
1937 521 2033 565 „for-
2070 526 2077 532 “

281 589 312 615 te
329 568 417 629 quis:
443 581 563 628 inquit,
591 576 813 626 deprehendet
831 587 965 611 naturae
981 574 1061 610 illud
1081 588 1253 620 arcanum,
1280 572 1373 623 quod
1390 587 1480 609 nune
1498 577 1533 610 in
1557 586 1661 612 artem
1685 575 1840 612 medendi
1868 573 2034 612 transferri

280 634 408 680 incipit,
436 631 592 681 quodque
607 639 725 665 vocant
740 630 768 664 lc
785 626 992 676 magnc'tisme
1005 629 1133 663 animal.
1145 634 1161 646 ‘⁴
1214 625 1348 663 Solonis
1364 640 1448 676 quae
1468 625 1541 662 sunt
1555 628 1641 677 apud
1650 629 1828 665 stobaeum
1839 657 1852 675 ,
1879 631 1917 663 iis
1934 626 2035 664 subie-

280 687 325 721 cit
341 686 382 721 H.
395 687 499 720 Grotii
515 685 819 732 interpretationem
837 683 1030 717 metricam:
1057 680 1192 730 Elegiae
1211 691 1335 720 autem,
1361 679 1619 717 aDemosshene
1632 684 1759 728 citatae,
1773 683 1942 732 poeticam
1960 681 2035 717 Me·
2103 679 2105 682 ’
2152 697 2155 712 ι

281 737 494 773 lanchthonis
510 734 706 771 versionem.
762 735 945 783 Separatim
962 732 1048 770 edita
1066 731 1158 771 sunt:

389 788 587 835 Smila-utiq&
606 786 882 834 vertistiffimorum
900 787 1131 822 Gnomicorum
1147 787 1360 834 quorumdam
1371 793 1547 833 poctarum
1567 782 1688 834 Ορινα.
1746 786 1789 822 V
1786 786 1913 822 olumeu
1918 786 2035 834 setun-
2110 827 2115 833 .

282 841 370 878 dum.
404 842 623 878 Continentur
635 843 668 876 in
683 840 738 874 hoc
757 838 918 874 volumine
934 840 1061 874 Solonis
1065 840 1265 886 fragmenta
1279 841 1415 886 poetica,
1443 839 1548 875 denuo
1563 841 1699 887 collegit,
1730 842 1917 875 varietatem
1932 837 2038 873 leffiu-

282 897 346 933 m's,
370 902 463 930 notas
479 895 605 937 adiecit,
632 895 663 929 in
680 892 963 941 vsismsclzolarum
979 893 1078 928 edidit
1088 892 1251 941 Francisc.
1272 894 1356 927 Am.
1377 893 1557 944 Fortlage,
1592 889 1754 938 Gymnas.
1771 892 1912 928 Osnabr.
1941 889 2038 927 Coll-

282 946 408 997 Lipsiae
424 951 520 992 1776.
537 954 569 987 8.

387 998 442 1035 Est
456 1012 545 1034 noua
561 996 724 1034 recensio:
751 999 950 1047 Fragmenta
968 995 1200 1039 suntXXXlI,
1226 995 1326 1033 dodle
1347 997 1514 1047 explicita.
1570 999 1608 1033 In
1634 994 1838 1046 praefatione
1863 998 1971 1045 agitur
1994 992 2038 1030 de

283 1054 411 1089 ratione
426 1049 565 1102 poeseos
582 1053 776 1101 gnomicae:
810 1050 960 1087 adiunxit
983 1049 1093 1086 editor
1118 1051 1221 1086 vitam
1244 1049 1399 1094 Solonis,
1435 1064 1478 1087 ex
1498 1050 1698 1094 Plutarcho,
1729 1050 1885 1100 Diogene
1907 1049 2039 1085 Laertio

281 1104 418 1155 aliisque
431 1102 639 1154 descriptam.

387 1157 523 1194 Solonis
542 1157 684 1206 elegiam
701 1153 742 1192 de
756 1159 820 1192 vita
835 1157 982 1192 humana
999 1155 1118 1206 gallice
1136 1158 1232 1191 vertit
1249 1155 1466 1204 Pardulpbus
1480 1156 1638 1198 Proteus,
1663 1155 1832 1205 Lugduni,
1858 1166 1948 1200 1570.
1965 1160 1997 1195 8.

393 1227 448 1264 W
445 1229 472 1261 ic
488 1227 575 1262 Zeus
587 1226 635 1261 die
652 1225 710 1263 W
704 1224 747 1260 elt
763 1226 892 1261 ricbtet.
946 1225 1013 1260 Ein
1034 1226 1218 1273 Fragment
1239 1225 1561 1274 Solons-grieclziscb
1582 1225 1650 1260 und
1672 1225 1800 1273 [leutsch
1822 1226 1881 1258 mit
1900 1222 2041 1258 Anmer-

283 1278 412 1328 kungm
425 1291 489 1316 von
511 1279 555 1314 D.
574 1279 764 1324 Leppentin‚
793 1279 873 1312 Arzt
891 1280 923 1312 in
941 1278 1128 1326 Hamburg.
1159 1277 1347 1326 Hamburgi
1364 1286 1458 1324 1789.
1484 1280 1562 1314 mai.
1581 1284 1610 1320 8.
1663 1279 1744 1314 Sunt
1761 1279 1818 1313 tria
1842 1273 2040 1326 fragments,

283 1342 316 1368 et
329 1330 560 1371 animaduerff.
578 1329 652 1367 sunt
666 1327 931 1380 philosophicae.
986 1328 1102 1366 Versso
1118 1343 1189 1366 non
1208 1328 1338 1380 semper
1354 1333 1441 1367 reela
1458 1330 1502 1367 est
1521 1341 1551 1367 et
1564 1330 1727 1367 adcurata.
1752 1344 1753 1348 ¹

391 1402 522 1437 Praeter
535 1400 760 1442 Plutarchum,
787 1399 981 1448 Diogenem
996 1400 1177 1442 Laertium,
1204 1397 1393 1436 Meurfium
1409 1399 1558 1450 aliosque
1583 1396 1669 1435 infra
1690 1401 1724 1435 in
1743 1398 1872 1436 Solone
1890 1401 1975 1436 inter
1994 1396 2040 1436 le-

288 1451 497 1504 gumlatores
514 1464 724 1490 memoratos
738 1448 856 1488 confer
873 1452 1032 1487 Bruekeri
1048 1451 1176 1488 Histor.
1196 1451 1498 1502 critic.philosoph.
1515 1463 1600 1488 tom.
1615 1454 1639 1487 1.
1648 1463 1731 1501 part.
1745 1454 1784 1487 ll.
1799 1451 1856 1489 lib.
1871 1453 1897 1489 1.
1912 1465 1983 1500 cap.
1996 1463 2039 1488 11.
2092 1496 2095 1501 Ι

286 1519 364 1556 pag.
381 1518 447 1551 442
463 1504 532 1556 sqq.
560 1517 591 1542 et
608 1509 641 1542 in
655 1502 846 1555 Adpendice
859 1518 890 1553 p.
906 1516 972 1540 212.
996 1515 1027 1541 et
1048 1503 1398 1554 Merkwiirdigkeiten
1425 1518 1482 1542 aus
1503 1505 1581 1542 dem
1604 1505 1715 1548 Leben
1735 1503 1790 1541 des
1813 1502 2041 1554 griechischen

286 1556 425 1595 Weisen
441 1560 561 1601 Solon,
584 1557 652 1595 und
673 1557 730 1594 des
754 1557 953 1593 bertihmten
976 1558 1122 1594 Riimers
1143 1558 1292 1594 Valerius
1317 1558 1506 1598 Publicola,
1541 1557 1631 1594 nebn
1655 1556 1868 1606 angestellten
1891 1555 2042 1606 Verglei-

288 1613 403 1661 chung
419 1609 590 1648 zwischen
606 1610 749 1658 beyden.
803 1613 871 1646 Aus
890 1608 966 1645 dem
989 1607 1247 1646 Franzofisehen
1275 1608 1436 1646 iibersetzt
1452 1623 1520 1646 von
1541 1613 1589 1646 M.
1618 1609 1733 1657 Christ.
1763 1610 1916 1647 Wllielm
1941 1609 2043 1645 Kiud-
2098 1613 2101 1619 '

291 1664 389 1708 leben,
415 1662 667 1712 evangelischen
683 1663 846 1714 Prediger=
872 1660 1000 1711 Lipfiae
1018 1675 1108 1709 ¹779·
1127 1671 1159 1706 8.
1183 1683 1238 1689 —
1267 1664 1481 1711 Epigramma
1498 1662 1632 1698 Solonis
1649 1661 1689 1698 de
1705 1664 1796 1698 annis
1808 1693 1818 1708 ‚
1845 1663 1963 1711 quibus
1978 1662 2044 1698 ho·
2102 1682 2105 1686 ¹
2150 1673 2152 1703 !

289 1720 389 1753 minis
408 1720 474 1754 vita
489 1716 675 1753 delinienda
692 1717 750 1761 est,
774 1718 954 1766 exponitur
971 1726 1003 1751 et
1019 1716 1217 1750 emendatur
1233 1715 1274 1750 ab
1294 1716 1372 1762 lgn.
1394 1715 1499 1761 Roffio
1521 1718 1553 1752 in
1579 1714 1929 1751 Commentationibus
1945 1715 2043 1751 Laer-
2079 1718 2090 1753 ,“
2150 1741 2152 1747 ,

289 1771 368 1806 tian.
385 1783 415 1819 p.
431 1783 464 1806 21
484 1768 531 1818 sq.
558 1771 609 1805 vbi
626 1783 764 1819 quoque
781 1784 814 1819 p.
836 1776 872 1810 18
889 1765 933 1817 sq.
950 1767 1044 1803 locus
1063 1768 1226 1816 Diogenis
1238 1765 1281 1803 de
1302 1770 1493 1804 recitatione
1517 1770 1770 1808 homericorum
1792 1770 1980 1805 mrtninum
2000 1777 2043 1804 ex
2088 1803 2090 1805 ,

288 1820 363 1873 lege
378 1823 514 1859 Solonis
540 1825 605 1871 (vti
623 1825 689 1859 iam
706 1820 801 1873 supra
815 1820 856 1858 ad
872 1822 1065 1856 Homerum
1081 1821 1291 1865 notauimus>
1311 1819 1518 1870 expenditur.

331 1911 470 1945 syrum.
563 1909 738 1958 Tyrtanus,
766 1905 985 1946 Athenienlis.
1013 1919 1054 1943 ex
1070 1905 1301 1957 Aphidnarum
1320 1907 1472 1957 populo,
1499 1910 1544 1944 vti
1568 1906 1721 1957 corfinus
1743 1906 1881 1956 quidem
1901 1908 1936 1944 in
1958 1904 2042 1943 Fan.
2080 1898 2087 1918 ²
2149 1906 2151 1912 '

291 1964 405 1999 Atticis
421 1963 476 1998 111.
492 1975 522 2011 p.
539 1973 585 2005 33.
613 1974 653 1997 ex
668 1961 816 2011 quodam
830 1961 998 1997 Strabonis
1016 1959 1095 1995 loco
1120 1959 1261 2010 colligit,
1289 1970 1320 1997 et
1343 1963 1375 1996 in
1399 1960 1489 1996 bello
1512 1958 1676 2005 seeundo,
1703 1959 1796 2010 quod
1817 1958 2040 1996 Lacedaemo-
2085 1968 2088 1970 '
2146 1987 2152 2002 ,

293 2017 339 2050 nii
358 2025 472 2050 contra
493 2011 674 2050 Messenios
699 2015 738 2050 ab
761 2014 906 2062 olymp.
933 2013 1051 2048 xxm.
1076 2026 1103 2047 a.
1118 2025 1149 2056 4.
1177 2026 1279 2062 vsque
1299 2011 1338 2048 ad
1355 2012 1494 2062 Olymp.
1517 2013 1669 2048 xxvul.
1686 2027 1714 2048 a.
1740 2025 1763 2048 1.
1789 2009 1973 2063 gefferunt,
2001 2011 2041 2048 ab
2146 2042 2151 2053 .

292 2065 540 2109 Atheniensibus
565 2065 833 2104 Lacedaemoniis
855 2063 1007 2102 aduersus
1036 2062 1217 2101 Messenios
1241 2065 1365 2101 oraculi
1394 2062 1553 2115 responso
1574 2063 1642 2101 dux
1661 2062 1784 2101 missu&
1852 2064 1916 2101 lllo
1941 2066 2043 2116 igitur
2084 2095 2086 2098 ,
2127 2071 2130 2074 ’

295 2128 446 2167 tempore
476 2120 673 2168 Tyrtaeum,
734 2133 796 2169 pro
830 2131 899 2170 quo
935 2117 1022 2168 apud
1050 2120 1304 2161 Hieronymum
1338 2121 1371 2154 in
1399 2119 1575 2154 Chronico
1602 2114 1789 2154 Eusebiano
1822 2116 1864 2154 ad
1895 2117 2040 2168 Olymp.

294 2172 444 2208 xxxvl.
460 2183 489 2208 et
505 2175 538 2207 in
552 2185 671 2221 graeco
690 2182 778 2208 textu
794 2188 890 2223 χρον.
912 2187 1031 2210 κανων.
1046 2169 1086 2206 ad
1111 2171 1255 2220 olymp.
1281 2166 1352 2211 Ae‘-
1375 2184 1473 2219 praue
1493 2169 1613 2220 legitur
1634 2171 1822 2219 Myrmus,
1848 2170 2042 2222 Muerae‘a’oe·
2079 2162 2091 2212 '.
2142 2171 2146 2176 ’

293 2223 456 2266 flomilse,
496 2238 535 2259 ex
565 2224 698 2261 historia
726 2226 802 2262 belli
826 2226 911 2262 illius
937 2221 1068 2259 Pausan.
1089 2221 1231 2260 Melsen.
1255 2220 1277 2260 s.
1300 2223 1355 2259 lib.
1379 2224 1435 2258 lv.
1465 2236 1536 2272 cap.
1562 2236 1607 2270 15.
1638 2235 1714 2272 pag.
1739 2235 1789 2270 3¹5
1811 2220 1882 2273 sqq.
1908 2224 1966 2273 qui
1993 2220 2040 2259 est
2086 2220 2090 2235 ¹
2129 2262 2135 2266 ,

295 2275 388 2311 locus
412 2275 558 2312 classicus
582 2275 622 2313 de
654 2278 721 2313 hoc
750 2278 839 2314 bello
866 2286 898 2312 et
927 2275 1042 2312 nostro
1069 2276 1242 2320 Tyriam,
1295 2278 1376 2312 item
1406 2274 1494 2325 apud
1518 2273 1630 2315 lustin.
1656 2276 1712 2311 111.
1740 2287 1767 2318 ς.
1807 2288 1848 2311 ex
1877 2274 2050 2312 stnbone
2071 2276 2106 2310 ,ξι

296 2329 384 2361 Vlll.
405 2341 478 2376 pag.
497 2330 564 2373 556.
582 2329 700 2366 Almcl.
720 2331 856 2381 aliisque
871 2339 989 2364 notum
1006 2327 1059 2365 est.
1118 2330 1228 2378 Qate
1253 2328 1390 2375 Simson.
1414 2331 1448 2364 in
1472 2329 1600 2364 Chron.
1622 2327 1661 2363 ad
1686 2342 1715 2363 a.
1737 2328 1790 2364 M.
1810 2339 1896 2372 3321.
1920 2328 2040 2364 Saxi-e
2088 2333 2108 2349 ·“

296 2382 329 2417 in
347 2379 563 2414 Onomaslico
596 2383 620 2418 l.
646 2395 720 2429 pag.
740 2395 784 2428 ¹5·
826 2383 946 2431 aliique
966 2383 1033 2417 eius
1055 2391 1195 2417 aetatem
1218 2393 1343 2429 ponere
1367 2378 1476 2417 solent
1498 2383 1531 2416 iu
1553 2380 1613 2416 illo
1637 2380 1723 2416 orbis
1745 2392 1854 2426 anno,
1892 2379 2039 2429 Olymp-
2088 2368 2130 2463 ᾗ

296 2433 414 2468 XXIV.
435 2445 458 2467 ι.
480 2435 517 2467 A.
538 2433 576 2467 C.
595 2438 671 2476 684.
692 2436 729 2472 V,
749 2438 787 2471 C.
804 2449 859 2480 70.
877 2431 1030 2470 Eusebius
1046 2443 1155 2468 tamen
1174 2445 1205 2470 et
1224 2435 1458 2478 Hieronymus
1476 2435 1509 2468 in
1530 2434 1705 2470 Chronico
1720 2442 1754 2468 et
1769 2431 1883 2468 suidas
1905 2434 1939 2467 in
1953 2431 2040 2480 Tyr·

295 2492 366 2521 tato
378 2486 475 2520 huius
491 2495 627 2520 :xe-tatem
642 2485 851 2536 adlignarunt
870 2486 1014 2536 Olytnp.
1031 2487 1182 2523 xxxvt.
1209 2483 1264 2522 sed
1280 2498 1428 2523 errorem
1443 2485 1581 2525 illorum
1596 2486 1663 2523 iam
1679 2482 1805 2523 suslulit
1824 2484 1998 2572 [(103εὲιῦ
2003 2485 2038 2520 in
2087 2479 2105 2514 -’

1991 2546 2039 2571 et.
