2183 2747
287 176 352 223 756
439 175 676 212 Lib.11.c.12.
754 175 1073 214 PYTHAGORAE
1102 177 1267 213 AETAS.
1305 176 1587 216 EPIMETRON
1610 178 1653 217 11.

292 273 388 309 Haec
400 271 548 321 quaestio
564 273 649 309 mire
664 275 808 309 exercuit
822 277 910 309 viros
925 273 1055 316 doctos,
1083 283 1116 309 et
1134 276 1166 309 in
1188 270 1329 309 diuersas
1351 277 1446 310 traxit
1469 272 1654 312 sententias.
1703 274 1933 322 Pherecydem
1948 273 2043 314 fuiss‘e

291 326 504 374 Pythagorae
519 324 697 362 dor-'torem
714 340 832 362 omnes
855 324 924 362 fere
948 324 1156 362 consentiunt
1179 329 1225 372 (v.
1242 324 1285 362 cl.
1302 327 1408 364 Sturz
1425 331 1458 364 in
1476 329 1673 375 Pherecydis
1699 326 1906 379 fragmentis,
1926 343 1960 379 p.
1975 332 2047 376 8.):

292 375 361 421 sed,
379 377 470 428 quod
480 391 594 414 verum
611 378 669 420 esi,
687 393 769 415 num
784 378 852 415 duo
863 378 1070 424 Pherecydae
1085 376 1209 415 fuerint
1223 391 1285 415 nec
1298 382 1364 416 ne?
1389 383 1460 430 quis
1474 395 1593 418 eorum
1612 382 1781 419 instituerit
1798 385 2047 431 Pythagoram?

293 443 378 468 num
402 431 444 467 ab
469 433 534 468 hoc
562 431 616 468 ille
639 431 676 468 fit
701 429 865 481 sepultus?
897 434 1017 468 harum
1043 432 1250 480 aliarumque
1275 432 1507 481 quaestionum
1532 433 1700 485 inquisitio
1724 436 1818 472 valde
1844 434 1937 472 torsit
1958 438 2048 473 viro!

293 482 425 520 doctos.
478 484 534 520 De
548 485 580 520 Ia
597 485 716 520 Nauze
733 496 763 520 et
778 483 898 520 Frcm
914 485 1012 520 multi
1028 482 1099 521 sunt
1113 487 1147 521 in
1162 483 1351 522 definienda
1364 487 1426 522 hac
1447 487 1674 525 controuersia
1687 503 1697 523 ε
1730 499 1828 538 atque
1853 489 1945 539 prior
1967 489 2049 525 Phe-

293 535 425 583 recydis
440 535 530 573 diem
550 537 691 573 natalem
709 535 806 573 refert
821 535 861 572 ad
875 551 1002 574 anuum
1021 548 1096 574 ante
1110 540 1149 574 C.
1166 538 1211 572 N.
1227 540 1301 582 665.
1316 537 1380 574 vid.
1398 539 1538 577 illorum
1554 553 1755 578 commentt.
1775 539 1864 579 infra
1875 543 2051 577 nominan-

294 589 372 629 das:
395 587 480 626 adde
494 590 664 626 Dodwelli
687 591 865 627 Exerc.11.
887 589 929 627 de
957 592 1168 640 Pythagorae
1187 602 1288 627 aetate
1311 604 1343 640 p.
1368 604 1431 628 100
1447 590 1517 643 sqq.
1542 594 1698 642 Meiners.
1715 608 1747 643 p.
1763 607 1821 639 354
1837 593 1904 644 sqq.
1937 593 2049 629 Taede-

293 655 398 679 mcmn.
416 657 450 692 p.
467 655 536 686 223.
553 646 615 678 226
632 640 701 692 sth.
753 644 806 678 De
821 642 958 693 reliquis
972 647 1052 686 eius,
1081 646 1138 693 qui
1153 658 1171 679 a
1187 644 1395 689 lamblicho,
1422 645 1522 682 Suida
1536 647 1673 697 aliisque
1694 646 1848 684 sublestae
1871 647 1947 683 fidei
1973 644 2050 683 scri·

295 696 445 744 ptoribus
460 707 699 737 memorantur,
726 695 902 745 magistris,
917 696 1131 746 Epimenide‚
1157 696 1316 743 Thalete,
1344 699 1471 741 Biante,
1491 699 1793 740 Hermodamante.
1819 703 1943 750 (quern
1959 702 2049 748 Apu·-

293 748 376 785 leius
393 747 480 784 male
497 759 591 783 vocat
606 746 896 796 Leodamantem.)
923 747 947 786 s.
962 748 1173 800 Chreophilo
1188 749 1277 800 apud
1293 750 1513 788 Iamblichum
1531 753 1613 800 (vid.
1626 754 1750 788 Stanlei
1771 765 1805 802 p.
1822 755 1909 790 vlu.
1927 765 2000 801 cap.
2018 764 2048 792 2.

293 814 328 850 p.
343 804 403 845 263
420 799 488 850 sqq.
512 802 666 836 Brucktr.
680 801 704 837 l.
721 815 768 837 m.
785 815 817 852 p.
834 809 915 850 998.
933 812 1006 839 not.
1018 806 1073 851 g.)
1099 802 1369 845 Anaximandro,
1390 818 1440 842 res
1453 804 1551 842 dubia
1565 806 1622 843 est.
1649 804 1714 842 vid.
1728 806 1887 842 Brurker.
1903 804 1926 841 l.
1941 818 1989 842 m.
2013 818 2046 855 p.

293 866 375 901 999.
399 854 658 898 Ticdemannum,
688 867 721 903 p.
736 866 795 891 222
813 852 860 905 sq.
888 855 958 902 (vbi
974 854 1016 891 de
1031 857 1296 905 praeceptoribus
1314 858 1523 908 Pythagorae
1541 857 1695 908 diff-erig)
1722 871 1753 907 p.
1773 860 1836 894 226
1852 878 1901 886 -
1915 858 1984 903 229¹
2001 855 2049 907 sq.

295 906 446 954 Mcinerfi
461 909 558 955 p.356
568 904 637 956 sqq.
665 909 737 956 (qui
753 909 797 944 vti
812 910 935 950 Freret,
950 908 1094 945 natalem
1103 909 1258 946 Thaletis
1274 907 1376 946 refert
1388 924 1422 960 p.
1432 919 1501 957 358.
1517 911 1557 948 ad
1572 912 1714 960 Olymp.
1733 911 1856 946 XXXV
1862 911 1917 947 ΙΙΙ.
1935 919 2051 946 contra

294 959 414 1010 Corfin.
427 960 462 994 F.
479 962 518 994 A.
534 960 587 995 111.
603 973 636 1009 p.
654 962 704 1004 56.
723 959 763 996 ad
777 960 922 1011 Olymp.
938 963 1072 998 XXXV.
1081 975 1158 1011 pag.
1176 971 1286 998 autem
1305 970 1376 1005 108.
1394 974 1541 1001 mortem
1560 963 1644 1000 illius
1659 964 1698 1000 ad
1707 964 1847 1013 Olymp.
1862 963 1931 1000 LV.
1948 976 1973 1000 ι.
2004 964 2051 998 vti

294 1024 431 1060 quoque
447 1011 579 1060 Canaye
595 1014 831 1050 inComment.
850 1013 938 1051 acad.
948 1016 1046 1051 Paris.
1064 1013 1162 1055 Inscr.
1180 1026 1262 1052 tom.
1278 1018 1318 1052 X.
1334 1015 1375 1052 de
1383 1017 1528 1054 Thalete
1537 1025 1613 1060 etc.)
1643 1019 1698 1054 De
1711 1018 1743 1052 la
1754 1017 1875 1053 Nauze
1889 1025 1921 1052 et
1930 1016 2050 1051 Freret

293 1064 334 1100 de
360 1064 424 1100 illis
448 1064 554 1101 multa
586 1065 775 1115 litigarunt,
807 1071 893 1103 etin
910 1067 974 1104 alia
998 1071 1115 1104 omnia
1136 1067 1342 1106 transierunt.
1397 1071 1557 1106 Budarem
1581 1074 1614 1106 in
1632 1071 1775 1106 Exercit.
1796 1069 1838 1105 de
1863 1071 2049 1118 peregrina-

290 1117 440 1153 tionibus
464 1119 684 1167 Pythagorae,
712 1121 808 1156 lenae
823 1124 917 1168 1692.
938 1134 1002 1157 rec.
1027 1123 1061 1157 in
1082 1124 1150 1157 eius
1173 1122 1328 1158 analedlis
1359 1123 1514 1160 historiae
1540 1121 1662 1173 philos.
1687 1122 1793 1159 Halae
1809 1124 1932 1158 Saxon.
1954 1122 2049 1166 1706.

291 1182 327 1218 p.
342 1183 381 1206 10
398 1167 471 1221 sqq.
484 1169 526 1206 de
541 1173 806 1220 praeceptoribus
827 1170 1031 1224 philosophi,
1053 1176 1227 1224 praecipue
1249 1178 1283 1211 in
1305 1177 1452 1218 oriente,
1476 1179 1575 1213 nimis
1590 1174 1720 1212 securus
1736 1175 1825 1211 dedit
1840 1174 1943 1211 fidem
1965 1176 2047 1210 lam·

291 1222 418 1262 blicho.
474 1224 615 1260 Clemens
631 1224 811 1262 Alexandr.
833 1229 958 1263 Strom.
974 1228 1029 1262 Xt.
1044 1242 1077 1277 p.
1093 1231 1168 1271 643.
1185 1230 1224 1264 C.
1241 1227 1332 1272 dicit,
1360 1231 1572 1279 Pythagorae
1597 1240 1628 1266 et
1641 1229 1795 1266 Thaletis
1819 1238 2047 1278 praeceptores

290 1276 452 1325 ignorari.
502 1279 582 1313 Ata
601 1278 736 1326 Iqseplio
760 1290 877 1316 contra
897 1282 1020 1329 Apion.
1041 1284 1067 1317 1.
1089 1293 1122 1330 p.
1147 1293 1239 1326 ¹034·
1261 1283 1300 1318 E.
1320 1282 1463 1331 Eusebio
1483 1281 1524 1319 de
1548 1296 1694 1333 praepar.
1715 1295 1835 1331 eueng.
1853 1282 1892 1317 X.
1915 1293 1949 1325 7.
1971 1292 2047 1330 pag.

290 1336 365 1374 478,
386 1330 427 1364 E.
442 1328 590 1379 Georgia
607 1332 754 1368 Cedrmo
774 1336 810 1368 in
831 1332 977 1382 Synopsi
999 1332 1116 1370 histor.
1139 1343 1225 1371 tom.
1246 1336 1273 1370 l.
1302 1347 1333 1383 p.
1353 1349 1411 1382 94.
1431 1337 1466 1372 B.
1497 1338 1703 1385 Pythagoras
1727 1335 1848 1370 dicitur
1871 1334 1984 1370 haberi
2004 1332 2047 1370 ab

294 1381 450 1418 omnibus
462 1383 595 1419 Graecis
604 1386 853 1432 Aegyptiorum
863 1383 1054 1435 discipulus.
1081 1384 1172 1425 conf.
1183 1387 1288 1423 Sturz
1301 1387 1362 1424 l.e.
1376 1402 1460 1438 p.10.
1485 1390 1539 1425 De
1557 1391 1626 1425 eins
1644 1398 1754 1424 autem
1772 1386 2050 1437 praeceptoribut,

290 1433 481 1478 Zoroastre,
508 1437 544 1482 (a
559 1449 630 1485 quo
644 1438 886 1487 Pythagoram,
911 1438 964 1474 vel
987 1439 1169 1487 Beaufhbrc
1192 1442 1226 1476 in
1254 1440 1340 1478 Hist.
1362 1441 1418 1478 des
1441 1443 1662 1478 Maniche'ens
1687 1443 1722 1478 Ι).
1744 1443 1770 1477 l.
1799 1440 1853 1476 lib.
1872 1441 1897 1477 1.
1922 1452 1994 1489 cap.
2017 1450 2047 1475 2.

290 1499 327 1537 p.
339 1497 391 1532 30.
413 1500 588 1538 perperam
616 1488 756 1533 iudicat,
789 1488 946 1540 accepisse
967 1490 1182 1537 doctrinam)
1218 1495 1350 1542 Magis,
1380 1496 1591 1540 Thracibus,
1624 1493 1711 1530 Indis
1737 1489 2046 1543 Gymnosophissis,

291 1540 455 1576 arabibus
470 1550 503 1576 et
516 1542 568 1578 vel
583 1542 743 1578 Hebraeis
768 1553 868 1593 atque
882 1542 1072 1592 Chaldaeis,
1089 1558 1174 1594 quae
1191 1560 1209 1582 e
1225 1547 1384 1582 veteribus
1407 1546 1544 1596 quidam
1559 1545 1644 1584 salso
1659 1557 1845 1588 narrarunt,
1872 1555 1906 1582 et
1921 1559 1939 1581 a
1959 1556 2047 1581 non·

290 1592 392 1629 nullis
407 1593 647 1631 recentioribus
662 1606 698 1631 vt
710 1597 870 1640 stanleia,
895 1597 1083 1633 Lehmamw
1105 1600 1139 1633 in
1160 1598 1294 1634 historia
1317 1598 1436 1649 philos.
1465 1602 1602 1650 Pythag.
1630 1614 1662 1650 p.
1675 1607 1750 1644 348.
1780 1598 1942 1640 Gerdilio,
1970 1597 2049 1632 Bm-

291 1645 434 1682 ekerum
448 1658 700 1696 oppugnatum,
719 1649 759 1684 ab
782 1650 851 1685 hoc
869 1659 981 1686 autem
1003 1652 1039 1686 in
1061 1650 1128 1686 vol.
1145 1651 1201 1690 vi,
1230 1651 1360 1688 Histor.
1382 1652 1463 1701 phil.
1486 1651 1584 1689 dotste
1607 1651 1770 1692 refutato,
1797 1650 1936 1699 aliisque
1967 1651 2046 1685 viris

291 1702 408 1748 magni
425 1702 586 1743 nominis,
612 1710 737 1737 temere
750 1700 871 1738 credita
891 1699 974 1746 sunt,
1001 1716 1039 1738 ea
1053 1717 1071 1738 a
1086 1703 1235 1739 Fabricio
1249 1703 1378 1745 nossrO,
1403 1706 1572 1741 Bructero
1587 1707 1611 1740 1.
1625 1718 1659 1753 p.
1678 1716 1758 1746 1003
1769 1700 1816 1752 sq.
1840 1701 2047 1739 Ticdeman-
2112 1708 2131 1745 ⁷¹
2182 1728 2183 1731 κ

291 1763 352 1792 no,
374 1751 558 1788 Meinersio
572 1764 635 1789 etc.
656 1751 776 1790 fabulis
788 1757 909 1791 merito
924 1752 1000 1791 sunt
1012 1753 1173 1804 adscripta
1189 1756 1344 1805 rec'leque
1367 1758 1495 1793 reietsta.
1561 1758 1759 1792 lamblichus
1783 1758 1816 1791 in
1838 1754 1925 1792 libro
1945 1756 2002 1792 ΙΙΙ.
2027 1767 2047 1790 ι

291 1801 496 1840 Villoisonio
513 1808 545 1841 in
562 1805 687 1843 Anecd.
704 1820 755 1856 gr.
771 1809 811 1844 11.
829 1805 933 1851 edito,
957 1821 991 1857 p.
1014 1821 1075 1845 211.
1095 1811 1151 1854 ait,
1173 1809 1401 1858 Pythagoram
1416 1824 1434 1845 a
1449 1809 1608 1854 Thalete,
1630 1811 1816 1859 Aegyptiis,
1845 1805 2049 1858 Alsyriisque

291 1855 472 1906 percepisse
488 1868 590 1894 artem
604 1860 888 1904 mathematicam,
913 1870 944 1896 et
959 1874 978 1896 a
993 1860 1183 1896 Chaldaeis:
1203 1862 1253 1896 Sic
1268 1873 1344 1896 vero
1358 1864 1400 1897 ab
1414 1862 1559 1911 Affyriis
1585 1864 1694 1898 vocari
1710 1862 1966 1904 mathematicos,
1990 1857 2046 1898 ad-
2112 1893 2115 1897 .

293 1907 354 1946 dit.
377 1911 521 1946 Huetius
539 1913 571 1946 in
580 1911 875 1949 Deuionssratione
889 1912 1089 1962 euangelica,
1115 1914 1201 1950 Paris
1218 1916 1313 1960 1679.
1328 1912 1390 1951 fol.
1405 1913 1543 1964 Propos.
1560 1916 1614 1952 lv.
1630 1928 1664 1964 p.
1682 1926 1725 1959 74
1734 1911 1807 1964 sqq.
1831 1914 1960 1961 Zaran,
1987 1913 2045 1963 qui

296 1963 509 2010 Pythagorae
522 1963 660 2009 fingitur
675 1975 888 2014 praeceptor,
919 1964 1077 2002 eumdem
1095 1963 1159 2002 effe
1182 1969 1350 2015 opinatur,
1377 1981 1415 2003 ac
1437 1967 1602 2011 Zaradan,
1631 1965 1699 2003 siue
1720 1964 1937 2010 Zormdum,
1962 1966 1998 2003 h.
2013 1978 2042 2002 e.
2111 1990 2118 2000 .

294 2014 530 2058 Zoroassrum3
558 2018 796 2068 Pythagoram,
818 2029 913 2068 putat
926 2031 959 2068 p.
976 2030 1020 2062 44
1037 2016 1086 2068 sq.
1115 2017 1254 2055 ludaeos
1278 2018 1406 2066 adime,
1436 2033 1513 2056 cum
1529 2022 1567 2056 iis
1580 2017 1644 2056 esse
1657 2017 1835 2062 versatum,
1860 2021 2045 2056 Mercuria-

295 2065 358 2112 les,
377 2069 413 2104 h.
429 2082 457 2106 e,
469 2066 654 2114 Mosaicos‚
674 2070 778 2106 libros
790 2069 994 2121 compilasse,
1021 2084 1060 2107 cx
1075 2070 1184 2108 Mons
1198 2071 1289 2108 libris
1303 2073 1409 2109 multa
1422 2070 1580 2115 sumfiffe,
1606 2075 1655 2122 (p.
1680 2072 1759 2117 133.)
1784 2083 1817 2108 et
1840 2073 2044 2109 Nazaratum

295 2120 332 2154 h.
351 2133 378 2155 e.
403 2121 615 2159 Ezechielem
631 2134 729 2172 atque
745 2124 922 2161 Danielem
944 2121 1067 2160 audiffe
1088 2126 1138 2173 (p.
1156 2137 1229 2161 220.
1249 2138 1324 2172 229.
1347 2127 1445 2175 Prop.
1463 2127 1536 2171 lv.)
1590 2127 1643 2162 De
1663 2124 1837 2161 Ezechiele
1865 2123 1956 2161 idem
1974 2120 2044 2160 sen-

295 2169 367 2207 fiffe
382 2172 561 2210 Seldenum
585 2188 623 2210 ae
650 2174 830 2220 Witfium‚
855 2175 951 2227 supra
971 2179 1037 2212 iam
1065 2179 1274 2213 monuimus.
1328 2178 1490 2216 Rambach
1515 2182 1549 2214 in
1573 2177 1735 2227 Collegio
1756 2175 1910 2214 historiae
1930 2173 2045 2214 ecclefi

296 2224 340 2259 V.
356 2225 404 2261 T.
419 2240 436 2261 a
455 2227 666 2269 NeubauerO,
692 2227 849 2265 francof.
867 2241 952 2275 ¹737-
969 2241 1002 2273 4.
1019 2228 1120 2273 edito,
1145 2242 1220 2278 pag.
1234 2232 1312 2276 698.
1338 2233 1450 2267 itinera
1466 2232 1674 2280 Pythagorae
1696 2241 1827 2266 tantum
1847 2232 1882 2266 in
1903 2231 2044 2266 Phoeni·

296 2279 396 2314 ciam.
422 2281 614 2328 Aegyptum
628 2291 658 2316 et
677 2280 893 2328 Chaldaeam,
908 2295 977 2332 quo
992 2285 1138 2332 captiuus
1155 2279 1264 2319 fuitser
1284 2281 1456 2326 abductus,
1480 2293 1666 2326 memorat,
1691 2294 1724 2319 et
1738 2293 1845 2332 putat,
1871 2284 2042 2332 Pythago·

294 2340 365 2363 ram
383 2332 415 2364 in
432 2332 479 2365 his
497 2336 605 2375 terris,
638 2331 828 2382 praesertim
853 2335 1012 2377 Daniele,
1049 2338 1141 2370 cuius
1162 2332 1317 2383 sapientia
1338 2349 1398 2384 per
1419 2346 1528 2372 totum
1553 2339 1716 2372 orientem
1739 2332 1846 2372 fuisset
1867 2335 2041 2379 celebrata,

293 2379 408 2428 paullo
427 2394 498 2417 ante
514 2397 663 2426 mortuo,
691 2399 768 2421 cum
787 2387 943 2424 Hebraeis
960 2388 1106 2423 multum
1125 2385 1187 2423 ess'e
1204 2385 1377 2433 vetsatum,
1403 2399 1436 2424 vt
1451 2391 1605 2426 notitiam
1628 2387 1836 2424 iudaicoruin
1859 2385 2042 2434 sacrorum,

293 2445 442 2481 quorum
458 2434 588 2482 vestigia
604 2437 763 2486 quaedam
780 2442 812 2474 in
833 2439 928 2489 ipsius
945 2439 1103 2476 doctrinis
1115 2438 1453 2490 deprehenderentur,
1469 2440 1651 2491 quamdam
1667 2443 1859 2490 acquireret.
1886 2438 2044 2476 Gerlmrd

294 2485 468 2533 Clirfiopli
485 2488 642 2524 Gablini-d
655 2492 689 2527 in
707 2489 787 2541 disp.
802 2491 843 2527 de
861 2493 1039 2533 harmonia
1053 2492 1242 2538 coelorum,
1267 2494 1545 2545 Gryphiswaldae
1561 2498 1655 2543 ¹⁶9²·
1676 2508 1747 2545 cap.
1763 2506 1788 2530 ι.
1802 2496 1954 2533 euincere
1979 2503 2037 2528 co·

1937 2553 2034 2581 natu·
