2183 2747
485 107 707 149 ORPHEVS.

4 206 71 238 etus
85 203 135 237 vel
154 215 215 236 non
234 205 370 237 initiatus
385 203 473 236 sacris
485 227 496 241 ‚
522 203 576 235 illa
593 206 764 247 praeterint
787 205 858 235 hinc

5 249 92 282 null·
110 248 235 280 illorum
262 247 310 280 vel
340 251 448 288 exigua
474 248 662 290 obscuraque
691 250 798 280 notitia
828 256 858 279 et

6 295 256 330 commemoratio
281 294 491 334 antiquiffimis
525 293 723 334 temporibus.
791 293 856 323 Post

4 338 105 370 tuam
120 335 284 376 religiones
298 346 328 368 et
340 336 519 379 ampliorem
535 339 566 367 in
576 339 701 367 Graecia
719 346 773 378 per
785 347 856 378 poe-

3 388 49 414 m
65 382 206 412 notitiam
221 391 253 412 ac
269 382 481 417 mysteriorum
494 390 582 422 atque
599 382 779 412 initiationis
793 391 854 416 my-

2 425 191 466 OEorumque
211 424 294 456 vsum
311 426 448 456 crebrior
468 424 544 456 fana
567 426 607 454 est
627 427 744 456 mentio
759 426 856 455 nomi-

2 470 52 500 nis
68 477 99 499 et
115 468 342 505 doarium-um,
373 471 488 500 rituum
505 477 535 500 et
547 478 777 511 praeceptorum
801 470 858 500 Or-

2 514 178 556 phieorum,
201 524 255 544 nec
271 525 332 544 non
348 512 499 544 librorum
515 514 641 554 Orpheo
657 514 856 543 tributorum:

3 557 146 600 deinceps
161 557 262 599 plures
279 559 437 599 coeperint
452 558 488 588 ad
503 559 714 593 mysteriorum
732 566 783 587 aut
795 555 856 586 stia-

3 611 73 631 rum
93 604 276 643 opinionum
302 600 423 632 laudem
446 611 539 643 atque
558 601 857 631 commendationem

2 643 157 676 doeh-inas
181 646 347 688 Orphicat,
377 655 456 688 quae
479 647 630 684 genuinae
653 645 854 681 habebantur,

1 695 45 725 nt,
65 695 218 731 tamquam
241 690 378 721 membra
392 690 528 725 disiesta,
554 690 624 720 hine
647 689 718 719 inde
739 687 853 730 sparsae

1 740 110 770 erant,
138 732 283 774 colligere
306 742 336 765 et
357 734 498 765 admixtis
521 732 628 763 alienis
643 735 674 763 in
691 732 854 774 quemdam

1 776 144 816 redigere
165 778 330 812 ordinciu;
359 777 408 809 vel
433 777 526 809 libros
547 777 601 807 sub
623 776 706 807 illius
729 778 854 806 nomine

1 831 186 863 componere
197 845 207 858 ,
229 822 266 853 ad
283 821 394 863 eosque
410 832 594 863 prouocare;
627 820 675 851 vel
692 822 783 850 etiam
802 831 854 850 no-

0 867 84 895 mina
104 864 211 896 talium
233 864 384 896 libroruin
407 876 438 896 ac
460 865 699 905 fragmentorum
725 865 855 903 fingere;

0 908 124 941 tandem
139 908 278 939 subtilius
295 909 489 950 argutiusque
511 910 628 944 mythos
645 918 674 939 et
693 918 726 938 ea
737 931 746 944 ,
776 917 854 949 quae

0 961 109 983 arcana
131 954 328 989 viderentur,
366 955 571 995 interpretari.
625 951 679 983 nia
701 954 854 982 temeritas

0 1006 40 1026 eo
54 995 143 1026 latius
165 995 284 1038 serpere
305 999 423 1038 eoepit,
447 1008 509 1038 quo
523 998 621 1026 maior
643 994 719 1026 faeta
741 997 781 1025 est
798 997 854 1026 Or-

0 1040 74 1081 phei
89 1041 121 1070 in
133 1041 318 1071 carminibus
341 1049 499 1082 poetarum
514 1043 682 1070 Atticorum
701 1047 731 1069 et
747 1042 778 1069 in
792 1049 854 1074 my-

0 1084 98 1114 steriis
116 1083 304 1117 celebrandis
319 1085 500 1121 annotinas,
522 1092 574 1114 aut
590 1094 653 1124 quo
668 1082 769 1124 plures
786 1082 853 1112 illo-

0 1137 69 1158 tum
87 1129 151 1158 vim
161 1137 193 1158 ac
207 1126 388 1167 religionem
405 1127 453 1158 vel
469 1127 593 1166 adgressi
609 1125 732 1156 suntvel
749 1125 853 1156 defen-

0 1170 122 1201 derunt.
167 1174 203 1201 At
219 1172 290 1201 haec
307 1175 337 1201 in
353 1173 536 1202 conieifturis
552 1171 644 1212 posita
661 1169 737 1199 sunt.
785 1169 854 1212 Gqs.

0 1215 66 1246 κατ’
79 1213 255 1244 sententiam
270 1224 360 1256 atque
370 1223 546 1253 argumenta
557 1216 718 1256 praecipue
736 1224 792 1255 pro
800 1216 852 1243 Ar-

0 1266 229 1296 gonauticorum
241 1261 420 1300 antiquitate
430 1258 528 1289 adlata
538 1260 674 1298 grauiter
684 1259 852 1298 impugnat,

0 1309 28 1330 et
44 1300 147 1332 multis
164 1304 333 1333 rationibus
342 1302 499 1343 ingeniose
510 1304 684 1342 excogitatis
700 1301 850 1342 doeteque

0 1343 172 1386 explicatis,
196 1349 334 1382 nymnos
351 1357 380 1378 et
402 1347 542 1389 inprimis
567 1347 770 1385 Argonautica
786 1346 850 1387 post

0 1389 148 1419 Christum
163 1398 266 1420 natum
285 1391 322 1421 ab
343 1390 462 1422 simiolo
489 1390 621 1431 quodam
645 1390 763 1431 Orphei
788 1389 849 1419 line

0 1431 184 1475 philosophis
198 1434 438 1476 neoplatonicis,
466 1443 610 1476 corrupta
631 1432 782 1464 scribendi
804 1443 849 1463 ra-

0 1479 100 1514 tione,
121 1488 212 1518 quam
229 1481 370 1509 carminis
386 1479 492 1510 auster
506 1488 523 1507 a
544 1479 724 1517 contagione
739 1475 847 1507 saeculi

0 1519 60 1556 sui,
90 1520 191 1552 velex
207 1521 418 1563 frequentiore
438 1521 559 1562 linguae
581 1520 690 1552 latinae
717 1520 769 1551 vsu
793 1530 848 1551 tra-

0 1563 67 1595 risse
84 1565 244 1603 videatur,
267 1577 296 1597 et
313 1578 341 1609 p.
358 1574 399 1604 83.
415 1567 452 1597 ab
467 1567 592 1596 homine
606 1565 739 1606 quodam
750 1587 759 1600 ‚
793 1567 848 1606 qui

0 1616 132 1649 tempore
153 1610 285 1640 auetoris
307 1612 447 1641 carminis
469 1610 506 1640 de
531 1611 720 1644 Venatione,
756 1618 847 1649 quem

0 1650 105 1691 vulgus
129 1664 198 1684 cum
221 1656 364 1696 Oppiano
386 1663 548 1697 perperam
568 1652 731 1684 confundit
745 1675 755 1688 ,
789 1651 846 1682 esse

0 1696 136 1733 confisus,
158 1695 327 1739 multasque
343 1709 389 1728 res
404 1697 541 1736 absonas,
562 1695 661 1733 falsas,
683 1695 846 1726 autinulto

0 1737 90 1770 serius
106 1743 260 1780 cognitas,
289 1753 343 1773 nec
363 1745 451 1773 aetati
477 1743 628 1783 Orpliicae
654 1750 734 1782 aptas
751 1742 846 1770 conti-

0 1793 88 1819 nere,
115 1786 277 1826 probatum
297 1789 321 1817 it
343 1787 390 1818 Io.
414 1786 541 1818 Gottlob
564 1784 732 1816 Schneider
755 1787 791 1814 V.
807 1783 844 1814 cl.

0 1829 119 1857 criticus
143 1837 246 1859 acutus
272 1839 301 1860 et
329 1831 422 1860 homo
444 1839 550 1869 graece
571 1828 778 1864 doftissimus,
814 1830 845 1859 in

0 1870 155 1902 Anam-lis
173 1874 290 1904 trilicis
311 1876 342 1904 in
360 1873 518 1914 scriptores
539 1880 657 1907 veteres
677 1882 798 1910 graecos
817 1880 846 1902 et

0 1913 120 1949 Iatinon
142 1914 240 1946 fascic.
249 1918 273 1947 1.
290 1915 358 1948 feet.
370 1919 422 1948 lv.
439 1918 498 1946 siue
513 1915 724 1957 Disputatione
739 1915 776 1945 de
792 1915 846 1945 du-

0 1961 44 1989 bia
57 1962 226 1990 carminum
235 1962 440 2002 Orphicorum
457 1962 634 1991 aiifioritate
645 1969 674 1990 et
692 1961 846 1992 vetustate.

0 2003 135 2034 Traieeu
151 2003 189 2034 ad
200 2005 348 2035 viadrum
367 2011 486 2044 1777.8.
511 2006 576 2037 Nec
592 2013 691 2034 tamen
706 2005 843 2033 omnium

0 2047 211 2091 exspectationi
231 2047 423 2087 satisfacere,
454 2049 673 2092 pristinamque
698 2045 736 2078 de
761 2056 844 2080 vetu-

879 107 954 146 Lih.
971 110 999 145 J.
1030 121 1053 147 e.
1069 108 1226 147 XVIII.
1698 129 1766 164 147

911 207 982 237 state
1007 208 1214 249 Orphicorum
1239 205 1415 239 sententiam
1438 219 1475 240 ex
1496 212 1632 242 omnium
1657 215 1764 247 animis

911 249 1063 292 expellere
1079 253 1181 293 potuit
1203 253 1251 281 vir
1267 252 1382 283 doftus.
1452 255 1529 284 Nam
1547 257 1628 295 quod
1650 258 1685 287 ad
1705 261 1765 295 Hy-

910 305 997 324 mnos
1011 294 1138 330 adtinet,
1165 294 1330 325 multorum
1349 299 1561 338 antiquitatem
1581 301 1765 333 vindicatam

909 339 967 369 esse
991 348 1006 368 a
1028 340 1245 369 Tiedcmanno
1266 342 1325 369 iam
1349 341 1506 375 vidimus;
1543 345 1595 383 qui
1618 353 1716 375 tamen
1732 349 1764 377 in

908 383 1161 424 Ephenieridibus
1186 382 1340 414 litterariis
1372 387 1616 424 Gottingeniibus
1636 398 1664 419 a.
1684 397 1763 427 1783.

911 425 1058 468 supplem.
1069 437 1111 464 39.
1126 437 1190 468 pag.
1201 431 1260 461 618.
1279 427 1329 468 sqq
1355 438 1474 459 acutum
1486 431 1588 461 nactus
1605 433 1644 462 est
1659 433 1765 463 aduer-

912 469 1040 507 sarium,
1072 473 1126 512 qui
1140 473 1351 512 antiquitatem
1367 483 1536 504 carminum
1557 477 1766 517 Orphicorum

911 513 1013 544 rursus
1034 517 1231 556 oppugnauit
1281 517 1378 557 Atque
1411 517 1549 549 Meiners
1576 521 1607 549 in
1632 522 1765 551 Historia

911 558 1068 588 doetrinae
1083 559 1120 589 de
1137 569 1211 590 vero
1226 558 1284 590 deo
1300 571 1328 601 p.
1340 571 1400 599 ¹97·
1417 559 1583 604 subscripsit
1599 562 1765 596 sententiae

911 602 1098 642 Schneideri.
1144 605 1244 634 Partes
1264 614 1338 635 vero
1359 607 1631 644 Argonauticorum
1652 618 1681 639 et
1703 612 1765 645 Hy-

911 657 1051 676 mnorum
1068 645 1194 689 suscepit
1208 648 1314 679 Dauid
1330 647 1537 686 Rulmkenim,
1551 649 1635 690 sagax
1652 661 1680 683 et
1697 664 1763 684 eru-

909 690 989 720 ditus
1005 692 1144 727 criticus,
1174 693 1228 732 qui
1254 693 1284 721 in
1302 691 1430 733 Epistola
1451 695 1556 724 critica
1572 697 1609 726 11.
1633 707 1699 737 pag.
1713 702 1762 735 69.

909 736 1020 776 prioris
1038 734 1182 765 editionis
1198 737 1373 766 vetustatem
1389 738 1594 778 Orphicorum
1610 742 1763 779 Argonau-

907 781 1039 808 ticorum
1057 780 1151 809 tuitus
1162 801 1173 815 ‚
1195 779 1327 820 ideoque
1343 790 1359 809 a
1373 780 1510 812 Gesnero
1525 784 1556 812 in
1572 783 1763 824 Prolegome-

909 824 955 852 nis
973 832 1038 864 pag.
1055 824 1149 853 XXV.
1169 822 1308 854 laudatus
1329 825 1380 854 est.
1427 828 1461 855 ln
1483 825 1576 857 altera
1600 839 1674 860 vero
1698 830 1762 860 edi-

910 868 993 896 tione
1024 876 1090 908 pag.
1117 876 1176 903 129.
1201 866 1264 908 sqq.
1298 869 1335 898 ab
1364 870 1541 900 Schneideri
1569 872 1761 905 adcusatioue

909 912 1007 940 acrius
1025 910 1204 941 vindicauit.
1251 914 1295 947 Is,
1326 914 1420 951 igitur
1437 916 1498 950 ait,
1528 918 1582 956 qui
1606 919 1760 956 Argonau-

910 956 967 984 tica
984 962 1013 984 et
1036 956 1171 989 nymnos
1195 956 1320 1000 Orpheo
1333 955 1477 994 subiecit,
1508 959 1568 989 siue
1583 962 1761 993 Onomacri'-

908 1006 954 1028 tus
971 997 1083 1033 fuerit,
1108 1006 1141 1028 vt
1158 997 1258 1040 plures
1276 999 1416 1037 tradunt,
1442 1002 1502 1032 fine
1515 1001 1608 1041 alius,
1631 1004 1760 1048 scriptor

909 1049 989 1072 certe
1005 1042 1202 1072 meoiudicio
1218 1044 1426 1074 vetustissimus
1441 1047 1500 1080 est;
1523 1049 1555 1076 in
1571 1058 1643 1088 quo,
1654 1061 1760 1091 quam-

908 1087 953 1114 uis
968 1088 1104 1115 animum
1119 1084 1283 1125 diligenter
1297 1087 1500 1126 adtendam,
1523 1102 1561 1121 ne
1577 1091 1760 1126 leuiffimum

906 1129 1030 1169 quidem
1046 1133 1223 1161 recentioris
1239 1134 1342 1162 aetatis
1361 1133 1519 1172 vestigium
1542 1140 1662 1178 reperi3
1685 1150 1760 1169 eon-

907 1181 952 1202 tra
969 1174 1062 1213 proba
1080 1177 1180 1203 onmia
1197 1184 1226 1205 ct
1241 1178 1452 1216 antiquitatem
1475 1178 1661 1210 redolentia:
1691 1193 1757 1213 ora-

906 1217 998 1246 tionis
1019 1215 1118 1247 foi-ma
1140 1220 1334 1249 Homericam
1357 1219 1473 1255 refert5
1520 1223 1555 1252 fic
1576 1232 1693 1262 tamen,
1725 1235 1757 1258 vt

906 1270 999 1301 pauca
1016 1259 1174 1299 singularia
1190 1264 1221 1291 in
1238 1273 1271 1292 ea
1286 1273 1437 1294 notentur.
1484 1268 1563 1297 Dum
1586 1279 1621 1298 ex
1639 1268 1757 1301 mentio

906 1312 1044 1334 veterum
1067 1303 1290 1336 scholiastarum
1317 1306 1425 1337 frustra
1442 1309 1503 1338 esse
1521 1333 1530 1346 ,
1580 1315 1756 1352 contendit,

904 1350 958 1388 qui
981 1357 1191 1387 argumentum
1215 1349 1304 1380 ducat
1320 1350 1356 1380 ad
1380 1354 1554 1389 vetustatis,
1593 1367 1683 1396 quam
1704 1359 1757 1388 ha-

903 1392 976 1422 bent
990 1394 1211 1430 Argonautica,
1241 1396 1419 1435 opinionem
1433 1397 1680 1430 conuellendam:
1704 1402 1756 1432 do-

903 1443 966 1471 cet,
991 1435 1100 1466 diserte
1117 1435 1234 1467 laudari
1249 1438 1286 1468 ab
1302 1440 1433 1479 antiquis
1457 1449 1486 1470 et
1501 1440 1588 1473 claris
1610 1455 1756 1482 gramma-

902 1481 986 1513 ticis,
1010 1481 1074 1510 Oro
1092 1488 1121 1510 et
1134 1482 1272 1511 Dracone
1288 1483 1514 1519 Stratoniceum
1548 1489 1686 1529 antiquos
1705 1500 1755 1520 au-

902 1532 982 1558 tem,
1006 1522 1110 1563 quales
1131 1526 1211 1554 Orus
1235 1535 1264 1555 et
1281 1527 1377 1556 Draco
1400 1526 1485 1564 sunt,
1522 1541 1680 1574 praecepta
1705 1533 1754 1564 sua

903 1578 963 1597 non
983 1568 1036 1596 nisi
1054 1570 1292 1598 veteri-imorum
1310 1578 1338 1599 et
1362 1569 1546 1602 classicorum
1573 1574 1754 1617 scriptorum

902 1611 1082 1641 auctoritate
1101 1613 1296 1642 confirmare:
1321 1612 1389 1643 illos
1405 1617 1499 1653 igitur
1513 1621 1655 1649 carminis
1671 1631 1754 1651 vetu-

902 1655 1003 1684 statem
1022 1658 1172 1694 cognitam
1183 1655 1428 1698 perspec‘iamque
1439 1660 1589 1695 habuisse5
1605 1665 1753 1695 Nonnuni

902 1699 1054 1739 denique,
1078 1698 1186 1729 saeculi
1205 1703 1306 1740 quinti
1323 1710 1459 1742 poetam,
1492 1714 1546 1734 nec
1566 1707 1619 1735 nisi
1635 1716 1753 1738 veteres

900 1744 1014 1773 imitari
1031 1741 1152 1773 solitum
1163 1767 1172 1779 ,
1196 1746 1396 1783 Argonautica
1412 1746 1567 1777 manifesta
1581 1751 1753 1783 imitatione

901 1786 1082 1829 expressiffe:
1105 1789 1200 1828 (quae
1218 1788 1342 1828 quidem
1360 1791 1438 1820 ratio
1453 1789 1559 1822 vltima
1580 1804 1628 1823 me
1651 1798 1751 1827 minut

900 1838 1056 1866 moueret,
1094 1833 1130 1860 ad
1149 1834 1360 1872 antiquitatem
1377 1835 1649 1873 Argonauticorum
1665 1847 1750 1870 tuen-

901 1875 993 1910 dam.)
1018 1876 1062 1904 De
1081 1877 1208 1910 Hyinnis
1219 1875 1389 1917 expeditior
1414 1876 1459 1907 illi
1476 1889 1522 1908 res
1542 1880 1600 1910 effe
1615 1883 1751 1922 videtur,

900 1921 1045 1959 quoniam
1066 1929 1126 1948 non
1146 1930 1238 1956 vnus,
1274 1919 1323 1949 sed
1347 1919 1450 1961 plures
1467 1921 1586 1961 versus,
1615 1927 1652 1956 ab
1673 1930 1749 1958 anti-

899 1963 1044 2002 quissiiuis
1069 1961 1266 2003 scriptoribus
1285 1986 1294 1999 ,
1325 1965 1523 1996 Demosthene
1542 1976 1571 1998 ct
1589 1969 1749 2009 Pausania,

898 2005 952 2035 sub
976 2006 1094 2048 Orphei
1120 2005 1169 2037 vel
1194 2009 1385 2041 Onoiuacriti
1407 2012 1533 2042 non-ine
1566 2012 1621 2045 fint
1644 2013 1747 2047 adlati.

896 2049 991 2082 Harl.

919 2470 956 2509 T
982 2484 1003 2510 2
1665 2485 1741 2521 ΔΠΙ.
