2071 2747
192 169 255 206 750
307 154 446 194 Ln‘bgll.
457 151 649 194 e.XXVJ.
705 149 1070 195 CALLISTRATVS,
1094 148 1465 197 CEPHISODOTVS,
1493 149 1739 188 LYCOLEON
1759 162 1842 188 ετσ.

193 253 364 304 fignantur
385 267 402 288 a
423 249 592 296 Dionysto
615 249 693 286 Hal.
717 252 750 285 in
770 247 866 296 Lysia
889 258 921 284 et
943 247 1133 288 Aristotele3
1161 247 1200 282 ab
1222 244 1292 281 aliis
1315 257 1395 281 vero
1417 243 1533 292 Lyfiae
1557 238 1805 282 a'diudicantur:
1832 246 1944 290 altera,

193 309 275 359 Περὶ
294 309 355 350 τῆς
370 301 577 356 Ἰφικράτει·
592 301 725 346 εἰκόνος,
754 315 838 352 quae
852 301 969 338 eadem
986 297 1080 335 fuiffe
1099 298 1244 341 videtur,
1272 312 1308 334 ac
1333 311 1382 340 ea,
1402 299 1481 350 περὶ
1503 300 1566 342 τῆς
1583 297 1785 350 'mixed-rer
1806 296 1945 351 δωρεᾶς,

194 372 225 398 et
243 359 359 397 eadem
377 359 438 400 eii,
466 371 567 408 quam
589 355 756 403 Aristotel.
777 356 902 391 rhetor.
919 354 959 390 11.
977 365 1025 396 24.
1042 365 1114 401 pag.
1130 363 1192 398 355.
1217 352 1269 387 vbi
1289 349 1435 400 pluscula
1457 364 1496 386 ex
1521 352 1575 386 iila
1593 357 1745 388 oratione
1762 366 1947 403 excerpun-

193 424 265 457 ων,
293 414 446 448 nominat
462 407 548 462 πςός
568 404 747 461 Ἁρμόδιον.
773 428 822 435 -
849 405 947 443 altera
967 405 1043 456 περὶ
1066 406 1128 448 τῆς
1143 402 1262 456 Ἰφικς-
1280 399 1475 456 πξσὸοσίοις,
1501 402 1568 440 fine
1587 402 1774 453 ἀπολογία
1792 400 1944 457 Ἰφικρά-

193 483 271 508 τες.
295 480 325 502 ν.
349 466 503 514 Polymnii.
530 465 725 510 Strategem.
752 461 808 496 ΠΙ.
833 473 866 505 9,
891 471 945 506 29.
1003 461 1052 494 Ex
1074 456 1258 507 posteriore
1271 455 1499 505 fragmentum
1517 455 1561 492 est
1580 459 1665 506 apud
1685 458 1944 505 Quinffilianum
2000 473 2006 479 .

193 522 251 557 lv.
269 531 316 556 12.
334 530 384 554 10.
410 517 461 552 vbi
480 531 510 553 v,
526 512 659 551 Gesner.
675 524 706 550 et
720 515 968 552 mummium,
995 512 1052 560 qui
1069 524 1142 560 pag.
1158 522 1228 557 452.
1253 508 1295 546 de
1319 511 1480 559 Iphicrate
1502 508 1641 555 meliuS,
1666 523 1767 560 quam
1789 509 1831 546 de
1851 514 1946 547 Anti-

190 575 340 624 phonte,
367 567 494 606 differit.
527 565 619 604 conf.
644 566 685 603 de
705 569 797 616 graui
825 566 894 600 eius
920 561 1075 600 sententia
1100 563 1143 600 V
1139 564 1308 599 alckenarii
1331 561 1489 598 diatriben
1513 562 1661 611 Euripid.
1688 563 1759 612 poll
1777 562 1946 614 Hippoly-

192 640 267 663 tum
285 622 462 672 Euripidis,
483 634 555 670 cap.
576 634 627 658 20.
654 633 727 668 pag.
749 630 811 655 211.
840 637 892 644 --
945 616 1142 664 Iphicratem
1159 616 1318 663 adumjficr
1334 615 1569 663 Narficratm,
1599 625 1630 650 et
1653 613 1848 652 sententiam
1871 630 1949 654 acu-

193 691 263 716 tam
286 675 396 714 laudat
418 673 587 721 Aristotel.
609 674 726 708 rhetor.
744 672 798 706 111.
818 683 889 720 cap.
906 681 948 715 15.
972 681 1047 719 pag.
1066 673 1135 717 516.
1158 669 1210 706 ed.
1231 667 1386 704 Cantabr.
1440 666 1614 716 Qaedam
1640 665 1837 704 sententiose
1858 668 1944 706 dicia

192 729 294 768 refert
310 728 478 766 Plutarch.
499 729 532 763 in
548 726 760 775 Apophtheg.
782 735 855 774 pag.
871 730 938 767 708
955 720 1025 771 sqq.
1048 721 1116 757 vol.
1133 723 1188 757 vl.
1211 720 1262 757 ed.
1288 721 1401 759 Reisk.
1443 721 1538 770 plura
1559 719 1698 770 collegit
1717 721 1873 758 Muretus
1893 735 1944 757 va-

192 788 269 822 riar.
286 782 421 819 lection.
438 782 525 817 vm.
543 791 590 815 aa.
643 779 782 827 Propter
795 777 912 813 merita
927 773 1065 824 insignia
1091 775 1289 824 Iphicraten]
1313 770 1526 810 Athenienses
1551 784 1710 810 ornarunt
1733 775 1866 811 honore
1886 773 1945 811 ssa·

191 848 267 875 tuae
280 848 419 878 aeneae,
444 834 533 868 victu
554 832 707 874 Prytanei
723 829 860 877 aliisque
876 830 1050 877 praemiis,
1083 826 1159 864 teste
1180 826 1387 874 Demosthene
1407 828 1439 862 in
1463 824 1652 862 Aristocrat.
1669 839 1744 876 pag.
1759 830 1836 872 746.
1852 829 1886 864 R.
1911 837 1946 864 et

191 893 227 928 in
241 890 414 939 Leptinem
430 887 461 934 ᾗ.
475 888 530 931 69.
548 896 620 932 pag.
639 889 692 928 78.
716 881 768 920 ed.
784 881 825 918 cl.
842 880 978 924 Wolff,
1003 882 1095 916 cuius
1111 890 1204 916 notas
1222 893 1294 929 pag.
1311 892 1370 922 30²
1389 876 1433 928 sq.
1448 877 1612 914 conferes.
1654 878 1748 915 Plura
1765 878 1843 916 vide
1858 878 1944 929 apud

199 942 376 992 Taylorum
397 938 435 974 ad
454 936 569 984 Lysiae
584 934 783 984 fragmenta,
804 941 1045 984 pag-¹8-20-
1062 931 1114 969 ed.
1131 933 1241 969 Reisk.
1265 936 1474 982 interpreteS,
1503 934 1676 980 praecipue
1699 944 1764 967 van
1786 934 1945 968 staveren

192 999 226 1032 in
240 998 372 1030 minore
393 990 540 1027 editione
561 988 600 1025 ad
619 987 770 1025 Cornelii
789 990 889 1023 vitam
906 986 1076 1036 Iphicratis
1091 999 1163 1034 cap.
1181 987 1202 1021 1.
1227 984 1267 1021 de
1281 987 1352 1022 eius
1368 995 1435 1020 arte
1452 985 1600 1020 oratoria
1616 994 1648 1020 et
1667 997 1806 1034 genere,
1831 985 1945 1021 Ruhn-

191 1049 258 1085 ken.
281 1047 302 1082 l.
317 1059 344 1082 c.
369 1057 444 1095 pag.
462 1043 552 1080 LVII
574 1039 623 1092 sq.
649 1051 682 1078 et
704 1042 865 1090 Freyrag.
890 1037 932 1076 de
955 1039 1065 1077 statuis
1089 1049 1149 1076 etc.
1171 1044 1205 1087 ξ.
1224 1039 1294 1075 XII.
1319 1050 1396 1088 pag.
1411 1042 1533 1082 38-42.
1557 1040 1613 1087 qui
1637 1039 1744 1087 plures
1763 1036 1847 1076 alios
1870 1034 1945 1076 VV.

188 1102 265 1138 DD.
280 1096 402 1135 laudat.

292 1162 717 1204 CALLlsTRATvs
732 1190 745 1207 ,
777 1160 960 1199 Callicratis
993 1159 1099 1201 filius,
1137 1158 1368 1208 Aphidnaeus,
1403 1159 1596 1208 eloquentia
1626 1157 1671 1194 fic
1701 1158 1876 1202 excelluit,
1908 1167 1944 1196 vt

188 1234 291 1260 nemo
309 1217 352 1256 sui
370 1218 529 1266 temporis
544 1229 603 1265 par
618 1218 646 1252 ei
661 1225 849 1265 poneretur.
903 1214 1040 1250 Archon
1056 1211 1119 1249 fuit
1133 1212 1275 1262 Olymp.
1293 1214 1382 1249 CVI.
1400 1225 1430 1248 a.
1484 1212 1578 1247 Plura
1593 1210 1634 1248 de
1657 1224 1700 1247 eo
1722 1211 1874 1248 dicentur
1894 1214 1944 1248 in.

188 1275 238 1312 fra
255 1272 295 1310 ad
314 1272 386 1308 libr.
403 1271 459 1305 lv.
483 1281 552 1317 cap.
566 1279 617 1313 24.
640 1271 671 1318 §.
688 1269 778 1304 xm.
834 1270 922 1303 Inter
937 1280 974 1302 ea
993 1263 1084 1302 conf.
1101 1267 1265 1301 Rulmkcn.
1284 1265 1305 1302 l.
1320 1279 1347 1301 c.
1371 1278 1447 1314 pag.
1463 1266 1570 1300 Lvul
1588 1262 1658 1314 sqq.
1683 1278 1720 1300 ac
1737 1278 1810 1314 pag.
1827 1265 1946 1302 LXIV.

188 1326 228 1365 de
244 1330 313 1364 eius
328 1326 480 1361 oratione
501 1324 532 1361 ἒν
554 1322 601 1368 τῆ
614 1321 839 1367 Mea-emma?
861 1320 1047 1372 ἐκκλησίᾳ,
1073 1327 1104 1354 et
1127 1317 1337 1366 Wrnsdorfi
1357 1317 1399 1354 ad
1414 1318 1607 1354 Himerium
1627 1327 1711 1355 orat.
1734 1320 1792 1355 Vl.
1817 1330 1847 1354 2.
1868 1329 1945 1368 pag.

292 1449 322 1484 C
331 1445 360 1481 E
371 1447 393 1482 P
403 1445 439 1481 H
448 1445 460 1478 Ι
469 1445 490 1479 8
499 1445 531 1480 O
541 1443 572 1479 D
582 1444 614 1480 O
625 1443 661 1479 T
673 1445 702 1479 V
712 1444 745 1484 S,
769 1454 811 1478 ex
822 1442 1012 1482 Ceramico,
1030 1439 1114 1476 tribu
1126 1437 1352 1481 Acamantide,
1369 1437 1516 1476 laudatur
1529 1450 1667 1490 propter
1680 1438 1909 1488 eloquentiam
1925 1450 1945 1474 a

189 1499 402 1545 Demosthene
421 1507 504 1533 orat.
527 1498 561 1532 in
583 1497 714 1545 Leptin.
738 1495 853 1543 §.123.
882 1508 914 1530 v.
939 1493 979 1529 cl.
998 1493 1107 1540 W⁰ffl
1133 1491 1174 1528 ad
1196 1492 1312 1528 locum
1337 1492 1435 1528 illum
1454 1505 1533 1542 pag.
1547 1495 1624 1536 368.
1649 1501 1682 1528 et
1699 1492 1859 1527 Ruhnken.
1874 1489 1896 1528 l.
1915 1504 1943 1528 c.

189 1567 263 1603 pag.
282 1553 351 1590 Lx.
404 1546 525 1586 Differt
542 1563 560 1584 a
578 1547 802 1596 Cephisodoro,
820 1543 968 1582 Isocratis
985 1543 1161 1593 discipulo,
1185 1543 1225 1580 de
1245 1557 1312 1594 quo
1327 1543 1413 1581 infra
1434 1548 1468 1581 in
1486 1542 1626 1582 isocrate
1648 1543 1762 1594 paullo
1784 1555 1858 1580 ante
1878 1542 1945 1580 edi-

189 1610 320 1643 tionum
338 1604 640 1640 enumerationem.

291 1674 499 1710 LYCOLE
512 1673 594 1709 ΟΝ.
646 1670 884 1717 Fragmentum
898 1681 938 1704 ex
953 1668 1023 1703 eius
1043 1676 1126 1703 orat.
1146 1679 1209 1715 pro
1228 1665 1373 1702 Chabria
1390 1665 1532 1715 Olymp.
1548 1666 1587 1700 C.
1603 1677 1634 1706 4.
1652 1665 1780 1708 habita,
1800 1660 1942 1703 seruauit

189 1727 361 1776 Aristotel.
377 1727 459 1764 rhet.
478 1725 534 1759 111.
549 1737 619 1773 cap.
635 1736 681 1758 ιο.
698 1722 754 1758 fin.
773 1734 844 1772 pag.
863 1728 942 1765 480.
959 1718 1007 1756 ed.
1024 1718 1178 1758 cantabr,
1204 1733 1236 1755 ν.
1255 1718 1422 1754 Ruhnken.
1443 1731 1518 1768 pag.
1534 1718 1650 1754 LXIV.

293 1797 320 1830 E
332 1798 359 1831 V
372 1795 394 1830 B
404 1795 466 1830 VL
478 1793 536 1827 VS
548 1821 558 1834 ,
586 1789 830 1840 AiiapblyssiuS‚
857 1791 1024 1825 maximae
1039 1788 1238 1824 audloritatis
1252 1795 1370 1835 orator
1384 1796 1415 1821 et
1431 1784 1662 1836 demagogus:
1689 1797 1747 1835 per
1761 1784 1870 1833 plures
1886 1798 1945 1823 an·

191 1862 251 1885 nos
267 1862 329 1883 vna
344 1860 422 1882 cum
437 1843 684 1886 Demosthene,
709 1856 858 1892 quocum
876 1841 920 1876 iili
938 1841 1112 1877 diuturnae
1137 1837 1381 1876 intercesserunt
1404 1837 1601 1882 simultates,
1627 1837 1868 1886 rempublicam
1888 1836 1945 1874 ad-

192 1900 386 1937 ministrauit
399 1927 408 1941 ‚
435 1895 488 1934 sed
505 1908 579 1933 ante
596 1910 672 1932 cum
691 1898 754 1931 vita
771 1893 911 1931 deceffit.
965 1895 1015 1929 De
1032 1896 1102 1928 eius
1117 1894 1268 1928 moribus
1289 1906 1320 1931 v.
1335 1892 1612 1941 Theopompum
1631 1890 1719 1940 apud
1743 1890 1864 1928 Atlun.
1885 1892 1943 1930 lv,

193 1967 266 2003 pag.
285 1955 355 1989 166.
372 1952 415 1987 D.
444 1960 476 1986 et
490 1948 576 1998 apud
596 1950 758 1996 Harpocr.
775 1945 1054 1989 νοο,“Ἐυβελος-.
1109 1948 1310 1982 Orationem
1334 1944 1447 1979 habuit
1471 1941 1621 1980 aduersus
1644 1944 1835 1986 Charetem,
1858 1942 1943 1980 vnde

194 2005 320 2041 dmum
345 2002 482 2039 seruauit
497 2002 667 2044 Aristotel.
691 2002 814 2037 rhetor.
834 2001 855 2034 Ι.
879 2012 950 2047 cap.
970 2002 1013 2034 16.
1037 2011 1113 2047 pag.
1131 2005 1197 2043 ¹8?-
1225 1997 1265 2033 de
1279 2009 1349 2045 quo
1367 2007 1397 2031 et
1413 1995 1546 2046 reliquis
1562 1997 1672 2034 rebus.
1687 2008 1768 2045 quae
1783 1995 1824 2032 ad
1839 1999 1943 2034 vitam

194 2055 323 2107 sataque
339 2054 460 2090 Eubuli
478 2057 661 2102 pertinent,
689 2064 759 2089 tum
777 2052 817 2087 de
840 2053 977 2091 bibulo,
1001 2052 1165 2099 Spinthari
1185 2051 1218 2086 F.
1234 2045 1448 2085 Probabilifio
1463 2061 1495 2086 et
1518 2049 1598 2092 alio,
1620 2046 1799 2085 Muefithei
1817 2049 1856 2087 F.
1871 2050 1943 2095 Cy.

195 2112 270 2158 prio
286 2109 338 2144 vel
355 2110 530 2153 Cytherio,
558 2103 711 2155 copiosus
726 2104 770 2141 est
791 2105 953 2140 Ruhnken.
978 2116 1055 2153 pag.
1070 2103 1158 2139 va
1175 2100 1246 2152 sqq.

300 2179 344 2212 lli
367 2179 464 2221 igitur
486 2177 712 2223 pertinuerunt
736 2173 774 2209 ad
797 2177 938 2223 primam
961 2181 993 2208 et
1017 2171 1153 2208 alteram
1177 2169 1387 2220 eloquentiae
1413 2181 1565 2208 aetatem.
1618 2172 1684 2218 Qi
1704 2181 1782 2206 vero
1797 2172 1941 2218 potiore·

196 2228 314 2264 decem
333 2228 379 2262 illi
407 2225 497 2265 sunt.
524 2240 669 2277 quorum
696 2229 862 2263 orationes
889 2225 996 2260 adhuc
1019 2220 1210 2273 supersunt,
1234 2234 1266 2259 et
1288 2236 1435 2271 quorum
1453 2226 1555 2259 vitam
1580 2220 1763 2272 scriptaque
1780 2222 1942 2258 Fabriciua

197 2281 324 2318 vberius
344 2277 507 2328 exposuit,
534 2292 680 2315 oratores
696 2282 822 2328 graeei,
850 2278 890 2314 de
908 2280 946 2313 iis
963 2290 1110 2325 agemus.
1167 2276 1219 2312 De
1236 2275 1381 2324 reliquis,
1404 2290 1420 2311 a
1437 2277 1640 2312 Ruhnkenio
1656 2273 1836 2317 celebratis,
1852 2274 1943 2327 paula

198 2333 234 2370 lo
252 2330 390 2369 inferius
409 2331 500 2366 locus
517 2334 575 2366 uit
598 2329 770 2366 diss'eicnili
787 2328 1014 2366 commodior.
1041 2327 1142 2364 Harl.

303 2411 344 2445 Π.
383 2412 408 2444 Α
422 2408 494 2442 ΝΤ
507 2409 515 2441 Ι
528 2410 550 2443 P
561 2410 593 2442 H
604 2410 690 2449 ΟΝ,
719 2409 862 2456 sophin,
881 2410 1036 2446 rhetoris,
1052 2405 1149 2447 filius,
1166 2403 1385 2448 Athenienfis,
1410 2417 1500 2456 pago
1517 2403 1751 2447 Rhamnufius,
1767 2404 1869 2450 (vnde
1883 2419 1942 2442 ex·

200 2460 416 2502 cellentiffimi
437 2463 558 2510 quique
572 2462 717 2496 rhetores
733 2459 809 2496 dicti
823 2457 1034 2501 Rhamnusii.
1056 2457 1133 2495 teste
1146 2456 1246 2494 Suida
1263 2459 1295 2494 in
1311 2454 1536 2508 Ῥαμνέσιοσ,)
1555 2458 1700 2507 aequalis
1716 2457 1943 2508 praestantiffi·

1804 2522 1945 2550 morum
