2071 2747
277 101 519 139 PHILISCVS.
549 104 699 141 POLVS.
724 105 1057 142 THEODECTES.
1085 105 1405 144 THEOPOMPVS
1459 105 1531 144 Lib.
1546 109 1597 144 II.
1613 121 1638 145 c.
1652 108 1804 145 XXVI.
1833 116 1890 151 801

249 199 554 241 PHILISCV&
578 198 747 242 Milesius,
779 197 958 248 discipulus
975 197 1144 243 Isocratis,
1169 212 1202 237 ct
1215 203 1362 248 Timaei,
1382 201 1538 245 historici,
1562 203 1732 253 magister:
1758 201 1891 253 scripsit,

141 249 250 288 iudice
274 252 438 288 Ruhnken.
464 265 537 301 pag.
555 260 604 295 83.
629 255 846 303 Δημηγςςηόις
872 263 903 288 et
927 255 1070 303 Lycurgi
1094 257 1214 295 vitam,
1248 255 1287 289 ab
1306 255 1562 303 Olympiodoro
1592 259 1625 290 in
1647 259 1891 291 commentario

141 314 231 339 msto
247 307 280 340 in
299 304 442 340 Platonis
458 308 621 354 Gorgiam
638 306 815 341 laudatam.
870 306 920 341 Ab
935 309 1004 341 aliis
1018 305 1138 342 dicitur
1153 307 1312 353 Philistus
1335 319 1365 342 et
1391 307 1626 344 commiscetur
1649 321 1726 343 cum
1742 307 1893 354 IJhilsso,

142 353 213 392 siue
231 357 370 405 Philisco
386 357 605 402 Syracusano,
629 358 692 396 vid.
711 358 778 393 vol.
798 359 820 393 Ι.
845 357 898 393 lib.
917 359 958 394 11.
981 372 1051 409 cap.
1067 372 1107 395 ιι.
1128 372 1204 409 pag.
1223 372 1296 404 730.
1327 361 1477 408 inprimis
1494 374 1567 410 pag.
1585 373 1655 405 73²-
1683 370 1715 397 et
1738 362 1775 395 in
1801 363 1895 396 Cata.

142 408 228 460 logo
245 412 549 460 Pythagoricorum
576 410 642 447 vol.
661 412 684 445 1.
711 424 784 460 pag.
805 413 876 451 861.

250 502 433 540 POLVS.
461 503 717 551 Agrigentinus,
747 498 991 550 philosophus,
1018 497 1160 549 sophista
1185 509 1218 537 et
1239 512 1353 548 orator
1375 501 1517 546 celeber,
1544 501 1720 552 discipulus
1745 505 1893 553 Gorgiae

142 553 319 595 Leontini,
346 569 364 589 a
380 567 448 603 quo
466 568 534 589 non
552 554 619 589 fine
636 567 760 603 magno
779 555 884 602 pretio
901 552 1047 588 eruditus
1066 552 1122 589 est.
1145 567 1174 588 v.
1192 554 1384 602 Phihstrat.
1403 557 1435 590 in
1452 559 1525 590 vitis
1541 555 1769 604 Sophillarum
1786 557 1857 593 libr.
1868 558 1895 597 Ι,

140 619 212 656 cap.
231 617 275 648 13.
292 619 367 655 pag.
384 609 463 654 496.
485 607 537 642 vbi
559 607 709 642 Olearins
729 608 759 641 in
777 609 860 641 notis
876 605 970 654 plura
986 615 1135 641 veterum
1156 605 1197 642 de
1212 619 1253 642 eo
1278 609 1413 657 eiusque
1430 619 1496 644 arte
1520 608 1634 643 orandi
1657 608 1731 644 loca
1758 607 1894 658 conges-

140 657 200 705 sit,
224 660 404 710 Meurstum
422 660 462 694 ad
480 659 700 708 Apollonium
717 656 925 704 Dystoium,
956 658 1091 704 Vqffium
1116 657 1157 694 de
1179 661 1359 695 rhetorices
1380 670 1491 695 natura
1514 671 1544 696 et
1565 660 1797 697 constitutione
1819 675 1893 711 cap.

140 723 191 747 ιο.
209 708 313 759 infra,
339 711 409 746 libr.
427 713 482 747 IV.
500 726 569 761 cap.
591 723 638 757 32.
663 711 731 747 vol.
749 713 802 749 1V,
826 723 900 760 pag.
914 713 992 754 486.
1023 713 1170 758 inprimis
1188 713 1374 761 Mengitor.
1395 714 1425 748 in
1445 712 1521 748 bibl.
1537 713 1636 748 Sicul.
1664 724 1745 750 tom.
1763 715 1800 749 ΙΙ.
1819 727 1893 763 p2g.

143 769 203 807 188
219 762 289 814 sqq.
320 763 453 813 Scripsit
462 766 606 816 Τέχνην,
624 776 666 811 ε’,
686 762 866 799 secundum
884 762 1019 799 Suidam
1036 763 1183 813 aliosque
1199 767 1284 812 apud
1303 766 1494 813 Mongitor.
1517 765 1558 800 de
1574 764 1739 800 vocabulis
1759 764 1894 810 librum,

141 827 173 853 et
187 817 420 867 genealogiam
443 820 646 853 Graecorum
669 831 706 852 ac
722 818 952 858 barbarorum,
981 818 1036 865 qui
1061 815 1101 851 ad
1125 816 1222 851 Ilium
1248 815 1450 859 militarunt,
1479 826 1510 853 et
1528 816 1708 866 quomodo
1724 816 1894 866 vri-›squif-

140 883 205 919 que
228 883 348 905 eorum
376 871 444 905 illic
465 871 601 913 obierit;
631 871 832 918 nauiumque
855 868 1058 918 catalogum.
1085 888 1136 897 -—
1186 870 1240 905 De
1265 871 1352 906 Polo
1374 871 1600 920 pythagorico
1626 883 1655 908 v,
1672 872 1707 906 in
1727 871 1891 921 Latalogo

139 923 449 973 Pythagoricorum
474 925 505 958 h.
526 937 555 958 v.
580 922 648 958 vol.
667 923 689 958 Ῐ.
715 935 788 971 pag.
806 927 878 966 865.

245 1010 653 1051 THEODECTEQ,
684 1006 873 1050 Phaselim.
907 1006 1071 1049 Platonis,
1096 1005 1247 1044 Isocratis
1271 1018 1303 1044 et
1327 1007 1510 1044 Aristotelis
1534 1005 1733 1056 discipulus,
1768 1006 1894 1058 scripsit

141 1060 346 1109 Apologiam
364 1064 525 1106 Sacram,
554 1077 653 1112 qnam
673 1064 698 1098 ..ι
717 1062 780 1098 viat
798 1060 986 1108 Arstozcles
1007 1063 1086 1096 rhet.
1107 1063 1143 1096 11.
1168 1074 1242 1110 pag.
1261 1074 1339 1108 490.
1361 1072 1392 1096 et
1417 1073 1491 1107 495.
1525 1073 1556 1096 et
1574 1063 1672 1096 aliam
1691 1064 1893 1105 orationem,

141 1111 259 1164 Νᾶμος
277 1113 464 1165 inscriptam
477 1145 484 1158 ,
510 1117 594 1163 apud
614 1115 778 1162 Affisffm‘cn'.
804 1115 880 1149 ibid.
896 1127 971 1162 pag.
987 1125 1062 1159 994.
1082 1114 1216 1163 aliaque.
1270 1112 1374 1149 Conf.
1399 1114 1599 1150 Womtrinm
1625 1116 1658 1148 in
1684 1114 1893 1159 Polymathia

142 1180 214 1216 cap.
231 1182 264 1215 9.
290 1183 364 1219 pag.
382 1173 430 1205 61.
465 1180 495 1204 et
513 1170 652 1213 lensium
675 1167 714 1202 ἃς
731 1166 878 1215 scriptor.
897 1166 967 1201 hili.
985 1164 1099 1214 philos.
1118 1168 1140 1200 1.
1158 1180 1206 1203 ιο.
1221 1180 1248 1203 2.
1273 1179 1347 1214 pag.
1368 1178 1417 1210 57.
1474 1167 1643 1202 Ruhnken.
1663 1165 1683 1205 l,
1701 1181 1728 1202 c.
1748 1179 1820 1215 pag.
1838 1173 1891 1211 83.

141 1221 196 1257 De
211 1225 279 1257 eius
304 1224 483 1257 certamine
506 1214 583 1257 cum
609 1221 677 1256 aliis
701 1222 732 1255 in
758 1217 922 1255 laudando
946 1215 1104 1254 Mausolo
1129 1233 1160 1255 v.
1187 1219 1322 1266 Taylori
1338 1220 1511 1254 Lectionn.
1531 1217 1657 1263 Lysiae.
1673 1232 1749 1269 pag.
1770 1229 1826 1263 232
1845 1216 1891 1267 sq.

141 1273 192 1309 ed.
213 1275 326 1310 Reisk.
364 1275 455 1323 plura
482 1273 556 1309 vide
582 1275 620 1309 de
646 1286 687 1309 eo
713 1271 805 1320 supra
829 1274 861 1306 in
880 1271 1035 1319 catalogo
1058 1272 1286 1319 Tragicorum
1308 1270 1562 1320 deperditorum
1584 1273 1617 1306 h.
1631 1284 1660 1306 v.
1678 1285 1752 1321 pag.
1769 1282 1826 1316 323
1843 1267 1890 1320 sq.

141 1324 229 1364 infra
249 1327 324 1365 libr.
340 1330 396 1364 111.
422 1341 493 1377 cap.
512 1340 550 1362 11.
577 1329 608 1361 in
632 1325 724 1362 catal.
743 1326 1033 1374 Peripateticorum
1067 1336 1141 1373 pag.
1160 1336 1226 1367 31²·
1248 1323 1305 1360 lib.
1321 1325 1377 1360 111.
1403 1337 1430 1360 e.
1447 1336 1476 1368 7.
1499 1336 1573 1373 pag.
1591 1334 1662 1359 201.

247 1423 632 1459 THEOPOMPVS
651 1448 659 1462 ‚
700 1418 922 1456 Damafistrati
940 1417 1047 1460 filius,
1081 1419 1206 1461 Chius,
1245 1416 1392 1454 Isocratis
1415 1417 1592 1468 discipulus
1615 1416 1890 1455 celebratissimus.

143 1474 197 1509 De
219 1476 286 1509 eius
302 1485 333 1510 et
351 1477 479 1522 Ephori
495 1473 630 1509 diuersis
649 1475 789 1522 ingeniis
813 1472 877 1507 vid.
902 1472 1044 1507 Cicer-on.
1067 1469 1108 1506 de
1131 1472 1223 1507 Orat.
1248 1472 1287 1507 Π.
1310 1483 1358 1515 23.
1390 1473 1496 1521 ibique
1510 1481 1580 1508 not.
1599 1470 1670 1507 libr.
1687 1473 1742 1507 ΠΙ.
1765 1483 1837 1519 cap.
1857 1483 1891 1516 9.

140 1523 220 1562 feet.
232 1530 282 1571 36.
316 1527 471 1573 Quinarl.
494 1530 517 1562 l.
538 1528 582 1563 O.
607 1527 646 1561 11.
663 1540 694 1570 9.
711 1539 751 1562 11.
779 1526 820 1561 X.
843 1537 914 1573 cap.
934 1537 957 1559 ι.
975 1535 1026 1568 74.
1078 1525 1166 1558 Nam
1183 1519 1338 1559 lsocrates
1358 1522 1399 1559 de
1412 1525 1554 1570 Ephoro
1573 1534 1670 1573 atque
1687 1525 1890 1572 Theopom-

139 1591 187 1628 po
209 1577 254 1614 fic
275 1579 450 1621 iudicauit,
477 1591 511 1614 vt
538 1581 776 1627 Theopompo
796 1575 914 1617 frenis,
944 1578 1083 1624 Ephoro
1109 1575 1283 1611 calcaribus
1296 1588 1382 1625 opus
1405 1575 1467 1612 ess'e
1491 1576 1622 1612 diceret.
1682 1579 1786 1611 Antea
1809 1588 1889 1611 vero

141 1645 238 1681 quam
255 1631 294 1668 ad
312 1632 461 1668 hissoi-ias
479 1629 731 1667 conscribendas
747 1628 778 1666 se
795 1629 957 1672 contulit,
985 1630 1018 1663 in
1035 1628 1190 1678 palaestra
1205 1631 1349 1664 oratoria
1365 1625 1396 1664 se
1412 1631 1570 1665 exercuit.
1624 1631 1714 1665 Hinc
1738 1630 1771 1663 in
1789 1627 1889 1664 histo.

139 1687 196 1720 riis
212 1687 458 1734 componendis
475 1688 605 1721 retinuit
621 1683 828 1732 eloquentiae
847 1681 1009 1717 colorem.
1066 1680 1304 1728 Qninfi'ilianur
1329 1679 1464 1730 quidem
1488 1683 1513 1718 l.
1537 1683 1577 1717 O.
1599 1682 1638 1716 X.
1663 1694 1687 1717 ῐ.
1704 1692 1755 1727 74.
1789 1681 1890 1715 Theo-

137 1748 289 1783 pompus,
310 1741 366 1785 ait,
393 1740 441 1774 his
463 1745 511 1783 (n.
529 1736 709 1773 Herodoto
727 1746 758 1771 et
774 1733 1004 1780 Thucydidi.)
1019 1735 1214 1780 proximus,
1241 1742 1277 1768 vt
1299 1736 1328 1768 in
1350 1733 1478 1780 historia
1493 1733 1671 1780 praediffis
1694 1736 1815 1776 mincw,
1840 1735 1888 1768 ita

143 1792 270 1824 oratori
285 1790 531 1840 magisstmilir:
560 1798 595 1825 vt
618 1791 691 1837 qui,
719 1796 888 1836 antequam
910 1786 953 1833 cst
973 1788 1017 1820 ad
1034 1786 1089 1821 hoc
1108 1799 1189 1832 opus·
1200 1786 1420 1833 sollicitatus,
1448 1786 1620 1833 diufuerit
1635 1793 1770 1821 orator:
1798 1783 1889 1821 idem

141 1842 241 1890 igitur
256 1840 312 1878 lib.
331 1844 384 1877 lx.
405 1855 434 1886 4.
453 1854 497 1888 35.
525 1843 663 1878 nimiam
680 1844 749 1877 eius
766 1854 877 1876 curam
892 1838 1016 1875 vitandi
1033 1836 1211 1874 concursus
1225 1838 1405 1874 litterarum
1423 1836 1562 1874 insuauis
1577 1838 1698 1887 culpat.
1752 1839 1829 1872 Eius
1844 1847 1890 1873 ta-

142 1907 221 1930 men
237 1891 395 1930 scribendi
409 1907 511 1943 genus
527 1897 611 1930 mire
625 1893 734 1930 laudat
755 1904 787 1929 et
803 1894 840 1929 ab
861 1888 998 1928 infamia
1021 1890 1269 1927 maledicentiae
1295 1903 1372 1926 eum
1394 1888 1545 1927 defendit
1568 1890 1705 1939 Dionysi
1725 1890 1889 1926 Halicarn.
1954 1904 1956 1908 ’

142 1949 178 1982 in
205 1945 309 1996 Epist.
332 1946 372 1983 ad
403 1950 466 1982 Cn.
485 1948 635 1994 Pompei.
658 1960 728 1995 cap.
743 1949 775 1983 6.
799 1959 871 1995 pag.
889 1952 954 1988 782
969 1941 1036 1993 sqq.
1053 1944 1121 1980 vol.
1138 1945 1195 1979 VI.
1219 1943 1270 1982 ed,
1285 1944 1395 1979 Reisk.
1449 1945 1538 1978 Vixit
1556 1956 1635 1978 vero
1657 1943 1798 1991 Philippi
1813 1944 1889 1978 Ma-

142 1999 292 2043 cedonis,
317 2003 429 2048 (cuius
452 1998 716 2034 munificentiam
740 2012 818 2046 erga
844 1997 939 2034 illum
961 2006 1128 2032 memorat
1150 1997 1361 2032 Sozomenus
1383 1993 1484 2044 praef.
1502 1994 1682 2039 historiae)
1710 1993 1886 2031 Alexandri

142 2062 176 2089 et
190 2050 410 2089 succefforum
427 2063 548 2092 aetate,
578 2048 758 2086 secundum
774 2053 906 2085 Saxium
924 2052 956 2085 in
972 2047 1146 2085 Onomast.
1164 2050 1188 2084 Ι.
1203 2061 1276 2096 pag.
1292 2061 1340 2092 73.
1365 2053 1404 2085 Α.
1421 2050 1460 2084 O.
1478 2050 1517 2083 C.
1531 2051 1626 2093 3647.
1652 2047 1794 2096 Olymp.
1810 2049 1885 2083 CV.

143 2117 171 2150 3.
197 2116 273 2142 ante
288 2108 328 2142 C.
348 2107 390 2145 Ν,
412 2107 483 2151 356.
513 2107 551 2139 V.
569 2106 608 2140 C.
630 2106 704 2149 396.
757 2103 884 2152 Ionflus
906 2114 987 2137 vero
1009 2100 1050 2136 de
1067 2098 1173 2148 script.
1189 2100 1304 2137 histor.
1321 2100 1402 2150 phil.
1417 2101 1441 2136 I.
1463 2113 1533 2148 cap.
1550 2113 1584 2147 9.
1615 2101 1647 2148 §.
1670 2113 1701 2144 3.
1726 2100 1781 2135 vbi
1804 2109 1835 2136 et
1849 2100 1883 2149 §.

142 2155 193 2207 sq.
211 2158 252 2195 de
267 2170 369 2195 aetate
386 2156 578 2206 scriptisque
598 2157 822 2203 Theopompi
847 2155 929 2202 agit,
955 2151 1180 2189 demonstrare
1201 2151 1323 2196 studet,
1356 2153 1626 2202 Theopompum
1648 2149 1792 2188 floruisse
1816 2155 1888 2202 qui-

142 2209 304 2248 demiam
322 2222 397 2247 ante
406 2213 547 2258 Olymp.
566 2211 603 2243 C.
629 2205 682 2243 sed
699 2205 809 2242 vixisse
825 2206 933 2242 adhuc
949 2206 1090 2254 Olymp.
1106 2206 1193 2241 CXI.
1223 2203 1315 2255 quod
1335 2217 1412 2240 cum
1429 2205 1638 2250 Anaximene,
1659 2201 1885 2254 Lampsaceno

141 2265 290 2307 rhetore,
307 2266 431 2299 comite
444 2262 620 2298 Alexandri
636 2262 688 2297 M.
706 2264 762 2308 qui
776 2263 869 2306 patri,
885 2259 1049 2308 Philippo,
1066 2256 1119 2293 Ol.
1131 2259 1215 2293 CXI.
1228 2271 1250 2294 ι.
1268 2256 1391 2300 occiso,
1408 2254 1564 2303 successit,
1584 2257 1661 2293 teste
1671 2256 1823 2294 Pausania
1834 2257 1884 2295 El.

145 2317 185 2352 11.
214 2329 246 2352 et
261 2317 360 2352 Suida
379 2319 412 2352 in
427 2313 658 2365 Ἀναξιμένης,
682 2326 820 2357 magnas
836 2309 973 2361 gestisset
991 2311 1187 2346 inimicitias.
1241 2310 1351 2346 Maius
1370 2321 1480 2346 tamen
1494 2309 1623 2358 pondus
1646 2308 1746 2346 addet
1761 2309 1882 2345 iudicio

143 2367 187 2405 de
205 2368 290 2405 illius
305 2379 407 2404 aetate
428 2368 565 2417 epistola
579 2366 618 2400 ad
639 2364 873 2401 Alexandrum.
929 2361 1062 2400 Causs'as
1078 2360 1223 2399 forenses
1244 2375 1316 2398 non
1337 2364 1443 2412 attigit
1458 2362 1576 2410 (Cicer.
1593 2361 1633 2398 de
1649 2365 1740 2399 Orat.
1757 2365 1795 2398 11.
1813 2364 1883 2407 13.).

141 2420 198 2460 sed
215 2421 333 2458 multas
352 2420 604 2458 demonstrattui
619 2432 655 2455 ac
671 2415 806 2455 suasorii
823 2420 953 2468 generis
970 2413 1124 2465 scripsisse
1147 2429 1225 2452 eum
1250 2418 1435 2457 orationes,
1460 2414 1594 2452 testatur
1615 2415 1756 2463 Dionys}
1778 2414 1882 2450 Halic.

187 2483 256 2516 Vol.
271 2482 323 2514 II.
1006 2470 1113 2504 liiii
1793 2464 1882 2515 epist.
