2071 2747
149 151 238 182 νοιῐ.
254 157 337 201 Q
515 154 1005 195 DEMOSTHENJCORVM
1031 159 1409 199 ILLVSTRATORES
1459 166 1531 203 Lib.
1546 168 1592 205 II.
1612 181 1638 204 c.
1650 169 1801 207 XXVI.
1827 180 1892 219 849

254 251 447 288 Vincentius
472 251 677 288 contarenus
699 254 732 287 in
756 255 918 289 variarum
939 252 1123 291 leffionum
1145 255 1249 299 libro,
1276 260 1389 296 Venet.
1414 263 1508 300 1606.
1535 275 1564 306 4.
1593 277 1654 301 rec.
1679 267 1827 304 Traiecti
1850 269 1889 306 ad

148 304 258 340 Rhen.
280 316 363 349 1754.
381 311 411 344 8.
440 318 514 354 pag.
532 312 586 350 87.
612 302 753 354 disputat
775 304 816 340 de
843 306 924 342 locis
947 306 1142 354 quibusdam
1169 309 1344 347 Demossh.
1371 327 1411 348 ex
1434 317 1585 351 oratione
1604 316 1644 353 de
1666 331 1791 356 corona
1806 332 1835 356 et
1851 321 1891 358 de

146 359 303 392 ementita
323 356 509 406 legatione:
535 371 633 407 quam
657 357 852 406 particulam
873 371 938 408 ego
963 356 1081 395 subieci
1105 360 1241 398 editioni
1264 377 1356 399 meae
1378 376 1459 402 orat.
1483 367 1522 402 de
1541 381 1666 405 corona
1680 384 1754 420 pag.
1774 379 1892 418 598—-

147 412 225 449 608.
280 411 358 458 Ego
376 423 511 459 quoque
528 413 560 446 in
579 408 753 459 Opuseuiis
771 413 849 446 varii
865 415 1051 460 argumenti
1068 426 1142 462 pag.
1162 417 1230 460 196.
1254 414 1489 453 difficillimum
1508 419 1634 463 locum,
1658 435 1787 459 crucem
1811 428 1894 461 criti-

147 474 264 497 corum
276 491 284 504 ,
312 465 345 498 in
363 474 446 498 orat.
463 463 503 499 de
519 466 669 509 Corona,
693 477 762 512 cap.
781 477 822 509 51.
848 477 919 513 pag.
931 464 1004 500 edit.
1023 478 1116 501 meae
1128 469 1204 509 360.
1222 471 1342 502 tentaui
1360 472 1483 505 auciori
1500 469 1667 522 sensuique
1683 475 1826 513 reddere.
1844 498 1894 506 ..-

145 516 235 550 Petri
250 516 354 550 Fabri
376 526 471 551 notas
490 515 623 552 ineditas
640 515 679 551 ad
698 516 960 552 Demosthenem
978 528 1146 554 memorat
1159 520 1319 567 Francisc.
1338 522 1554 560 Gramrolms
1580 527 1612 561 in
1634 530 1722 563 notis
1745 527 1784 564 ad
1810 532 1894 566 Petri

147 566 460 617 Bunelliepislolas,
489 578 625 604 notante
652 570 801 604 Fabricio
827 571 858 604 in
883 579 960 605 nota
985 580 1079 606 msta.
1105 591 1155 598 —-
1208 573 1297 608 Loca
1328 574 1544 622 Demqstfienis
1565 590 1634 613 non
1657 593 1756 628 pauca
1771 584 1847 617 citat
1861 592 1893 618 et

145 621 290 670 explicat
315 621 372 657 cel.
403 622 449 656 Ιο.
469 621 564 657 Frid.
588 622 792 669 Reitemnycr.
820 624 852 657 in
879 635 1006 659 comm.
1029 622 1069 658 de
1083 625 1212 672 origine
1231 635 1260 660 et
1275 628 1403 662 ratione
1426 628 1623 674 quaestionis
1646 644 1704 680 per
1726 643 1892 670 tormenta

143 673 229 722 apud
245 675 301 708 Gr.
319 684 349 709 et
365 675 561 714 Romanos.
591 674 773 722 Gottingae
788 681 876 718 178⁴.
895 682 926 716 8.
941 695 994 701 —
1047 676 1155 711 Multa
1171 675 1247 712 loca
1264 676 1363 714 doc‘ie
1377 678 1511 715 illustrat
1538 682 1718 719 Palmeriur
1743 688 1774 720 iu
1791 688 1891 723 Exer-

143 728 241 762 citatt.
259 728 289 760 in
307 723 454 774 scriptor.
472 739 521 775 gr.
539 739 613 775 pag.
634 730 695 762 622
712 724 782 775 sqq.
836 727 902 762 Hic
918 740 993 776 pag.
1013 730 1083 771 632.
1102 739 1131 764 et
1147 733 1217 772 633.
1236 740 1346 773 notat,
1369 732 1632 768 Demosthenem
1648 740 1789 773 oratoria
1809 739 1892 775 astu.

142 780 186 814 tia
203 781 338 814 iunioris
360 777 533 814 Alcibiadis
551 792 655 828 genus
675 777 715 813 ad
734 789 859 826 patrem
876 779 1089 821 transtulit&
1115 790 1214 830 atque
1235 780 1276 818 de
1297 785 1364 819 hoc
1381 785 1617 821 Demosthenis
1643 801 1771 833 errore,
1797 802 1828 827 et
1851 791 1892 828 de

141 830 289 880 pluribus
306 831 378 866 aliis
395 831 475 866 locis
491 830 727 867 Demosthenis
741 828 878 879 disputat
895 832 1001 868 Henr.
1022 833 1170 882 Valesius
1183 837 1215 869 in
1232 834 1514 871 Emendationum
1538 839 1608 873 libr.
1626 840 1680 875 IV.
1705 855 1799 891 capp.
1817 846 1891 878 1-

140 885 196 922 lx.
222 897 319 933 pagg.
338 896 392 920 101
412 881 481 933 sqq.
509 904 559 911 -
614 885 702 919 Guil.
722 885 845 918 Audaci
861 888 1094 920 commentarii
1111 898 1247 934 graecae
1262 887 1396 937 liuguae
1413 891 1559 924 multum
1579 888 1755 929 faciuntad
1775 897 1892 932 melio-

140 950 213 973 rem
236 935 473 972 Demostheuis
492 934 755 984 intelligentiam.
782 957 832 962 —
893 937 996 983 Toup.
1013 940 1046 973 in
1065 938 1295 975 animaduerss'.
1320 939 1358 975 ad
1376 943 1569 989 Longinum
1588 945 1640 979 ΠΙ.
1659 946 1891 984 Demostheni.

141 1003 256 1025 carum
274 999 369 1025 oratt.
386 989 474 1026 loca.
501 989 595 1037 plura
620 991 653 1023 in
675 985 852 1037 Opusculis
870 991 989 1024 criticis
1009 992 1155 1040 corrigit.
1187 1011 1238 1018 —-
1290 993 1449 1028 Dorville
1470 993 1509 1029 ad
1527 996 1708 1034 Charitona
1730 1001 1892 1048 permulta

141 1043 241 1078 Dein.
258 1042 333 1077 loca
350 1042 490 1091 explicat
507 1040 721 1077 emendatue:
748 1051 779 1076 et
794 1038 837 1076 fic
852 1041 906 1077 alii
925 1045 1046 1085 critici,
1076 1054 1130 1078 aut
1147 1042 1287 1080 editores
1312 1056 1460 1081 veterum
1483 1048 1660 1084 auctorum
1685 1051 1798 1099 passim
1821 1053 1893 1089 illu.

142 1094 299 1138 stratum,
327 1105 381 1130 aut
399 1105 564 1130 tentarunt
579 1094 656 1130 loca
672 1093 943 1130 Demosthenica.
970 1115 1022 1122 —
1077 1097 1171 1131 Sei-in
1192 1099 1224 1131 in
1240 1097 1355 1134 hissoi.
1378 1096 1491 1138 socier.
1509 1112 1576 1149 reg.
1601 1102 1669 1137 Par.
1690 1102 1787 1140 inser.
1807 1115 1892 1142 tom.

141 1149 198 1184 111.
220 1162 292 1197 pag.
312 1160 348 1194 5²
367 1145 412 1195 sq.
438 1145 519 1183 vers.
539 1145 770 1183 Gottschediae
787 1146 940 1183 emendat
955 1147 1070 1183 locum
1090 1151 1121 1182 in
1139 1159 1223 1186 orat.
1241 1147 1281 1185 de
1298 1152 1434 1186 Corona
1457 1164 1532 1201 pag.
1552 1164 1621 1197 350.
1647 1175 1700 1181 —
1753 1159 1791 1192 ln
1812 1159 1893 1194 Leo.

135 1203 238 1248 pardi
261 1199 458 1241 emendam,
487 1200 612 1250 Luifini
634 1202 761 1248 Parerg.
792 1210 824 1234 et
849 1200 942 1235 Guil.
965 1201 1101 1236 Cantrri
1131 1213 1209 1236 nou.
1230 1201 1339 1242 lectt..
1364 1205 1509 1239 Brodaei
1532 1203 1714 1244 miscellan.
1734 1219 1823 1258 parte
1841 1212 1893 1254 IL,

141 1254 227 1290 Adr.
246 1255 328 1288 Iunii
343 1266 470 1289 comm.
490 1251 530 1288 de
551 1266 662 1295 coma,
684 1264 715 1287 et
735 1250 836 1287 eiusd.
861 1251 1086 1289 animaduerti]
1107 1253 1244 1302 aliisque
1267 1257 1384 1291 criticis
1410 1261 1573 1306 (quorum
1597 1259 1730 1296 libellos
1755 1264 1893 1299 iunctim

140 1305 282 1342 reddidit
298 1308 370 1341 lan.
387 1306 556 1341 Gruterus
569 1307 602 1340 in
620 1303 811 1353 Lampade‚
834 1302 900 1339 siue
917 1302 988 1340 face
1004 1309 1123 1341 artium
1140 1306 1345 1349 liberalium,
1373 1319 1456 1345 tom.
1475 1311 1530 1345 Ill.
1556 1321 1639 1346 tom.
1657 1314 1711 1348 IV.
1735 1313 1892 1353 Francof.

139 1361 235 1404 1604.
255 1360 302 1404 8.)
330 1358 478 1406 pluribus
493 1357 574 1393 locis
597 1356 863 1393 Demosihenicis
889 1355 944 1392 fax
971 1360 1082 1393 critica
1099 1360 1307 1403 accenditur,
1335 1371 1367 1396 et
1390 1365 1662 1410 interpretatione
1685 1362 1892 1405 succurritur.

137 1431 191 1439 —·
244 1413 474 1458 Hauptmanni
488 1423 601 1460 progr.
621 1423 710 1446 arma
727 1408 951 1456 Dcmqsilzenis
969 1412 1011 1445 nd
1028 1412 1162 1448 Petron.
1183 1425 1253 1462 cap.
1268 1414 1309 1449 V.
1331 1427 1359 1448 v.
1378 1427 1422 1458 14.
1448 1416 1552 1450 Gerae
1568 1421 1660 1460 1768.
1677 1428 1737 1455 etc.
1766 1420 1868 1456 Har-1.

244 1514 482 1564 Eloquentiam
497 1516 563 1550 eius
581 1514 685 1563 pingit
700 1516 826 1563 optime
841 1512 1022 1560 Dionysius
1037 1513 1311 1560 Halicarnasseus,
1334 1515 1417 1566 [ipse
1435 1517 1611 1556 Aeschines
1625 1520 1713 1571 apud
1729 1524 1834 1560 Cicer.
1850 1522 1892 1561 de

144 1579 229 1604 orat.
243 1569 301 1604 111.
319 1581 388 1617 cap.
403 1568 469 1613 56.]
495 1581 541 1609 ac,
565 1580 606 1602 ne
620 1566 661 1602 de
676 1565 746 1601 aliis
763 1566 946 1602 rhetoribus
961 1566 1082 1610 dicam,
1104 1569 1249 1616 Ifidcrus
1263 1570 1467 1620 Peligfiotall.
1485 1572 1576 1621 episi.
1588 1577 1656 1618 146.
1686 1575 1813 1611 Caecilii
1831 1577 1893 1614 Ca.

137 1622 345 1663 1afflnz‘222),
372 1621 470 1656 Siculi
491 1622 641 1660 rhetoris.
669 1617 850 1670 Σύγκρισις
865 1621 1087 1669 Δημοσθένες
1102 1637 1160 1669 ’wi
1174 1623 1372 1672 Κικέρωνος,
1396 1621 1576 1676 Σύγκρισις
1594 1628 1816 1676 Ammo-9585
1831 1624 1890 1678 »φή

136 1676 304 1722 Maxim,
333 1683 364 1708 et
387 1673 469 1708 liber
490 1672 570 1723 Περὶ
595 1672 817 1720 Δημοσθένες
845 1679 929 1711 ποῖοι
947 1670 1040 1712 natira}
1052 1671 1178 1720 ’γνήσιοι
1200 1671 1301 1722 λέγω
1316 1672 1374 1722 »(9ιᾷ
1391 1682 1480 1716 ποῖοι
1496 1676 1605 1722 νόθοι,
1630 1691 1702 1714 tum
1719 1678 1890 1731 ιΎπομνή-

137 1743 246 1774 ματα
265 1727 381 1776 Zrfimi
401 1726 540 1764 Gazaet,
568 1725 710 1759 Zenonis
731 1726 836 1767 Cizici,
859 1730 946 1771 (non
965 1727 1155 1762 Stoicorum
1171 1729 1348 1777 principis,
1375 1726 1426 1765 sed
1444 1732 1612 1776 rhetoris.)
1631 1736 1714 1775 ΜΜ)
1740 1744 1771 1769 et
1785 1736 1890 1770 Sallu.

126 1778 198 1825 flii,
214 1776 388 1827 sophistae,
412 1780 445 1813 in
457 1776 733 1818 Demosthenem,
761 1790 905 1827 quorum
923 1781 1078 1814 meminit
1094 1779 1218 1820 Suidas,
1246 1780 1491 1819 interciderunt.
1548 1784 1736 1825 Eumeni,
1763 1798 1797 1821 vt
1819 1789 1890 1836 opi.

137 1843 220 1873 nor,
244 1830 450 1876 Sallustium,
477 1830 592 1865 Suidas
608 1844 626 1866 e
642 1828 819 1866 Damascio
835 1830 943 1873 tradit,
970 1834 1134 1867 orationes
1150 1832 1387 1869 Demosthenis
1404 1834 1568 1872 vniuersas
1586 1832 1743 1886 ὃημοσίες
1759 1852 1889 1876 memo-

136 1885 203 1918 riae
220 1879 403 1923 mandaffe,
429 1892 460 1917 et
481 1881 600 1918 ibidem
617 1885 770 1918 meminit
787 1884 916 1926 Nonni,
940 1881 1051 1920 nescio
1067 1887 1176 1926 cuius,
1203 1885 1400 1930 (eumdem,
1427 1890 1516 1923 cuius
1535 1889 1761 1939 Metaphrasiu
1785 1893 1891 1928 Euan.

135 1935 211 1985 gelii
228 1936 359 1969 loannis
377 1936 552 1974 habemus,
582 1935 734 1985 intellig-It
750 1933 941 1972 Bonifacius
957 1937 1029 1973 XV.
1049 1941 1079 1973 6.
1113 1936 1193 1972 Hist.
1210 1937 1383 1983 ludicrae,)
1413 1942 1470 1988 qui
1495 1939 1597 1977 sexies
1622 1942 1888 1980 Demosthenem

135 1988 344 2024 deuorauerit
360 1997 487 2028 totum,
515 2001 575 2022 nec
602 1998 712 2023 tamen
738 2002 840 2024 vnum
863 1991 1007 2038 potuerit
1024 1989 1160 2025 verbum
1179 2003 1364 2037 congruens
1381 1993 1413 2027 in
1430 1996 1594 2029 concione
1609 1993 1770 2044 proferre.
1825 1993 1890 2046 Ka}

135 2038 254 2080 No‘vvov
271 2035 303 2078 di
315 2047 425 2087 φασιν
442 2035 651 2087 ἐκμαθὲντα
669 2036 787 2089 ἑξάκις
804 2038 882 2079 ’ἕλον
895 2038 952 2079 τὲν
962 2042 1191 2089 Δημοσθένην,
1211 2040 1257 2091 μή
1272 2038 1304 2081 δὲ
1323 2039 1436 2095 (iidem
1451 2042 1492 2084 τὲ
1506 2042 1600 2096 ςᾶμα
1617 2043 1788 2095 δύνασθαί
1801 2047 1888 2100 πρός

134 2109 178 2140 ’γε
193 2090 306 2141 λόγων
321 2093 472 2132 ἐπιεικῶν
489 2088 652 2131 σύνθεσιν.
667 2093 797 2129 Fabric.
832 2095 902 2140 [De
912 2094 1051 2143 Zostnm,
1072 2093 1272 2138 Ascalonita,
1288 2098 1424 2146 eiusque
1440 2098 1569 2141 libellis,
1585 2101 1669 2136 etde
1682 2101 1888 2149 Mqscsopnli

1793 2152 1886 2191 scho-

177 2269 258 2302 zzz)
280 2264 366 2297 Conf.
394 2263 543 2307 Lassarin
572 2264 608 2294 de
638 2263 828 2305 scriptoribus
851 2266 992 2296 Graeciae
1036 2264 1128 2304 vulgo
1150 2264 1328 2307 leianeos,
1353 2265 1377 2308 ᾇ.
1400 2278 1430 2304 4.
1451 2279 1516 2310 pag.
1536 2271 1614 2302 XXI.
1629 2271 1674 2302 ed.
1691 2273 1884 2310 Mounteney.

137 2309 258 2346 Siculis,
282 2309 357 2339 infra
372 2309 432 2338 vol.
453 2312 529 2339 xiv.
544 2321 609 2351 pag.
634 2321 667 2344 -24
683 2308 722 2349 sq.
753 2308 836 2350 plura
860 2321 933 2339 vero
956 2310 992 2339 de
1037 2309 1080 2339 Ab
1102 2312 1235 2351 Eunapio
1261 2320 1384 2342 vocatur
1405 2314 1551 2354 cyprius,
1574 2317 1664 2353 (nam
1687 2318 1797 2347 Citium
1816 2319 1883 2348 vrbs

136 2365 172 2384 eo
190 2354 387 2395 suppeditabit
403 2353 578 2394 i'llungttor.
595 2348 642 2382 in:
667 2353 741 2382 Bibl.
758 2352 864 2388 Sicula,
881 2362 954 2384 toni.
968 2357 990 2384 1.
1037 2354 1076 2383 est
1092 2355 1197 2394 cypri)
1220 2355 1350 2385 imbutus
1363 2355 1495 2393 scientia,
1521 2366 1549 2388 et
1567 2359 1726 2395 rhetorica,
1748 2370 1776 2391 et
1791 2361 1881 2391 medi-

135 2409 201 2440 pag.
214 2408 259 2435 ¹¹7
277 2396 316 2438 sq.
342 2396 437 2428 Harl.
1037 2407 1080 2434 ca,
1103 2397 1177 2431 (vid.
1194 2397 1271 2428 infra
1286 2398 1346 2428 vol.
1365 2401 1443 2430 XIII.
1466 2411 1531 2441 pag.
1548 2403 1635 2442 454.)
1649 2412 1685 2433 ·et
1699 2404 1823 2434 refertur
1846 2404 1883 2434 ad

181 2447 282 2476 anan)
305 2444 380 2471 Vide
402 2439 532 2471 Suidam
555 2441 583 2469 in
603 2438 688 2471 Ζήνων
712 2437 828 2476 Κιτιιὺς,
852 2448 882 2470 et
898 2442 990 2482 inpri-
1036 2439 1141 2471 Iuliani
1158 2449 1308 2482 tempora:
1332 2444 1491 2485 Chapman.
1512 2447 1575 2475 eius
1588 2455 1710 2478 aetatem
1724 2450 1807 2489 ponit
1817 2457 1882 2489 pag.

137 2489 193 2517 mis
223 2485 270 2516 Io.
295 2484 466 2526 Clznpman.
490 2487 537 2514 in:
561 2483 728 2515 Obseruatt.
748 2487 779 2515 in
803 2492 994 2516 commentar.
1037 2494 1086 2521 24.
1102 2487 1131 2514 in
1144 2495 1190 2514 an.
1205 2495 1270 2521 350.
1286 2489 1379 2518 immo
1393 2497 1465 2525 340.
1487 2488 1583 2521 Harl.

182 2538 250 2570 Voi.
264 2537 318 2570 Π.
1070 2532 1122 2579 FP
1139 2541 1190 2579 ΡΡ
1205 2543 1227 2578 Ρ
