2071 2747
775 97 1077 138 PHERECYDES
1288 102 1361 139 Lib.
1372 102 1425 140 II.
1439 116 1464 141 c.
1478 103 1563 141 XX
1562 106 1580 140 1
1582 105 1628 142 V.
1730 107 1799 150 ⁶6,

149 195 225 232 Iure
250 193 384 231 laudant
403 193 609 245 diligentiam
633 204 732 246 atque
753 194 976 234 eruditionem
996 199 1031 233 in
1051 198 1116 233 hoc
1141 195 1226 233 libro
1242 197 1474 249 conspicuam:
1501 200 1663 251 quaedam
1680 212 1794 240 tamen

42 246 140 284 aliter
158 249 324 299 explicant
341 259 394 283 aut
410 251 485 284 hinc
500 246 576 285 inde
590 246 779 287 diffeminnt
806 250 846 285 ab
870 248 997 287 dossissl
1011 251 1168 292 auctore,
1191 248 1340 288 censores¹
1356 255 1387 288 in
1407 255 1537 303 ephem.
1553 253 1686 290 litterar.
1711 258 1794 292 Got-

44 303 128 350 cing.
147 313 236 346 ¹790.
256 302 344 352 plag*
363 314 392 337 a.
411 314 486 351 pag.
502 314 544 337 ao
560 299 629 352 sqq.
658 312 689 338 et
705 304 737 337 in
752 301 900 352 AIIgem.
916 305 1267 353 Litteratur-Zeitung.
1299 317 1389 352 ¹790·
1406 320 1456 342 nr.
1475 319 1540 342 122.
1563 305 1667 343 mens.
1684 310 1789 344 Maio.

42 367 107 390 nec
127 367 198 389 non
227 357 259 389 in
283 356 403 390 Annai.
422 357 553 390 litterar.
571 354 757 391 Helmssad.
777 367 868 401 ¹790·
884 353 988 393 mens.
1004 357 1095 393 Nou.
1116 369 1191 406 pag.
1207 369 1271 401 424
1289 355 1355 408 sqq.
1417 362 1504 394 Vixit
1527 359 1730 406 Pherecydes
1751 361 1794 396 ab

44 404 185 456 Olymp.
210 408 375 442 XXXXV.
408 421 508 457 vsque
535 406 576 444 ad
610 409 691 443 LIX.
730 418 787 444 aut
818 409 886 444 LX.
917 421 987 458 quo
1023 422 1098 445 ann.
1128 412 1239 445 aetatis
1267 411 1333 446 LX.
1361 423 1462 458 agens
1498 410 1626 461 periisse
1659 412 1792 450 dicitur.

41 458 123 504 (vid.
146 459 228 495 '1'ch
243 472 345 495 nui-m.
364 473 437 509 pag.
463 461 555 505 106.)
592 461 755 497 Dodmell.
782 464 814 496 in
838 464 966 497 exercit.
983 462 1022 496 II.
1043 459 1085 497 de
1107 473 1211 498 aetate
1234 464 1441 512 Pythagorae
1463 477 1536 513 pag.
1552 478 1614 500 reo
1628 462 1696 516 sqq.
1718 465 1792 502 diii·

42 523 160 559 genter
177 510 317 548 versatus
333 514 375 547 (Η
395 516 426 548 in
446 523 550 548 aetate
570 514 767 559 Pherecydis
781 512 987 552 definienda,
1011 526 1127 550 contra
1147 514 1285 550 Bentleii
1307 519 1450 552 rationes
1472 516 1642 554 dimicans.
1695 520 1790 555 Bent-

39 564 165 601 letum.
192 567 249 614 qui
273 564 448 608 adfirmat,
475 565 617 614 Olymp.
635 566 716 601 LIX.
732 563 805 601 fatis
821 564 1008 602 concessisse
1025 566 1249 613 Pherecydem
1261 594 1271 608 ,
1296 567 1452 618 idemque
1470 566 1620 606 obseruat
1642 585 1659 606 e
1674 568 1791 606 Lucia-

0 617 1 647 ἶ
39 619 76 653 οἱ
89 618 282 658 Macrobiis,
298 621 384 667 (cap.
401 630 450 654 22.
469 619 520 652 vbi
536 631 614 654 vero
629 617 702 654 vide
719 621 740 653 I.
759 621 802 654 Η.
819 620 951 654 Maium
967 630 999 655 et
1016 617 1129 665 Moys.
1146 619 1190 655 du
1205 620 1314 668 δοιὼ)
1331 621 1427 657 illurn
1446 635 1585 663 annum,
1614 636 1680 672 quo
1697 637 1788 660 mor-

0 662 2 697 ἶ
39 679 114 705 mus
129 669 194 712 est,
220 668 318 719 egitse
336 671 498 706 LXXXV.
522 672 584 706 hos
608 683 687 706 vero
706 684 822 711 annos,
843 673 883 707 ab
906 685 996 708 auno
1011 672 1150 722 Olymp.
1168 674 1247 708 LIX.
1267 686 1289 708 1.
1310 671 1490 711 retrorsum
1516 672 1721 724 supputatos,
1745 674 1786 712 ad

39 735 166 759 annum
191 725 376 772 pertingere
398 723 540 773 Olymp.
558 725 722 758 XXXVII.
740 736 770 767 4.
798 724 982 760 Bentleiuin
1008 727 1126 773 igitur,
1156 736 1246 775 putat
1266 725 1431 764 Dodweu.
1455 725 1639 764 confudiss‘e
1660 727 1789 764 histori-

38 787 119 810 cum
137 775 364 821 Pherecydem
379 776 534 818 Lerium‚
559 790 638 812 cum
656 776 864 822 Pherecyde,
889 779 1004 824 Syrio,
1032 780 1240 827 Pythagorae
1261 779 1437 827 magistro,
1464 791 1497 816 et
1519 783 1684 830 vtriusque
1704 790 1788 817 aeta·

38 836 108 863 tem
124 827 330 878 ampliss'nnis
346 829 450 864 verbis
465 827 634 877 designare
653 828 768 866 studet.
821 829 1021 875 Pherecydi,
1050 833 1257 880 Pythagorae
1278 831 1456 879 magistro,
1483 846 1562 868 cum
1578 832 1676 869 Suida
1697 843 1787 869 nata-

37 879 106 917 lem
125 878 242 916 adserit
256 881 398 930 Olymp.
417 883 516 917 XLV.
573 883 624 916 De
638 882 818 931 posteriore
837 882 1044 929 Pherecyde,
1068 885 1164 918 Lerio
1185 883 1235 918 vel
1256 883 1465 925 Atheniensi,
1487 885 1664 933 historico,
1690 886 1785 936 loqui

36 933 221 968 Lucianum
249 934 442 977 arbitratur,
470 935 653 983 iliumque,
680 937 830 977 coniicit,
860 946 974 971 natum
995 936 1134 984 Olymp.
1153 937 1296 972 LXXIV.
1321 950 1352 980 4.
1386 948 1417 972 et
1448 935 1492 972 sic
1520 951 1646 974 annum
1673 940 1788 974 aetatis

36 986 198 1021 LXXXV.
225 983 396 1022 absol-mse
418 987 557 1035 Olymp.
578 989 678 1022 XLV.
696 999 718 1022 x.
742 990 797 1036 qui
821 985 918 1023 suerit
938 991 967 1024 ei
990 988 1129 1037 proinde
1153 986 1271 1024 fatalis.
1324 992 1509 1037 Comparat
1533 989 1646 1039 postea
1667 991 1786 1027 Laertii

33 1037 247 1088 aliorumque
262 1042 465 1075 narrationes
482 1051 514 1074 et
532 1040 700 1075 historiam
718 1040 803 1075 illius
828 1044 911 1078 acui.
963 1041 1098 1089 Simson.
1118 1044 1149 1076 in
1167 1044 1339 1077 Chronico
1361 1056 1392 1091 p.
1411 1049 1481 1087 584.
1505 1041 1546 1078 de
1567 1042 1682 1079 nossro
1704 1046 1786 1092 agit,

33 1093 170 1141 eiusque
190 1091 279 1126 diem
304 1092 448 1127 natalem
475 1091 618 1127 incidere
638 1095 681 1127 ait
701 1094 732 1126 in
757 1093 899 1142 Olymp.
920 1095 1016 1128 XLV.
1041 1097 1079 1129 A.
1096 1095 1149 1130 M.
1167 1097 1263 1137 3406.
1286 1106 1362 1130 ante
1383 1096 1421 1129 C.
1440 1097 1481 1132 N.
1498 1106 1570 1141 597.
1594 1097 1635 1131 V.
1655 1097 1696 1132 C.
1723 1106 1785 1142 155.

33 1142 119 1179 adde
136 1142 294 1179 eumdem
313 1143 351 1179 ad
364 1149 402 1181 A.
421 1146 474 1179 M.
488 1146 575 1189 346¹.
594 1158 669 1194 pag.
688 1148 755 1188 646
773 1141 814 1195 sq.
834 1146 874 1181 de
894 1156 997 1182 aetate
1015 1146 1209 1192 Pherecydis
1226 1147 1372 1196 aliisque,
1388 1161 1470 1196 quae
1486 1161 1560 1182 vere
1575 1145 1658 1183 salso
1685 1161 1725 1183 ue
1740 1147 1784 1184 de

32 1196 96 1232 illo
113 1200 237 1231 narrari
254 1194 370 1233 solent.
427 1197 580 1244 Coijsi'nur
600 1200 632 1232 in
648 1196 728 1232 fast.
750 1202 835 1234 attic.
855 1199 908 1233 III.
926 1213 957 1247 p.
978 1210 1034 1239 ¹13-
1049 1210 1079 1234 et
1097 1212 1154 1243 ¹¹5·
1186 1201 1354 1234 Lan-tium
1371 1202 1395 1234 I.
1415 1212 1472 1234 121.
1489 1197 1641 1248 sequutus
1661 1161 1786 1240 scribit.

32 1247 277 1293 Pherecydem,
298 1251 506 1297 Pythagorae
522 1260 793 1298 praeceptorem,
817 1248 961 1286 floruilse
977 1251 1121 1300 Olymp.
1139 1253 1220 1286 LIX.
1240 1262 1272 1287 et
1294 1249 1481 1302 conspirare
1503 1265 1581 1287 cum
1605 1252 1783 1288 Ciceronem

32 1299 172 1337 Tuscul.
189 1303 229 1345 (I.
246 1305 294 1337 16.
309 1302 360 1336 vbi
378 1299 530 1336 consules
546 1301 672 1347 Dauis.)
688 1305 762 1351 qui,
792 1302 1013 1349 Pherecydes,
1042 1307 1104 1341 ait.
1121 1304 1197 1349 fuit
1223 1317 1288 1338 mco
1314 1312 1470 1351 regnante
1493 1305 1631 1353 gratili,
1658 1319 1690 1340 n.
1708 1306 1782 1341 Ser·

30 1356 88 1389 vio
104 1353 245 1396 Tullio,
271 1357 327 1403 qui
345 1355 487 1403 Olymp.
504 1355 585 1390 LXI.
605 1367 634 1398 4.
655 1368 693 1390 ex
711 1358 792 1391 viuis
806 1355 953 1398 excessit,
980 1367 1051 1392 tum
1074 1354 1272 1399 Eusebium,
1302 1361 1356 1405 qui
1382 1355 1608 1402 Pherecydem
1634 1357 1780 1407 OIymp.

29 1406 96 1442 LX.
116 1419 143 1441 2.
161 1404 306 1442 tioruiffe
325 1405 483 1456 prodidit.
535 1406 630 1442 Adde
646 1407 796 1455 Vallars.
814 1407 853 1444 ad
874 1411 1077 1454 Hieronymi
1104 1411 1261 1444 Chronic.
1285 1410 1424 1460 Olymp.
1443 1411 1529 1445 LIX.
1545 1423 1575 1454 4.
1598 1423 1665 1460 quo
1689 1423 1780 1446 anno

27 1457 176 1508 positum
194 1459 239 1494 est
255 1457 450 1504 Pherecydis
466 1472 609 1502 nomen,
637 1470 669 1495 ct
687 1461 927 1508 Sciturzfleiscb.
954 1464 984 1496 in
1007 1463 1134 1497 Notitia
1153 1462 1300 1497 biblioth.
1325 1461 1498 1511 principal.
1517 1459 1697 1498 Vinariens.
1733 1463 1779 1499 Ie·

29 1524 110 1553 nae,
138 1524 213 1558 ¹7¹5·
229 1525 258 1556 4.
276 1526 308 1561 p.
327 1525 397 1558 257.
423 1512 578 1547 Brucker.
603 1525 682 1547 cum
707 1512 894 1549 Dodwesso
917 1511 1005 1549 facit.
1033 1515 1150 1556 Sturz,
1174 1516 1224 1559 (vt
1246 1512 1331 1549 infra
1355 1513 1396 1550 de
1415 1513 1601 1560 Pherecyde
1620 1514 1779 1552 historico

28 1562 297 1610 adnotabimus.)
312 1564 437 1599 collato
453 1566 586 1599 Luci-ani
603 1564 701 1607 Ioco,
724 1579 754 1615 p.
772 1569 826 1606 68.
843 1579 962 1615 parum
980 1564 1113 1602 discedit
1128 1582 1145 1601 a
1164 1564 1319 1602 sententia
1342 1577 1374 1602 et
1395 1568 1574 1603 rationibus
1590 1566 1774 1604 Dodwefli.

29 1615 169 1659 Naum,
198 1620 402 1666 argumentis
418 1616 591 1652 Dodwelli
608 1618 743 1666 aliisque
759 1616 843 1661 vsus,
871 1621 914 1654 ita
931 1629 1055 1661 tamen,
1076 1629 1108 1655 vt
1123 1620 1162 1654 ab
1179 1618 1364 1655 Dodwrello
1381 1619 1556 1663 recederet,
1581 1618 1712 1656 confert
1734 1617 1775 1655 ad

29 1670 170 1718 Olymp.
189 1671 325 1705 XXXV.
354 1671 405 1713 (in
427 1668 575 1706 versione
597 1668 786 1706 Hiss'manni
809 1684 960 1720 german,
977 1686 1008 1721 p.
1026 1684 1076 1718 95.
1101 1685 1205 1707 annus
1226 1671 1342 1707 natalis
1361 1675 1436 1716 665.
1452 1671 1598 1721 signatur
1609 1675 1635 1719 :)
1659 1673 1776 1708 Fremt

25 1722 74 1771 (p.
93 1733 147 1765 142
167 1720 235 1772 sqq.
254 1719 333 1757 vers.
352 1719 540 1758 Hissmann.
559 1723 684 1758 multus
701 1723 745 1758 est
760 1722 801 1758 de
823 1735 925 1760 aetate
948 1723 1172 1769 Pherecydis.)
1195 1723 1363 1773 distinguit
1384 1723 1591 1773 astrologum
1615 1727 1776 1770 Pherecy-

26 1774 105 1811 dem
123 1775 163 1810 ab
177 1775 359 1824 theologo,
386 1784 501 1810 contra
518 1777 631 1811 Nauze
644 1787 762 1825 negat,
789 1776 1033 1823 Pherecydem,
1055 1779 1262 1825 Pythagorae
1277 1788 1547 1826 praeceptorem,
1575 1781 1643 1813 iam
1661 1775 1774 1813 vixiss'e

25 1827 319 1877 Olymp.><xxv.
332 1827 404 1876 post
421 1826 642 1863 DodxweIInm
659 1828 724 1864 late
740 1826 962 1880 persequitur,
990 1842 1075 1878 quae
1093 1828 1295 1875 Pherecydes
1316 1829 1357 1865 de
1375 1828 1504 1866 excidio
1518 1829 1772 1879 Magnesiorum

24 1879 131 1930 (apud
148 1882 338 1929 Diogenem
354 1882 458 1916 Laert.
474 1890 505 1916 et
521 1878 697 1916 Eusebium
709 1907 718 1922 ‚
743 1894 855 1931 praep.
869 1895 987 1931 euang.
1008 1882 1061 1918 lib.
1081 1883 1135 1925 X.)
1150 1882 1277 1931 aliaque
1297 1885 1488 1917 vaticinatus
1510 1881 1647 1919 dicitur:
1671 1897 1708 1919 ea
1731 1882 1772 1918 ad

16 1932 251 1978 Pherecydem
272 1932 487 1982 Astrologum
503 1936 666 1982 pertinere
681 1943 792 1982 putat:
814 1947 1062 1984 praeceptorem
1079 1937 1178 1984 igitur
1194 1937 1403 1983 Pythagorae
1419 1935 1539 1970 florere
1555 1949 1625 1971 non
1650 1932 1771 1983 potuis-

22 1981 57 2022 se
76 1987 158 2020 intra
172 1988 242 2022 XX.
260 1996 292 2022 et
311 1987 412 2023 XXX.
430 1985 571 2034 Olymp.
624 1985 687 2021 Sed
703 1988 814 2022 Freret
829 1987 901 2023 illas
920 1984 1002 2037 ipsas
1021 1986 1062 2023 de
1085 1990 1241 2022 vaticiniis
1256 1987 1453 2027 historiolas,
1472 1987 1510 2022 ad
1528 1989 1627 2023 aniles
1644 1986 1770 2023 fabulas

22 2035 144 2074 refert:
170 2038 270 2085 (adde
287 2038 330 2075 cl.
356 2039 597 2073 Trasimennum
612 2051 644 2088 p.
664 2045 719 2083 158
736 2035 818 2089 sqq.)
846 2053 947 2089 quare
969 2053 1008 2075 ex
1034 2040 1098 2075 inis
1120 2039 1350 2075 Eratosthenes
1370 2051 1401 2075 et
1426 2041 1564 2082 Strabo,
1584 2043 1639 2090 qui
1663 2054 1768 2076 vnum

22 2100 153 2127 nantum
171 2087 354 2140 agnoscunt
371 2089 596 2136 Pherecydem
608 2118 618 2132 ,
646 2088 780 2126 refutari
795 2105 865 2127 non
881 2090 1022 2141 possunt.
1052 2090 1156 2135 (conf.
1171 2091 1394 2128 Tiedemann.
1415 2107 1446 2142 p.
1464 2105 1523 2137 170
1541 2092 1622 2142 sqq.)
1657 2095 1769 2128 Freret

22 2155 138 2179 contra
154 2146 269 2179 Nauze
285 2141 445 2192 disputat,
470 2155 552 2177 num
571 2142 772 2189 Pherecydes
789 2144 945 2193 magister
962 2147 1170 2194 Pythagorae
1184 2158 1220 2180 ac
1238 2145 1390 2180 Thaletis
1406 2143 1468 2181 esse
1485 2149 1627 2193 posuerit
1643 2158 1673 2181 et
1690 2146 1767 2182 alies

16 2199 187 2232 examinat
204 2195 408 2245 quaestiones
425 2206 665 2244 comparatque
683 2195 832 2238 Suidain,
854 2200 909 2244 qui
926 2198 1069 2233 natalem
1087 2200 1214 2233 Pherec.
1233 2200 1327 2247 ponit
1345 2200 1377 2232 in
1394 2197 1534 2245 Olymp.
1551 2199 1650 2234 XLV.
1669 2203 1710 2234 A.
1727 2200 1765 2234 C.

69 2261 104 2284 0.
130 2245 221 2284 cons.
243 2250 357 2295 Hcyne
371 2246 410 2282 ad
428 2247 626 2297 Apollodor.
643 2261 674 2297 p.
694 2260 760 2294 992
777 2246 841 2298 sqq.
857 2261 888 2285 et
905 2251 1059 2297 lminers.
1079 2249 1150 2286 hist.
1165 2249 1269 2287 doctr.
1287 2248 1373 2298 apud
1392 2252 1537 2286 Graecos
1553 2262 1615 2286 etc.
1637 2255 1720 2287 t'om.
1738 2253 1763 2286 1.

17 2335 21 2342 .
47 2328 55 2335 .
75 2313 135 2345 34²
154 2299 222 2350 sqq.
240 2311 271 2335 et
288 2311 344 2345 354
364 2296 430 2349 sqq.
459 2309 492 2335 et
507 2298 550 2335 de
564 2303 682 2336 mortis
696 2313 837 2350 genere,
865 2301 955 2351 quod
979 2302 1032 2338 alii
1053 2302 1146 2337 aliter
1168 2313 1321 2344 narrant,
1350 2302 1415 2338 vid.
1436 2303 1637 2339 Tiedemann.
1659 2318 1691 2354 p.
1708 2307 1764 2340 162

18 2310 89 2403 ἐς,
128 2353 265 2402 Tyrium
284 2353 381 2388 Max.
405 2349 475 2387 diff.
493 2354 579 2388 XIII.
602 2365 677 2402 pag.
697 2365 766 2396 144.
789 2354 866 2390 edit.
884 2356 922 2393 11.
936 2353 1045 2390 Dauis.
1071 2357 1233 2405 huiusque
1255 2366 1382 2391 notam.
1423 2357 1536 2391 Stin-z.
1556 2370 1630 2407 pag.
1648 2370 1679 2404 ¹5
1694 2354 1761 2405 sqq.

18 2405 174 2449 Fuerunt,
187 2407 306 2448 etiam,
346 2407 401 2455 qui
432 2404 583 2442 nostrum
603 2406 809 2455 sapientibus
831 2409 988 2444 Graeciae
1014 2407 1280 2446 adnumerarent.
1308 2454 1310 2456 Ι
1328 2406 1392 2444 vid.
1413 2408 1565 2446 Clement.
1581 2411 1761 2446 Alexandr.

1640 2463 1759 2498 Strom.

27 2578 34 2597 I
