2183 2747
470 136 543 173 Lib.
561 136 612 176 Is.
639 147 663 173 c.
680 148 707 173 z.
974 135 1164 173 HOMERI
1215 134 1384 173 HYMNI.

304 150 366 184 342

1872 134 1963 164 νου.
1972 136 2056 170 μσς
2144 0 2183 163 ³

306 248 342 275 vt
356 239 459 275 vitam
475 236 641 279 Homeri,
669 242 741 271 tum
756 243 830 268 eam
841 256 850 271 ‚
879 244 963 284 quae
978 231 1154 268 Plutarcho
1172 233 1343 275 tribuitur,
1369 242 1441 269 tum
1456 231 1596 270 alteram
1612 234 1786 279 Anonymi
1802 230 1925 268 editam
1944 232 1984 268 ab
2003 231 2056 268 Al.

307 292 388 328 latio
405 301 608 342 praeteream
621 317 630 331 ,
658 301 742 337 quae
760 288 920 333 Hymnos
935 297 967 323 et
983 285 1106 337 reliqua
1124 287 1281 322 Homero
1298 282 1459 336 adscripta
1475 290 1608 328 onmia,
1638 283 1712 322 solis
1740 284 1839 321 iliade
1857 296 1889 321 et
1910 282 2056 332 Odytl'oe

307 347 448 395 exceptis
459 371 469 386 ,
495 342 600 378 aliena
616 355 634 377 a
651 351 743 376 tanto
763 342 896 376 auctore
911 337 974 376 else
990 349 1126 389 putant,
1155 356 1212 386 χρη
1228 339 1290 383 τῆς
1305 334 1440 387 φύσεως
1458 335 1518 387 ime}
1531 341 1593 385 τῆς
1606 335 1779 389 δυνάμεως
1797 341 1909 381 ἕνεκα,
1935 345 1964 374 ct
1977 350 2056 385 pro.

302 404 381 445 pter
398 409 464 432 rem
481 395 583 444 iso-slim
605 401 635 430 ct
649 400 792 441 propter
807 395 870 427 vim
891 394 1094 428 elocutionis:
1126 391 1309 439 Sclioliqstes
1322 391 1462 429 Pindari
1485 391 1525 428 ad
1548 395 1769 429 Nemeonicas
1790 390 1857 428 Od.
1874 403 1903 428 2.
1928 392 1975 441 [p.
1993 402 2056 436 331.

307 449 382 487 edit.
401 448 527 494 Oxou]
545 449 714 494 hymnum
730 449 763 481 in
782 444 974 494 Apollinem
994 444 1127 480 testatur
1144 445 1303 480 tributum
1325 445 1481 481 Cinaetlio
1499 446 1598 485 Clii'o,
1625 448 1681 495 qui
1705 448 1790 480 circa
1812 443 2058 494 Olympiadem

305 504 420 540 LXlX.
439 499 473 534 s)
491 500 621 544 floruit,
636 495 706 538 Ἦν
723 494 756 537 δὲ
776 498 791 537 ὅ
808 498 970 537 Κίναιθες
986 503 1084 546 xivf,
1110 494 1146 536 ’ἇς
1165 492 1224 543 υ)
1242 497 1310 536 τῶν
1327 499 1615 551 ἐπιγραφομένων
1629 493 1762 550 ‘operiere
1779 494 1983 546 ποιημάτων
1999 494 2059 536 τὸν

304 554 352 596 εἷς·
372 551 582 595 Ἀπόλλωνα
605 553 846 603 γεγραμμένον
868 547 964 599 ὕμνον
989 553 1137 600 λέγεται]
1161 552 1391 599 πεποιηκένοᾳ.
1463 553 1515 587 Sic
1537 563 1569 588 et
1595 552 1780 587 Athenaeus
1802 550 1856 586 lib.
1874 553 1897 586 l.
1920 564 1992 600 cap.
2008 562 2057 598 19.

305 624 338 660 p.
355 621 403 645 22.
420 611 459 646 C.
486 605 751 642 Homeridarum
767 603 948 654 quemdam
963 605 1138 640 audioreni
1154 601 1346 654 suspicatur:
1375 602 1438 653 Ka)
1454 601 1609 656 *Ὄμηρος
1635 599 1668 643 δὲ
1683 600 1702 648 ἢ
1723 599 1790 642 τῶν
1808 598 1992 654 “Ομνςιδ“ὦν
2005 618 2060 643 τις

304 667 336 702 ἐν
349 668 420 701 τοῖς
437 658 482 699 εἶς
496 657 706 699 Ἀπόλλωνα
727 654 837 706 ὕμνοις
853 658 963 710 φησίν.
992 653 1163 708 φόρμιγγ’
1178 659 1209 695 ἐν
1235 655 1406 708 χέρεσσιν
1421 661 1516 707 ἔχων
1539 655 1665 709 χάριεν
1689 653 1849 708 κιθάριζε
1871 652 1974 696 καλοὶ
1997 671 2059 705 m

303 710 501 764 ὑψιβιβῃξς.
527 726 612 762 quae
628 710 727 747 hodie
744 710 901 760 leguntur
917 713 950 745 in
964 711 1097 756 hymno
1114 713 1148 746 in
1166 710 1366 760 Apollinem
1377 725 1406 745 v.
1422 723 1481 758 515.
1512 711 1570 747 nili
1593 709 1685 762 quod
1708 724 1771 760 pro
1793 705 1919 761 xoc'qiev
1942 710 1983 746 ibi
2003 722 2061 746 oc-

304 771 404 805 currit
416 763 571 816 οἱγοιθόν.
623 764 852 806 Herodorum,
875 760 985 800 nescio
1001 777 1123 815 quem,
1151 760 1348 816 scriptorem
1370 765 1584 811 hymnorum
1605 766 1764 801 Homero
1787 764 1990 800 tributorum
2011 759 2060 799 fa-

304 956 392 985 etiam
415 948 592 992 Stephanus
615 948 785 990 Ber-gloriis
807 949 836 979 in
855 947 977 990 praefat.
998 947 1034 978 ad
1058 946 1152 983 Odys-

305 998 381 1029 seam
398 1008 425 1038 p.
448 1006 488 1033 ¹7-
512 995 656 1029 hymnum
679 996 709 1023 in
733 995 917 1023 Mercurium
937 994 1072 1034 inprimis
1090 994 1152 1022 Ho-

303 1044 378 1072 meri
394 1042 512 1079 ingenio
527 1038 648 1077 dignum
663 1035 804 1067 censebat.
851 1038 946 1078 Atque
971 1039 994 1065 is
1015 1037 1153 1072 hymnus,

304 1095 335 1116 vt
355 1085 406 1114 cel.
425 1082 580 1116 Ruhnken.
600 1084 628 1111 in
645 1083 696 1122 Ep.
713 1083 776 1111 crit.
795 1083 816 1111 1.
833 1091 861 1122 p.
876 1087 920 1114 28.
943 1081 1153 1110 commonstra-

304 1132 366 1165 vit,
399 1131 439 1158 ita
459 1126 568 1169 placuit
591 1124 795 1162 Callimacho,
818 1132 851 1154 vt
870 1135 930 1154 non
946 1135 1038 1154 vnum
1054 1123 1154 1154 locum

302 1172 448 1204 imitando
476 1172 666 1212 exprimeret.
727 1169 801 1199 Abb.
824 1176 923 1198 autem
951 1167 1096 1208 Souchay
1123 1169 1155 1197 in

305 1216 366 1248 diss.
382 1217 418 1246 de
435 1217 553 1250 hymnis
567 1222 702 1244 veterum
715 1235 724 1248 ,
747 1214 792 1248 (in
807 1213 970 1242 Memoires
987 1211 1023 1241 de
1040 1210 1154 1242 l'Acad.

305 1261 354 1291 des
372 1259 456 1291 Inscr.
474 1268 546 1289 tom.
562 1259 654 1292 xvi.)
670 1268 698 1298 p.
714 1266 763 1294 97.
783 1267 848 1286 tum
861 1256 902 1287 H.
921 1257 951 1286 in
969 1254 1154 1296 Apollinem,

304 1314 367 1336 tum
388 1304 524 1345 inprimis
548 1310 670 1343 propter
697 1301 861 1330 testimonia
884 1308 1038 1335 veterum,
1067 1303 1155 1340 (quae

305 1351 393 1380 etiam
410 1347 550 1378 indicauit
559 1344 724 1387 Baermfius
738 1343 774 1374 ad
790 1346 909 1374 initium
925 1344 1012 1373 huius
1027 1343 1155 1379 hymni,)

304 1394 461 1435 praecipue
483 1389 673 1424 Callimachi,
706 1387 746 1418 H.
766 1388 797 1418 in
816 1388 1028 1423 Mercurium,
1059 1385 1156 1416 foetus

306 1435 361 1467 esse
383 1437 494 1474 ingenii
518 1435 670 1464 Homerici
693 1434 856 1470 genuinos,
887 1430 966 1461 haud
987 1430 1156 1461 dubitanter

305 1480 520 1523 pronuntiauit.
573 1479 733 1507 Enimuero
757 1474 830 1506 nihil
852 1474 932 1505 aliud
955 1474 1030 1505 effici
1050 1475 1156 1516 potest,

304 1535 337 1554 nc
365 1523 457 1560 illud,
488 1525 545 1552 iam
573 1522 754 1562 perantiquis
782 1520 966 1562 temporibus
997 1517 1156 1549 nonnullos

303 1569 430 1604 hymnos
453 1564 536 1596 fuisse
558 1564 721 1594 adtribntos
743 1565 897 1600 Homero,
927 1570 956 1594 et
978 1571 1093 1593 mature
1114 1561 1156 1592 fa-

305 1613 380 1643 &aiu
396 1610 451 1642 else
469 1608 674 1640 collcetionem
692 1608 890 1644 hymnorum,
913 1610 964 1649 qui
987 1607 1160 1637 dicebantur

304 1656 470 1687 Homerici.
518 1652 597 1683 Felix
616 1662 695 1682 enim
713 1653 890 1682 Homericae
918 1650 1040 1693 poeseos
1061 1653 1158 1681 imita-

305 1702 350 1731 tio
366 1698 451 1730 facile
466 1696 590 1728 illudere
605 1698 704 1738 potuit
720 1696 864 1726 homines.
912 1697 1009 1731 Nam,
1032 1703 1064 1725 vt
1080 1694 1157 1724 iudi-

307 1752 352 1774 cat
372 1741 526 1775 Ruhnken.
544 1740 562 1770 Ι.
579 1751 618 1770 m.
638 1751 666 1781 p.
685 1750 713 1774 4.
736 1738 810 1769 nihil
825 1749 860 1769 ex
876 1741 958 1769 omni
982 1740 1158 1780 antiquitate

308 1787 453 1829 superest,
485 1784 567 1825 quod
590 1794 709 1814 auream
732 1782 813 1813 illam
837 1785 964 1822 Homeri
990 1781 1156 1824 simplicita-

308 1839 385 1867 tem,
414 1831 604 1870 natiuamqiie
627 1827 802 1865 elegantiam
827 1825 934 1857 referat
966 1825 1080 1868 planius
1105 1827 1157 1860 hy-

308 1877 382 1905 mnis
401 1875 574 1904 homericis:
598 1871 633 1902 de
655 1871 790 1913 pluribus
811 1870 948 1912 equidem
965 1869 995 1900 id
1018 1869 1158 1904 dicerem,

308 1928 445 1959 compara
468 1926 564 1947 tamen
589 1915 731 1946 iudiciuin
748 1914 934 1946 Groddecki'i'
951 1913 969 1944 l.
985 1925 1008 1943 c.
1025 1924 1053 1955 p.
1073 1923 1102 1942 iz
1119 1912 1158 1954 sq.

308 1962 363 1992 Sed
377 1961 461 2004 plura
475 1960 511 1990 de
526 1959 583 1990 illis
599 1968 627 1990 et
643 1970 659 1989 a
675 1959 810 1989 Fabricio
825 1966 853 1988 et
868 1969 884 1988 a
907 1967 953 1988 me
976 1967 1046 1988 mox
1061 1957 1159 1987 dicen-

308 2014 366 2036 tur.
430 2007 521 2035 Pauca
542 2003 653 2034 dabunt
673 2002 772 2033 editor
795 2004 878 2032 Lami
901 2001 1083 2032 Deliciarum
1105 2009 1159 2031 etc.

308 2058 381 2079 tom.
398 2051 418 2079 1.
443 2060 471 2090 p.
491 2057 542 2086 ¹79
561 2047 599 2088 sq.
622 2055 650 2077 et
669 2046 812 2087 Koeppeii
836 2046 935 2076 Ueber
956 2048 1084 2076 Homers
1108 2046 1161 2075 Le·

309 2094 366 2124 ben
386 2092 446 2122 und
469 2090 620 2130 Gesa'nge,
645 2102 672 2133 p.
691 2094 732 2120 61.
765 2090 861 2122 Harl.

347 2178 389 2221 s]
413 2177 587 2209 scholiastae
609 2176 779 2208 sententiam
802 2176 934 2218 sequitur
953 2175 1075 2217 quidem
1097 2176 1161 2207 Ful-

310 2225 379 2254 vius
398 2223 528 2258 l'rli'nus
544 2234 573 2252 in
594 2221 721 2260 Virgilio
736 2232 802 2251 cuin
818 2222 928 2259 graecis
951 2220 1084 2262 scriptor.
1102 2219 1160 2250 col-

310 2267 369 2297 lato
382 2290 389 2302 ,
414 2265 450 2295 ad
476 2265 532 2296 Ecl.
549 2268 598 2296 lv.
616 2276 659 2301 59.
689 2277 716 2306 p.
733 2274 768 2301 ,ις
785 2264 823 2305 sq.
847 2264 915 2294 edit.
933 2263 1106 2294 Vulckeiiar.
1131 2273 1159 2294 iit

310 2310 477 2342 scholiastae
502 2312 675 2350 opinionem
700 2311 758 2338 iam
783 2308 857 2338 bene
879 2307 1020 2338 refutauit
1037 2310 1159 2338 rationi-

310 2355 363 2385 bus
384 2353 602 2391 chronologicis
626 2353 774 2382 Barnesius
798 2352 834 2381 ai
857 2351 941 2381 illum
967 2353 1110 2386 hymnum
1125 2352 1160 2382 ab

312 2401 416 2433 initio,
440 2405 469 2426 et
489 2396 525 2426 ad
548 2396 619 2426 vers.
641 2399 703 2431 146.
727 2406 793 2424 nam
811 2395 983 2425 incredibile
998 2397 1048 2431 etl,
1073 2396 1161 2426 Thu-

313 2442 416 2477 tydide
440 2442 593 2470 hissoi-‘iam
613 2440 756 2469 condente
778 2438 898 2480 Olynip.
918 2441 1077 2470 Lxxmx.
1103 2441 1160 2474 Cy.

312 2486 419 2516 nactho
432 2494 528 2514 autem
548 2487 595 2513 viii·
611 2486 680 2513 totis
701 2482 894 2524 quadraginta
918 2485 1000 2513 annis
1022 2485 1104 2524 prius
1119 2485 1162 2514 vi-

1985 828 2062 853 <20oe

1205 955 1312 985 vente,
1336 955 1394 979 tam
1411 949 1496 979 breui
1517 949 1661 991 temporis
1683 945 1840 978 interuallo
1863 948 1919 978 hoc
1941 956 2060 978 carme·

1206 1001 1315 1023 tantam
1334 994 1482 1023 vetustatis
1498 995 1671 1034 opinionem
1695 991 1907 1034 consequutum
1928 990 2004 1028 ess‘e.
2027 998 2062 1022 vt

1206 1047 1222 1067 a
1236 1036 1420 1071 Thucydide
1435 1036 1650 1067 adscriberetur
1666 1038 1811 1066 Homero.
1840 1037 1948 1078 Neque
1958 1033 2062 1067 Ruhn-

1206 1080 1271 1111 ken.
1288 1080 1306 1111 l.
1323 1092 1346 1110 c.
1371 1092 1400 1123 p.
1418 1090 1446 1118 7.
1471 1080 1586 1111 dubitat
1610 1082 1654 1110 ire
1677 1082 1707 1110 in
1729 1080 1855 1110 Bai-nesii
1877 1079 2058 1110 sententiam.

1207 1124 1282 1154 adde
1297 1124 1457 1156 Groddeck
1472 1124 1491 1154 l.
1507 1135 1531 1154 e.
1548 1136 1576 1166 p.
1596 1135 1630 1154 ii.
1650 1132 1711 1155 not.
1730 1133 1759 1154 et
1767 1122 1938 1154 Villoisouii
1951 1121 2060 1154 Auecd.

1207 1180 1250 1208 gr.
1266 1171 1303 1199 11.
1326 1179 1354 1210 p.
1373 1174 1428 1204 ¹83·
1452 1176 1512 1199 not.
1572 1170 1686 1199 Tutius
1709 1170 1801 1207 igitur
1823 1169 1880 1198 erit
1904 1167 2061 1205 iudicium,

1208 1213 1360 1242 auctorem
1375 1213 1463 1244 huius
1475 1235 1484 1248 ‚
1507 1212 1577 1242 ficut
1592 1220 1759 1242 ceterorum
1782 1213 1981 1248 hymnorum,
2004 1208 2062 1242 effe

1210 1259 1363 1286 incertum.
1396 1256 1428 1286 Id
1444 1264 1541 1286 autem
1559 1259 1665 1287 certius
1680 1257 1730 1292 est,
1750 1255 1908 1296 Hymnum
1926 1256 1958 1286 in
1967 1253 2064 1296 Apol·

1209 1301 1300 1331 linem
1311 1324 1320 1337 ,
1341 1303 1392 1342 qui
1410 1302 1439 1330 in
1457 1300 1568 1341 scriptis
1583 1299 1728 1340 editisque
1745 1298 1829 1330 libris
1845 1309 1919 1329 vnus
1934 1299 1991 1335 est,
2013 1296 2063 1330 vel

1210 1346 1240 1374 in
1256 1345 1343 1374 binos
1354 1368 1362 1380 ‚
1388 1343 1435 1374 vel
1453 1356 1481 1374 iri
1497 1343 1596 1386 plures
1613 1345 1748 1378 Hymnos
1765 1342 1821 1373 effe
1847 1342 2063 1377 diuidendums
2081 1350 2085 1356 ⁴

1210 1390 1342 1430 priorem
1358 1387 1529 1418 sententiam
1544 1387 1732 1429 amplectitur
1744 1385 1900 1418 Ruhnken.
1919 1385 1938 1416 Ι.
1955 1398 1980 1417 c.
1994 1394 2071 1428 p.7.‚
2093 1391 2101 1402 ’·

1210 1443 1299 1474 quem
1314 1431 1451 1474 sequutus
1468 1433 1586 1462 videtur
1599 1430 1634 1461 cl.
1653 1430 1796 1472 lVolfius.
1819 1433 1871 1472 qui
1888 1432 1918 1460 in
1935 1430 1984 1461 sua
1999 1431 2062 1462 Ηο-

1211 1478 1285 1506 meri
1298 1475 1429 1506 editione
1439 1478 1572 1518 priorem
1588 1478 1731 1510 hymnum
1748 1485 1764 1504 a
1780 1476 1953 1517 posteriore,
1969 1476 2063 1506 maio-
2087 1501 2090 1508 ,

1210 1523 1236 1551 ri
1254 1520 1346 1562 spatio
1361 1521 1424 1562 post
1442 1531 1470 1550 v.
1490 1530 1548 1557 17³-
1579 1520 1741 1555 ntcriee'io‚
1765 1518 1920 1560 separauit.
1966 1519 2062 1551 Poste·

1211 1567 1321 1595 riorem
1344 1563 1516 1594 sententiam
1539 1563 1624 1594 latius
1647 1562 1773 1605 explicat
1794 1570 1939 1604 ornatque
1962 1561 2066 1596 Gred-

1211 1608 1280 1640 dcc<-
1298 1619 1326 1650 p.
1345 1619 1381 1644 29
1398 1608 1458 1650 sqq.
1506 1608 1604 1638 Pluies
1627 1607 1749 1648 quidem
1771 1610 1802 1636 in
1815 1606 1983 1648 Apollinem
2008 1605 2064 1643 hy·

1211 1663 1316 1688 mnos,
1339 1654 1391 1694 qui
1412 1650 1464 1682 sub
1488 1653 1612 1682 Homeri
1636 1661 1756 1681 nominc
1778 1649 1965 1687 ferebantur,
1987 1649 2066 1683 oli·

1211 1698 1242 1726 in
1255 1695 1357 1726 multis
1371 1694 1456 1726 libris
1473 1695 1590 1738 sparsim
1605 1693 1759 1732 exstiiiss'e,
1783 1694 1905 1736 adparet
1921 1704 1958 1726 ex
1973 1694 2065 1727 Athe-

1211 1742 1277 1770 naei
1293 1738 1360 1770 loco
1371 1763 1379 1775 ,
1403 1750 1419 1770 a
1434 1740 1569 1770 Fabricio
1585 1750 1642 1769 iam
1657 1741 1795 1769 excitato.
1843 1740 1907 1770 Hos
1921 1740 2013 1778 iginii·
2067 1736 2075 1753 ³

1211 1786 1266 1819 iis,
1291 1786 1342 1825 qui
1357 1784 1538 1819 hymnorum
1551 1782 1755 1822 anthologiam
1775 1782 1952 1819 conderent,
1997 1798 2003 1808 ·

1212 1828 1275 1858 &os
1297 1836 1384 1868 atque
1405 1831 1548 1858 continuo
1569 1826 1729 1869 descriptos
1751 1825 1826 1863 effe,
1862 1834 1891 1857 et
1918 1827 2003 1862 hy...

1212 1872 1343 1901 nostrum
1365 1874 1394 1902 iu
1416 1871 1582 1913 Apollinem
1600 1872 1794 1902 Homericum
1815 1869 1965 1912 plurium,
1988 1876 2066 1914 qua

1213 1915 1249 1945 ad
1263 1914 1431 1957 Apollinem
1446 1915 1626 1958 spee’tarent,
1650 1913 1817 1945 fabularum
1832 1913 1914 1945 velut
1933 1924 2012 1945 com·

1214 1970 1284 1989 xum
1306 1970 1337 1989 ac
1360 1958 1463 1990 seriem
1483 1958 1557 1995 esse,
1580 1960 1717 2001 quinimo
1737 1960 1870 2000 quinque
1891 1957 2005 1998 fragm-
2034 1979 2036 1982 -
2058 1958 2062 1963 '

1214 2004 1362 2039 constare,
1387 2014 1422 2033 ex
1437 2005 1512 2034 mira
1529 2002 1579 2033 illa
1593 2005 1777 2042 argumenti,
1800 2012 1876 2044 quae
1899 2004 1929 2033 in
1950 2003 1970 2033 b
2000 2021 2002 2027 ι

1215 2046 1407 2082 obseruatur.
1430 2047 1616 2083 diuersitate,
1639 2057 1707 2076 cum
1721 2057 1807 2077 vario
1822 2045 1964 2078 sei-monis
1984 2062 1990 2072 ·

1215 2099 1247 2120 tu
1263 2099 1292 2121 et
1308 2090 1409 2121 colore
1423 2102 1458 2121 ex
1478 2090 1597 2133 ipsaque
1613 2093 1742 2132 partium
1758 2089 1854 2120 foi-ma
1869 2090 1995 2123 ostendit
2016 2109 2017 2112 ¹
2042 2099 2053 2129 j
2088 2124 2090 2126 ,

1215 2134 1287 2164 ftiss‘.
1310 2135 1486 2171 Groildeck,
1522 2134 1661 2176 idemque
1691 2134 1796 2165 multat
1831 2134 1993 2176 praedam
2020 2171 2023 2173 ,
2127 2135 2129 2138 ’

1216 2179 1359 2213 hymnum
1388 2182 1443 2208 rite
1476 2177 1700 2216 intelligendum
1735 2181 1764 2208 in
1794 2178 1925 2209 medium
1950 2190 1969 2222 p
1993 2185 2020 2203 ι’
2077 2187 2082 2190 “

1215 2223 1493 2252 aiiiinailuerlioncs.
1551 2222 1680 2260 Qando
1705 2221 1848 2253 Ourkius
1874 2222 1910 2253 ad
1930 2222 1965 2254 lli
1990 2239 1994 2247 ⁴
2016 2222 2022 2229 ’

1217 2273 1275 2302 385.
1301 2275 1328 2296 et
1347 2266 1427 2296 [liud.
1442 2265 1482 2304 β’,
1500 2275 1546 2302 ⁴3·
1568 2266 1605 2296 ab
1628 2267 1820 2296 inconstantia
1843 2265 1999 2308 prosod'ne
2034 2269 2037 2271 ’
2065 2263 2071 2273 ²

1215 2319 1387 2348 guineiuuin
1411 2310 1496 2340 sumit
1519 2312 1556 2340 H.
1579 2311 1609 2339 in
1629 2312 1775 2340 Venerem
1799 2317 1828 2340 et
1848 2312 1912 2352 Ep'·
1964 2329 1977 2335 ω
2023 2307 2034 2315 '⁴

1216 2364 1275 2383 non
1294 2363 1396 2395 vtique
1411 2353 1467 2384 else
1483 2355 1627 2389 Homeri,
1650 2352 1698 2384 sed
1721 2355 1894 2384 recentiori·
1953 2356 1958 2362 ”

1217 2406 1340 2438 poetae,
1363 2398 1392 2428 id
1415 2408 1465 2427 nec
1491 2406 1586 2428 tutum
1609 2397 1667 2433 en,
1692 2407 1742 2427 nec
1763 2396 1883 2439 plenum
1899 2397 1934 2429 nd
1957 2416 1960 2422 ·
2009 2404 2012 2408 '

1218 2442 1337 2516 tlipnem.
1364 2441 1433 2472 vide
1457 2451 1579 2483 quoque
1601 2440 1758 2473 Ruhnken.
1779 2442 1831 2483 Ep.
1849 2444 1915 2473 crit.
1928 2443 1951 2474 1.
1969 2451 2000 2485 p.

1253 2485 1312 2516 arl-
