2183 2747
421 118 496 157 MV
497 119 609 156 SAEV
613 118 633 154 S
686 115 988 155 ATHENIENSIS

27 220 187 261 concipere
206 216 259 247 sibi
281 223 372 257 atque
390 215 505 255 fingere
529 215 665 245 nondum
693 213 736 244 fas
761 215 817 244 est:
839 214 879 243 ita

26 264 172 309 posterius
193 260 298 291 eadem
324 261 361 290 dc
384 259 480 290 caull'a
502 270 563 289 non
587 268 653 289 tuto
675 259 769 300 potest
790 257 879 287 adfir-

26 309 118 340 ιιι-ἐι
135 303 210 336 alios
224 303 360 335 Musaeus
376 303 509 334 habuisse
527 303 650 333 videtur
668 303 758 332 duces
775 300 879 343 ipsam-

25 360 86 393 que
106 358 254 380 naturam.
301 345 387 390 Casp.
410 345 539 378 Bartliii
563 345 741 379 (fiduci-sar.
768 344 820 375 lib.
831 356 878 376 20.

25 403 88 436 cap.
109 404 150 423 21.
171 403 236 435 pag.
257 398 359 426 1008-)
376 399 404 421 ct
421 391 544 422 Francii
559 389 697 431 suspicio,
723 388 878 420 Musaeum

25 438 168 468 eumdem
189 436 247 467 effe
267 446 298 466 ac
315 438 461 466 Nonnum
476 457 483 469 ‚
516 445 569 475 per
592 434 618 463 se
642 437 699 463 iant
726 432 795 464 falsa
819 434 878 468 est,

24 490 200 523 comparato
215 479 372 520 vtriusque
392 481 516 517 ingemo
533 487 562 508 ct
584 477 734 508 scribendi
757 486 882 516 genere:

24 536 80 556 nec
104 527 243 556 Barthius
269 522 330 565 ipse
351 521 481 553 multum
512 523 621 552 tribuit
644 521 711 551 suae
740 523 883 563 opiniun-

26 568 112 600 culae
141 579 156 597 a
182 570 366 603 Kromayero
397 576 429 597 ac
458 566 626 596 Scliradcro
663 568 721 595 iant
760 565 881 595 abunde

25 611 184 644 refutatae.
231 614 329 652 Atque
357 611 463 641 auetor
494 612 640 652 poematis
662 619 778 640 tantum
803 610 882 639 abest

25 666 43 686 n
66 658 171 688 Nomii
191 665 329 691 tumore,
353 664 498 695 quantum
516 654 595 683 abest
619 655 656 684 ab
677 655 802 683 Homeri
819 653 883 682 liin-

25 700 160 743 plicitate
188 709 221 729 ac
244 698 373 729 naturali
396 697 614 739 pulcritudine.
663 696 772 727 Vei-sus
796 707 881 732 vero,

25 747 80 786 qui
101 755 137 775 ex
160 746 275 774 Nonno
298 741 439 783 descripti
464 742 628 775 videntur,
665 740 766 771 forsan
790 743 881 770 inter-

25 787 121 830 polati
142 787 226 823 sunt,
257 796 273 815 a
294 796 384 816 manu
409 786 489 816 doe'ti
516 785 670 815 cuiusdam
695 787 881 826 interpretis,

23 842 97 863 orae
125 829 304 872 exemplaris
334 829 409 859 olim
439 828 590 870 adscripti.
649 831 727 858 Hinc
759 838 882 869 quoque

25 877 177 906 incertum
201 877 252 909 fit,
282 873 420 903 Musaeus
450 884 522 902 num
546 881 641 903 aetate
666 873 698 902 sit
727 871 883 914 superior,

26 929 105 961 quae
136 918 283 948 sententia
314 915 428 957 placuit
463 917 627 947 Valentino
659 917 786 959 Ernesto
809 916 882 947 Loe-

17 963 128 1006 scliero
151 964 182 992 in
204 962 340 991 Lee'tiori.
367 959 522 990 Colutheis
549 970 611 1001 cap.
632 962 684 990 111.
706 959 730 1000 §.
755 971 777 996 3.
801 967 829 990 et
850 971 879 997 4.

25 1016 92 1048 pag.
113 1016 174 1043 324.
197 1004 237 1045 sq.
263 1006 401 1034 stromat.
425 1004 476 1033 vbi
499 1004 536 1033 de
552 1002 695 1040 Coluthi,
719 1014 810 1044 quem
829 1015 882 1033 no-

26 1052 85 1081 stro
111 1048 267 1090 aequalem
289 1046 406 1083 censet,
430 1056 458 1076 ct
475 1049 580 1077 Nonni
598 1056 693 1077 aetate
715 1047 881 1085 diligenter

24 1093 150 1134 fuseque
182 1091 336 1133 disputat,
373 1101 426 1120 nec
453 1102 514 1120 non
540 1091 733 1130 Krosnayero
762 1101 827 1132 pag.
851 1095 878 1121 6.

26 1137 175 1172 censenti,
212 1134 367 1166 Mummii
395 1133 494 1163 forsan
520 1133 606 1163 fuitl'e
632 1136 737 1163 Nonni
761 1144 879 1174 pracce-

27 1191 161 1223 ptorem;
178 1189 215 1209 an
231 1181 361 1209 Nomius
384 1186 480 1207 aetate
503 1177 694 1219 praecellerit
712 1177 881 1215 Musaeum,

26 1223 175 1264 huiusque
199 1223 293 1252 fuerit
317 1229 495 1264 praeceptor
511 1244 519 1257 ,
556 1221 637 1262 quod
659 1220 817 1262 probabile
838 1223 881 1251 vi-

26 1269 89 1299 sum
110 1269 150 1297 est
170 1265 308 1308 θηρῶ-ο
331 1266 465 1297 Bartm‘o
482 1265 517 1295 ad
537 1266 621 1295 Statii
644 1264 752 1295 Achill.
775 1277 803 1306 p.
816 1274 879 1304 ¹47·

23 1312 109 1344 Dan.
135 1311 236 1342 Parca
260 1312 290 1339 in
313 1308 500 1351 praefatione
529 1310 600 1343 (vbi
629 1311 689 1345 ait,
731 1320 747 1338 e
772 1311 879 1339 Nonni

24 1355 208 1390 Dionysiam
224 1364 321 1384 totum
337 1353 432 1383 ferme
449 1364 569 1383 carmen
589 1354 644 1383 lio:
663 1353 775 1383 tafnim
795 1352 878 1389 esse,)

23 1409 52 1430 et
75 1402 245 1430 Comment.
267 1397 304 1427 ad
328 1396 443 1428 Musaei
467 1407 574 1439 poema
595 1404 696 1438 pqnss.
710 1407 742 1426 ac
765 1396 878 1428 Roeue·

22 1453 70 1474 ro.
114 1445 212 1483 Atque
235 1441 404 1472 Schrader.
429 1451 494 1482 pag.
513 1451 549 1475 ¹²,-
571 1440 666 1482 praef.
696 1450 724 1470 et
744 1443 775 1470 in
798 1443 877 1470 notis

22 1488 183 1529 probatum
198 1488 274 1521 iuit,
297 1496 333 1515 ex
350 1487 465 1515 Nonno
481 1485 636 1515 Musaeum
653 1483 785 1525 plurima
807 1494 878 1515 tam-

23 1541 115 1573 quam
147 1541 183 1560 ex
205 1529 290 1559 fonte
315 1530 437 1559 haurire
454 1540 516 1559 non
545 1528 692 1570 puduifl'e.
753 1531 790 1559 At
810 1530 877 1569 quis

21 1576 78 1606 hoc
94 1575 242 1616 praestare
267 1574 378 1614 potest?
404 1574 532 1611 Ergone,
557 1574 770 1608 Aristaenetus,
795 1572 878 1613 quod

22 1622 55 1650 in
76 1618 130 1649 illo
149 1617 297 1659 quaedam
320 1618 458 1655 geminae
479 1626 645 1646 occurrunt
667 1616 874 1657 loquutioncs,

23 1666 159 1694 imitator
180 1659 294 1692 Musaei
316 1662 358 1690 est
379 1660 544 1690 censendus
559 1683 567 1696 ,
591 1660 673 1701 quod
696 1670 794 1690 tamen
814 1659 874 1701 pla-

23 1709 86 1738 cuit
110 1706 262 1745 Berglero
290 1705 326 1734 ad
350 1703 542 1746 Alciphronis
564 1703 617 1734 lib.
635 1707 686 1734 111.
708 1707 795 1744 epa?
823 1713 875 1734 aut

23 1751 128 1780 eadem
151 1749 188 1779 de
209 1747 306 1778 caussa
326 1748 407 1778 idem
429 1757 458 1778 et
480 1749 580 1778 noster
600 1747 737 1778 Musaeus
762 1749 875 1777 strenui

25 1792 150 1825 Achillis
180 1794 268 1822 Tatii
306 1794 472 1822 imitatores
507 1791 573 1822 sunt
618 1791 775 1822 iudicandi
807 1802 875 1821 cum

24 1837 192 1868 Schradero
208 1834 302 1876 praef.
324 1845 389 1877 pag.
408 1840 448 1866 16.
468 1834 520 1875 sqq
536 1838 546 1865 3
563 1844 602 1871 et,
624 1836 706 1876 quod
725 1844 813 1876 caput
835 1836 875 1865 est

25 1881 246 1913 conti-onertiae
264 1901 273 1914 ,
313 1890 348 1909 ex
380 1890 457 1908 eone
487 1887 586 1909 tutum
621 1880 658 1909 de
688 1888 784 1909 aetate
813 1881 878 1908 Mu-

24 1924 81 1955 saei
94 1931 303 1962 argumentum
315 1922 389 1952 stuui
405 1923 516 1963 potest?
530 1921 701 1953 Schraderi'
715 1923 751 1952 de
761 1921 878 1952 Achille

25 1971 140 2000 Tatio,
164 1965 278 1997 Musaei
302 1965 403 2002 fonte,
438 1968 614 2007 opinionem
641 1969 698 1995 iam
718 1968 825 1995 reiecit
840 1965 876 1996 el.

25 2011 195 2044 Sil-'ncidcr
225 2012 256 2039 in
287 2011 493 2048 Anmcrltung.
524 2010 598 2039 iiber
629 2011 687 2039 tlen
721 2012 877 2039 Anacreon

26 2066 92 2098 pag.
109 2065 176 2091 240.
196 2063 286 2094 atque
308 2053 434 2089 Rom,
459 2053 608 2084 Profetl'or
628 2053 782 2093 quondam
800 2055 878 2083 Wit-

25 2098 224 2137 tebet-gentis,
254 2099 286 2126 in
309 2096 372 2127 diss‘.
402 2097 439 2127 de
472 2095 588 2127 Achille
615 2099 730 2133 Tatio,
768 2099 877 2126 Witte-

25 2144 136 2182 bergae
154 2151 232 2179 ¹773·
253 2141 333 2170 hunc
355 2140 470 2171 Musaei
491 2142 602 2176 nostri,
625 2148 721 2170 aetate
744 2139 878 2181 superio-

27 2189 86 2223 ris,
118 2184 205 2216 fuiss'e
227 2185 430 2221 imitatorem,
453 2185 619 2215 contendit.
666 2184 763 2220 Vide,
786 2194 878 2224 quam

27 2233 124 2262 fluxae
150 2229 204 2259 sint
232 2229 406 2257 criticorum
429 2230 607 2269 opiniones,
644 2238 734 2268 quani
762 2230 876 2258 incerta

28 2275 66 2305 de
85 2281 181 2303 aetate
203 2270 327 2301 illorum
342 2274 525 2301 ereticorum
549 2271 728 2312 scriptorum
746 2271 876 2301 iudicia!

28 2318 62 2348 ld
71 2316 213 2358 equidem
225 2314 314 2345 facile
330 2314 536 2352 concesserim,
561 2314 716 2346 Musaeum
729 2316 875 2351 nostrum,

28 2362 169 2392 carminis
197 2358 293 2402 lepidi
313 2359 491 2400 auctorem,
526 2358 632 2390 vixiss'e
659 2357 778 2390 saeculo
804 2361 876 2390 circ.

1159 117 1234 154 Lib.
1254 120 1283 154 I.
1315 131 1339 153 c.
1357 115 1471 155 XVIss
1740 130 1793 166 ¹25

937 220 1047 253 quarto
1074 214 1137 254 post
1161 214 1312 244 Christum
1337 224 1458 251 natum,
1482 214 1564 255 quod
1580 215 1668 244 ctiam
1690 213 1789 245 censet

935 267 1003 287 ven.
1030 257 1074 288 lo.
1097 256 1250 289 Bene-diff.
1275 259 1440 298 Carpzou,
1466 260 1497 288 in
1523 257 1668 299 praesenti
1690 259 1788 288 Abbas

935 310 964 330 et
986 299 1167 340 Theologus
1184 300 1443 338 Helmsladiensis,
1476 305 1506 332 in
1523 301 1604 332 Obss.
1626 301 1731 343 philol.
1756 305 1787 332 in

934 343 1147 386 Palaephatum
1170 363 1212 368 —
1247 345 1386 376 Periculo
1409 356 1474 388 pag.
1490 357 1531 376 22.
1549 353 1616 381 aut,
1647 346 1665 374 (i
1690 345 1787 381 malis,

933 399 1000 418 cuni
1022 388 1083 420 Ad.
1102 389 1252 425 Baiano,
1283 392 1313 419 in
1337 393 1498 428 Jugemens
1522 389 1572 419 des
1593 388 1695 419 favans
1716 398 1788 418 tom.

933 434 984 463 111.
1008 444 1034 474 p.
1052 440 1109 463 κει.
1135 433 1279 464 Amsterd.
1300 445 1375 472 1725.
1392 447 1420 471 ⁴·
1440 433 1588 474 aliisque,
1619 435 1707 463 initio
1733 431 1790 461 sac-

937 475 998 506 culi
1018 479 1130 518 quinti.
1176 479 1254 507 Nam
1280 488 1311 508 vt
1330 477 1459 517 singulae
1474 487 1582 508 aetates
1602 477 1639 507 ad
1658 477 1788 506 nostram

936 519 1028 561 vsque
1050 523 1227 551 memoriam
1250 520 1314 552 suas
1329 521 1480 563 quasdam
1509 529 1593 552 notas
1619 519 1787 563 peculiares

936 573 966 595 et
988 564 1135 603 singulare
1163 564 1333 596 litterarum
1362 567 1491 596 studium
1515 566 1626 596 habent
1658 566 1788 594 exstante

936 618 964 638 et
984 607 1080 638 facem
1109 610 1188 650 quali
1211 610 1393 640 accendente
1422 612 1546 640 homine
1563 609 1707 650 quodam,
1733 609 1788 648 qui

937 653 996 682 siue
1019 654 1143 691 ingenio
1166 663 1194 683 et
1217 654 1374 689 doetrina,
1412 655 1471 684 siue
1493 655 1673 684 aiie'toritate
1691 654 1787 681 nonii-

936 698 981 725 nis
1004 696 1212 738 dignitateque
1230 697 1327 731 valet;
1352 700 1391 728 ita
1407 708 1531 739 quoque
1547 696 1624 727 illud
1648 695 1712 726 fere
1729 695 1787 725 sae-

935 738 1038 770 culum
1052 748 1081 770 et
1103 740 1287 782 consequens
1312 751 1449 772 amarunt
1473 744 1621 772 eroticuin
1638 740 1788 770 scribendi

935 794 1040 823 genus,
1063 793 1091 814 et
1117 784 1227 814 feracia
1254 785 1378 816 fuerunt
1411 785 1560 816 eiusmodi
1597 782 1790 825 scriptorum.

937 830 1101 858 Enimuero
1126 831 1158 858 in
1182 828 1241 859 illis
1265 834 1378 868 graecis
1405 831 1579 860 auctoribus
1602 830 1742 864 eroticis,
1766 827 1787 856 fi

935 870 994 901 alia
1017 871 1123 902 desunt
1145 882 1322 912 argumenta
1337 896 1346 911 ,
1381 885 1479 915 neque
1507 875 1582 904 certi
1605 871 1721 913 aliquid
1751 880 1788 902 ex

937 914 1133 946 similitudine
1157 915 1216 947 stili
1239 916 1327 954 elici,
1351 927 1451 959 neque
1473 917 1544 948 inde
1567 925 1666 947 tutum
1690 916 1726 945 de
1740 925 1788 944 ae-

935 967 994 989 tate
1019 959 1203 998 singulorum
1229 961 1377 992 iudicium
1398 962 1472 992 ferri
1496 961 1580 991 licet:
1618 961 1637 990 si
1660 959 1786 1000 quidem

934 1002 1010 1033 alter
1032 1002 1162 1034 alterum
1182 1013 1241 1034 tam
1262 1014 1364 1046 aperte
1388 1005 1558 1047 descripsit,
1593 1012 1623 1034 et
1649 1002 1697 1034 vel
1719 1004 1788 1033 imi·

934 1048 1026 1077 tando
1047 1046 1095 1078 vel
1121 1047 1314 1089 compilando
1336 1050 1490 1091 expressit‚
1526 1057 1577 1084 vt,
1605 1048 1680 1089 quid
1699 1045 1786 1077 cuili-

933 1091 982 1120 bet
998 1094 1168 1132 proprium,
1183 1093 1258 1132 quid
1273 1094 1309 1123 ab
1324 1092 1390 1123 aliis
1405 1102 1543 1123 mutuum
1560 1091 1629 1122 esset
1644 1090 1787 1126 sumtum,

932 1133 1021 1164 valde
1045 1135 1168 1164 difficile
1200 1137 1285 1166 fieret
1309 1137 1344 1166 ad
1374 1137 1500 1167 caussam
1525 1139 1582 1166 rite
1609 1134 1788 1173 cognosceu-

937 1178 1004 1207 dam
1036 1177 1181 1219 litemque
1214 1180 1251 1209 dc
1281 1189 1376 1210 aetate
1407 1180 1538 1210 feliciter
1566 1178 1785 1210 dirimendam:

936 1230 1058 1258 contra,
1088 1231 1120 1252 vt
1142 1221 1258 1253 facilius
1288 1223 1359 1254 esset
1387 1224 1422 1254 ad
1445 1223 1648 1257 credendum,
1680 1231 1786 1251 omues

936 1276 971 1295 cx
994 1264 1079 1295 fonte
1101 1266 1233 1306 quodam
1255 1267 1376 1297 hautitl'e
1394 1270 1578 1308 antiquiore.
1623 1265 1788 1306 Schintge-

934 1310 978 1339 m'i
999 1308 1193 1345 sententiam,
1218 1310 1372 1340 Musaeum
1389 1311 1475 1341 fuiss'e
1495 1312 1718 1344 Christianum,
1742 1318 1787 1338 ar-

933 1363 1078 1392 gumento
1100 1353 1191 1383 duffto
1212 1365 1247 1383 ex
1271 1353 1346 1384 vers.
1365 1360 1423 1391 156.
1446 1358 1530 1384 cuius
1553 1355 1645 1385 verba
1666 1354 1702 1382 ἐνί
1723 1363 1790 1392 κρα-

932 1395 973 1431 δίῃ
998 1397 1065 1425 θέτο
1091 1397 1164 1433 ποίη]
1194 1397 1397 1428 hebraismum
1424 1397 1525 1439 sapere
1552 1399 1688 1439 putauit,
1724 1398 1788 1426 iam

932 1442 1132 1476 Kroniaycrus
1175 1450 1202 1471 et
1243 1442 1425 1472 Schrssderus
1459 1442 1596 1472 funditus
1637 1441 1787 1470 destruxe-

933 1493 1012 1516 runt.
1058 1484 1154 1514 Iidem
1185 1493 1213 1514 et
1230 1486 1276 1516 Io.
1300 1486 1434 1521 Uet-icus
1463 1486 1499 1516 ad
1528 1484 1652 1515 Ausonii
1675 1483 1787 1525 Cupid.

933 1530 1015 1558 cruci
1039 1528 1129 1558 adfix.
1152 1539 1180 1558 v.
1197 1539 1239 1564 23·
1262 1539 1316 1558 nec
1339 1541 1400 1560 non
1425 1530 1574 1561 Nauzius
1590 1531 1622 1559 in
1643 1526 1786 1558 Animad-

935 1571 1021 1602 uerss.
1045 1573 1077 1601 in
1101 1573 1264 1601 Historiam
1283 1575 1414 1603 Hei-onis
1436 1581 1465 1603 et
1482 1572 1632 1608 Leandri,
1656 1574 1701 1607 (in
1721 1573 1787 1601 Me-

934 1619 1024 1645 nioir.
1048 1615 1084 1645 de
1114 1617 1298 1645 Litterature
1314 1633 1355 1638 —
1387 1617 1424 1646 de
1446 1616 1561 1646 l‘Acad.
1586 1616 1636 1645 des
1658 1618 1680 1646 1.
1701 1624 1730 1644 et
1753 1616 1785 1643 B.

928 1662 961 1690 L.
988 1668 1060 1689 tom.
1081 1661 1116 1689 X.
1134 1664 1272 1700 pag.386.
1289 1659 1366 1700 sq.),
1390 1659 1540 1690 somnium
1561 1657 1789 1691 I0.Harduini

929 1704 966 1733 de
980 1705 1122 1734 Numinis
1149 1702 1332 1744 populorum
1359 1711 1388 1733 et
1419 1705 1540 1734 vrbiunt
1571 1702 1640 1738 (ed.
1665 1699 1786 1732 Amstel.

932 1758 1014 1786 ¹709·
1037 1758 1104 1776 mni
1129 1750 1159 1776 in
1189 1747 1261 1776 edit.
1291 1746 1378 1777 Paris.
1406 1751 1485 1784 1684.
1503 1758 1564 1777 non
1595 1747 1785 1780 inuenitur,)

930 1793 989 1821 iani
1011 1790 1213 1832 exposuerunt
1237 1789 1310 1820 risui
1334 1790 1545 1826 eruditorum,
1585 1800 1682 1831 eoque
1705 1786 1785 1819 nihil

929 1836 1048 1870 vanius,
1073 1833 1150 1864 nihil
1170 1836 1299 1874 ineptius
1310 1833 1366 1863 ess'e
1381 1834 1560 1864 docuerunt.
1578 1833 1649 1864 vide
1660 1841 1787 1874 quoque

932 1879 969 1909 de
984 1880 1015 1908 la
1037 1878 1135 1909 Croze
1155 1888 1202 1918 cp.
1217 1878 1252 1907 ad
1271 1877 1469 1915 vignolium,
1490 1880 1521 1908 in
1538 1876 1701 1907 Thesauro
1718 1877 1786 1917 Epi-

932 1920 995 1953 stol.
1014 1923 1198 1952 Lacroziano
1212 1923 1344 1951 mmm.
1361 1932 1388 1962 p.
1397 1931 1462 1959 234.
1509 1923 1562 1952 [ste
1579 1923 1725 1951 nimirum
1739 1930 1785 1949 at·-

931 1974 1072 2005 gutatur,
1106 1964 1259 1994 Musaeum
1285 1966 1418 1994 nostrum
1441 1965 1478 1995 ad
1501 1964 1653 1994 saeculum
1679 1963 1784 1993 saltem

932 2012 1012 2040 xm.
1037 2009 1258 2038 demittendum
1275 2008 1347 2040 ess'e;
1372 2007 1472 2038 saltem
1490 2008 1623 2039 fabulam
1639 2008 1675 2037 de
1691 2010 1785 2037 Lean-

931 2053 979 2083 dri
995 2061 1024 2082 et
1037 2055 1134 2082 Herus
1151 2052 1304 2081 amoribus
1321 2051 1439 2082 saeculo
1455 2052 1576 2082 demum
1587 2054 1666 2082 xm.
1684 2052 1784 2081 fletam

931 2107 966 2126 ex
1002 2094 1080 2126 mala
1112 2097 1363 2136 interpretatione
1398 2098 1516 2126 nummi
1546 2095 1785 2131 Abydenorum,

931 2142 962 2170 in
986 2150 1049 2181 quo
1066 2150 1121 2181 pro
1139 2141 1166 2167 H
1195 2141 1321 2168 ΡΩΜΗ
1348 2141 1531 2170 ΛΝΔΡΟΣ
1562 2147 1719 2181 perperam
1743 2135 1786 2167 le-

930 2184 1036 2222 gissent
1075 2183 1218 2213 Monachi
1247 2182 1371 2223 quidam
1409 2182 1490 2214 Galli
1525 2184 1610 2212 ΗΡΩ
1646 2182 1787 2211 ΛΗΑΝ.

931 2229 1066 2263 ΛΡΟΣ,
1091 2235 1120 2255 ct
1143 2228 1214 2256 hinc
1238 2225 1372 2256 fabulam
1390 2225 1475 2257 illam
1496 2226 1618 2256 demum
1642 2224 1784 2255 fabricati

929 2270 1030 2301 essent.
1076 2270 1132 2299 Sed
1148 2269 1214 2300 satis
1240 2269 1278 2300 de
1295 2271 1384 2300 huius
1403 2273 1544 2300 carminis
1565 2270 1687 2301 auclore
1706 2265 1784 2298 cius-

930 2325 990 2357 que
1017 2322 1113 2343 aetate
1136 2321 1165 2344 et
1186 2315 1398 2345 controuersiis
1415 2314 1487 2345 iude
1510 2316 1598 2345 natis.
1643 2312 1740 2345 Harl.

1056 2402 1124 2437 Q3
