2183 2747
125 135 317 172 vonam
656 132 843 169 HESioni
868 126 993 170 ’'i-:rra
1025 126 1110 170 Kai'
1141 120 1348 170 ‘HME'PAL
1507 131 1721 170 musas.
1828 142 1883 178 573

125 234 291 268 Lucienus
303 230 343 267 de
358 239 466 266 morte
483 229 649 278 Peregrini
669 241 698 276 p.
714 236 786 275 588.
803 239 885 263 tom.
906 229 943 264 ti.
970 229 1020 277 [p.
1045 233 1110 272 361.
1140 238 1224 264 tom.
1247 229 1304 263 ΠΙ.
1329 225 1405 262 edit.
1421 227 1545 272 Reiiz]
1582 222 1766 266 Χελιὸένοις
1787 229 1878 262 enim

124 285 185 321 illo
203 288 234 320 in
249 285 341 332 loco,
368 298 437 319 nou
458 279 607 333 κορώνας
622 281 804 331 legendum
821 280 884 317 ess'e
905 280 1072 316 contendit
1097 282 1273 329 Menagius
1297 279 1337 314 ad
1362 281 1527 315 Laertium
1551 293 1584 328 p.
1601 293 1663 326 255.
1682 278 1709 324 k)
1736 277 1879 315 'suauein

124 338 342 374 hirundinum
359 347 490 372 cantum
509 333 688 370 obseruatis
707 332 801 370 fuiss'e
819 332 979 380 Mostlm,
1006 332 1124 369 Achilli
1144 335 1248 368 Tatio
1265 333 1414 381 aliisque.
1473 334 1639 367 Plutarchi
1655 331 1738 367 liber
1753 330 1792 366 de
1815 334 1878 366 vita

123 388 276 430 Hesiodi,
301 390 474 437 Lampriae
490 400 710 430 memoratus,
728 387 901 429 intercidit,
928 385 1216 436 quemadmodum
1234 397 1264 421 et
1281 385 1458 421 Cleomenis
1476 385 1555 421 liber
1571 384 1611 421 de
1629 383 1794 425 Hesiodo,
1822 397 1879 418 cu-

123 446 172 478 ius
191 445 345 478 meminit
360 442 517 477 Clemens
535 441 629 476 Alex,
650 454 671 476 ι.
688 443 813 476 Strom.
831 453 862 489 p.
880 453 954 483 300.
1009 441 1050 474 Et
1064 453 1147 488 quae
1162 439 1202 475 de
1218 436 1370 474 Hesiodo
1386 435 1551 487 scripserat
1568 438 1756 475 Heratlides
1774 437 1878 472 Hera-

123 498 247 538 cleotes,
277 495 530 531 Chamaeleontis
544 496 622 530 ciuis
640 491 686 528 sui
704 491 819 542 scripta
836 493 984 541 expilatis
996 520 1007 534 ,
1030 491 1071 527 de
1089 505 1156 541 quo
1173 494 1314 528 Laertius
1329 491 1387 528 lib.
1406 495 1446 527 V.
1471 489 1492 527 s.
1509 504 1562 538 9²·
1624 492 1692 538 [De
1716 491 1878 532 moribus,

123 551 263 598 iugenio
292 544 516 595 scribendique
544 559 664 594 genere
685 545 759 581 vide
782 545 900 581 iudicia
929 548 1076 580 virorum
1098 545 1279 581 doctorum
1307 546 1340 580 in
1374 545 1488 590 Poste·
1508 545 1631 579 Blount
1657 541 1803 579 Censura
1826 556 1877 578 cc-

121 602 201 638 lebr.
236 601 430 642 authorum,
457 601 611 635 Geneuae
631 612 710 643 ¹7¹0·
727 612 758 647 p.
776 610 800 641 3.
812 596 880 647 sqq.
899 608 930 633 et
947 599 996 633 in:
1015 600 1190 647 lugemens
1201 596 1257 633 des
1273 599 1394 633 Savans
1413 595 1463 633 sur
1481 596 1528 633 les
1538 598 1732 645 principaux
1748 596 1876 631 Ouvra.

122 668 178 705 ge<
197 653 252 689 des
272 656 411 688 Auteurs
432 665 487 699 par
515 652 639 686 Adria»
660 652 792 692 Baillet,
817 647 913 686 revsis
928 671 981 679 ·-—
1011 663 1070 699 par
1093 653 1160 686 Mr.
1185 652 1224 685 de
1246 650 1277 684 In
1301 651 1488 698 Monnoye,
1521 661 1608 685 tom.
1627 651 1683 684 lli.
1707 646 1873 684 Amsserd.

122 719 206 753 1725.
223 709 254 741 in
270 718 301 749 4.
326 719 357 754 p.
376 712 418 750 98
439 701 508 752 sqq.
543 706 575 739 in
598 705 692 738 Lami
717 717 817 752 opere
837 702 1014 752 postumo:
1045 704 1091 738 Le
1109 702 1225 739 delizie
1239 701 1291 738 dei
1308 703 1403 738 Dotti
1427 717 1444 738 e
1470 701 1556 752 degli
1576 701 1710 737 Eruditi.
1736 702 1828 737 artic.
1848 703 1874 735 1.

121 774 171 795 nr.
187 761 224 794 ΙΙ.
242 772 272 806 p.
290 770 328 793 ιο
347 755 417 805 sqq.
435 756 552 804 quibus
567 757 684 799 editor,
711 757 905 803 Francistur
924 757 1095 790 Fontanus
1115 754 1298 804 praefectus
1318 754 1535 791 bibliothecae
1550 754 1786 790 Richardianae
1811 765 1874 789 no-

121 825 166 848 tas
186 809 316 846 subiecit
334 808 457 844 ilo-:ian
511 809 634 859 Qibus
657 807 755 844 addes
783 809 955 844 auc'lorem
981 811 1194 857 biogrnpliiae
1218 806 1373 849 classicae,
1412 808 1480 844 vol.
1506 811 1533 845 l.
1559 822 1590 857 p.
1604 816 1646 853 48
1669 805 1736 856 sqq.
1763 803 1873 842 secuu-

120 864 200 900 dum
219 861 405 898 versionem
422 860 614 897 Mursiunae
627 865 872 911 germanicam:
903 864 936 896 in
952 864 1068 909 primis
1085 861 1248 909 Robinson
1263 858 1333 896 diff.
1353 859 1392 895 de
1408 859 1560 896 Hesiodo
1575 875 1604 910 p.
1620 862 1741 896 XXXX
1759 857 1805 908 sq.
1823 877 1873 886 -

120 916 287 952 Inediium
303 917 405 965 epigr.
424 917 458 950 in
478 913 609 951 laudem
625 913 763 951 Hesiodi
782 913 929 963 vulgauit
946 915 1070 950 Irim-te
1088 928 1105 949 e
1121 914 1193 950 cod.
1213 916 1305 963 regio
1314 915 1441 950 Matrit.
1457 916 1490 950 in
1500 913 1603 950 Catal.
1621 927 1655 963 p.
1673 920 1739 960 385.
1755 909 1872 957 Harl]

183 1012 272 1047 opera
305 1017 329 1037 ee
411 1004 452 1038 V.
483 1004 542 1038 Per
558 1015 641 1051 opus
663 1000 818 1045 Hesiodi,
865 1004 915 1038 cui
941 1003 1169 1038 auc‘loriiatem
1193 1004 1370 1037 homericis
1392 999 1515 1052 scriptis
1543 1003 1737 1050 proximam
1762 999 1874 1035 tribuit

121 1051 194 1078 0¹⁷³·
357 1054 518 1102 Velleius,
546 1053 692 1104 suspicari
711 1056 804 1091 liceat
826 1055 1034 1104 peculiariter
1055 1055 1093 1090 ab
1116 1068 1157 1090 eo
1185 1054 1319 1104 intelligi
1345 1068 1488 1103 poema,
1523 1057 1574 1090 cui
1598 1053 1710 1090 titulus
1726 1049 1872 1091 ’'EPrA

118 1105 176 1156 ’wi
191 1108 233 1147 Ἡ
245 1114 283 1146 M
297 1104 388 1146 ΕῬΑ
401 1115 424 1146 1.
457 1108 568 1154 Opera
585 1115 613 1143 et
631 1108 732 1144 Dies:
759 1106 850 1144 Nihil
865 1111 956 1144 enim
973 1110 1058 1143 inter
1073 1110 1188 1142 omnia
1204 1106 1343 1143 Hesiodi
1361 1105 1473 1157 scripta
1489 1106 1592 1143 isthoc
1609 1108 1707 1142 vnico
1723 1104 1768 1140 est
1789 1101 1870 1139 cele-

118 1163 220 1202 brius,
249 1161 330 1195 uiliil
349 1163 379 1194 in
398 1171 545 1196 veterum
565 1159 687 1209 scriptis
702 1159 906 1210 frequentius
922 1159 1126 1209 vsurpatum,
1156 1163 1228 1195 imo
1245 1160 1337 1209 quod
1359 1159 1470 1196 solum
1496 1173 1557 1210 pro
1582 1158 1746 1196 Hesiodio
1768 1168 1870 1206 agno·

117 1213 247 1251 scebant
264 1216 406 1254 Boeotii,
432 1214 606 1249 Heliconis
619 1212 765 1257 adcolae,
791 1212 867 1250 teste
884 1212 1038 1249 Pausania
1054 1216 1087 1248 in
1103 1213 1266 1249 Boeoticis
1282 1226 1312 1261 p.
1329 1226 1396 1258 771.
1451 1215 1530 1248 Hoc
1553 1225 1724 1261 perperam
1747 1213 1780 1245 in
1799 1207 1869 1244 duo

117 1263 243 1302 diuersa
262 1263 375 1314 scripta
395 1264 562 1316 distingui,
586 1279 732 1315 quorum
750 1265 888 1303 alterum
908 1270 1012 1318 ἔργα,
1039 1266 1178 1302 alterum
1197 1279 1214 1300 a
1231 1280 1259 1300 v.
1275 1269 1349 1310 763.
1378 1265 1495 1317 ἡμέρῳ
1515 1263 1724 1306 inscribatur,
1752 1261 1869 1311 probat

117 1321 203 1356 Dan.
216 1316 369 1353 Heinsius
386 1321 418 1352 in
431 1318 679 1355 introductione
693 1333 762 1369 cap,
775 1328 821 1362 18.
845 1321 938 1356 Olim
957 1322 1048 1355 enim
1060 1317 1214 1354 doctrina
1230 1319 1296 1357 τῶν
1312 1317 1438 1370 ἡμερῶν
1454 1318 1520 1354 siue
1534 1318 1571 1353 de
1587 1318 1707 1359 diebus,
1735 1315 1868 1350 homini

116 1383 311 1409 oeconomo
331 1368 550 1413 obseruandis,
580 1370 647 1408 sine
673 1371 738 1408 vlla
757 1372 967 1409 distinetione
987 1377 1089 1423 ἔργα,
1109 1370 1172 1407 siue
1191 1374 1273 1407 vitae
1291 1384 1473 1419 praecepta,
1490 1369 1750 1420 subsequebatur,
1779 1370 1820 1402 ita
1836 1375 1869 1401 vt

116 1426 308 1461 communis
327 1437 363 1459 ac
377 1424 539 1472 generalis
555 1422 630 1460 effet
645 1422 814 1475 inscriptio
831 1430 920 1477 ἔργα
935 1440 993 1472 &W
1009 1425 1138 1476 ἡμέρῳ,
1167 1437 1235 1474 quo
1251 1427 1390 1460 nomine
1406 1429 1502 1460 etiam
1523 1428 1626 1460 citant
1645 1420 1759 1472 passim
1782 1432 1869 1455 vete·

113 1491 163 1513 res
181 1491 284 1512 vnum
302 1476 446 1525 aliquem
464 1475 591 1512 versum
609 1489 725 1526 poetae
739 1479 973 1528 producentes,
999 1477 1075 1514 licet
1091 1475 1214 1526 saepius
1231 1480 1391 1512 breuitatis
1402 1475 1506 1513 cauffa
1521 1487 1646 1513 tantum
1661 1479 1750 1526 ἕξγσι
1761 1470 1868 1520 adpel-

113 1530 192 1569 lent,
221 1542 329 1578 neque
344 1526 452 1564 caussa
467 1528 524 1572 esi,
555 1544 613 1565 cur
638 1529 712 1580 post
735 1529 866 1567 uersum
891 1538 966 1576 380.
1001 1529 1158 1567 secundus
1189 1530 1271 1565 liber
1294 1534 1402 1581 ἔργων
1426 1531 1572 1579 incipiat:
1591 1529 1615 1574 s)
1645 1541 1751 1576 neque
1776 1528 1866 1560 enim

113 1581 251 1624 constat,
279 1581 317 1617 ab
333 1580 485 1617 Hesiodo
504 1585 537 1618 in
555 1582 662 1632 plures
678 1584 780 1620 libros
796 1586 863 1620 hoc
885 1597 968 1632 opus
992 1581 1132 1619 diuisum
1159 1580 1273 1624 fuisse,
1305 1596 1414 1630 neque
1435 1583 1519 1617 lianc
1543 1580 1790 1616 dissine'lionem
1813 1575 1866 1612 vel

110 1633 285 1683 scriptores
301 1636 422 1683 antiqui
439 1633 491 1670 vel
506 1635 638 1671 codices
656 1637 755 1672 MSS.
772 1638 896 1686 probae
914 1648 1013 1672 notae
1028 1633 1225 1686 agnoscunt,
1252 1646 1285 1669 vt
1301 1634 1410 1671 docuit
1428 1635 1497 1669 Mi.
1515 1635 1682 1680 Georgius
1701 1633 1866 1668 Grunnius

111 1689 261 1724 Leelion.
278 1685 416 1723 Hesiod.
433 1701 503 1736 cap.
513 1701 546 1734 9.
583 1691 797 1738 Qamquam
811 1693 975 1739 poematis
992 1689 1090 1728 issius,
1106 1703 1123 1723 a
1140 1686 1337 1724 citharoedis
1353 1701 1409 1736 per
1432 1698 1533 1736 partes
1543 1685 1704 1721 decantari
1722 1682 1867 1728 solitim),

113 1750 220 1788 partes
238 1737 382 1787 singulae
399 1752 460 1786 pro
475 1745 660 1790 argumenti
679 1745 830 1778 varietate
847 1758 864 1778 a
882 1743 1046 1778 veteribus
1068 1743 1294 1790 grammaticis
1308 1739 1499 1782 laudantur,
1533 1737 1697 1774 interdum
1719 1735 1774 1773 sub
1792 1740 1865 1770 titu-

113 1791 170 1827 lis:
198 1786 456 1838 δωμενολσγιόι,
481 1789 662 1844 πανὸὤρα,
689 1795 855 1841 πιθωγία
873 1798 916 1842 ⁷¹),
944 1792 1059 1847 >wigm-
1074 1804 1134 1829 etc.
1196 1792 1493 1844 Qemadmodum
1512 1801 1616 1840 partes
1641 1788 1777 1839 poeseos
1803 1790 1865 1824 ho-

114 1845 255 1878 mericae
272 1841 420 1878 similiter
437 1844 477 1878 ab
490 1857 686 1892 argumento
703 1847 876 1896 adpellatas
895 1859 1046 1884 notatum
1063 1862 1080 1882 a
1097 1860 1151 1881 ine
1168 1843 1259 1895 supra
1278 1844 1322 1881 est
1341 1858 1444 1893 cap,3.
1463 1857 1512 1879 nr.
1532 1852 1582 1884 28.
1616 1846 1667 1878 Sic
1683 1855 1714 1878 et
1731 1841 1863 1892 ἡμέρας

114 1893 254 1931 Hesiodi
269 1892 405 1930 seorsim
422 1896 768 1945 quandoquelaudant
789 1903 999 1950 grammatici
1014 1901 1226 1940 recentiores,
1253 1909 1284 1933 vt
1304 1899 1466 1933 Iohannes
1483 1898 1624 1932 Tzetzes
1648 1894 1791 1932 Chiliad.
1816 1906 1862 1930 12.

1113 1953 1175 1987 (ἴε
1203 1963 1252 1986 cc
1278 1962 1296 1994 3
1736 1961 1765 1983 v.
1792 1959 1864 1993 ¹74-

157 2024 188 2059 k)
211 2024 368 2063 Vulgatam
386 2031 485 2054 tamen
501 2023 658 2056 leffionem
681 2027 761 2058 haud
783 2030 882 2071 inepte
899 2031 964 2060 vin·
1016 2032 1134 2060 monuit
1149 2031 1294 2059 Graeuius
1311 2030 1341 2057 in
1357 2027 1447 2057 Lefit.
1464 2026 1583 2056 Hefiod.
1600 2037 1661 2068 cap.
1677 2028 1756 2057 XVI.
1778 2024 1863 2055 ideo-

113 2068 199 2105 dicat,
222 2068 321 2099 saltem
346 2078 459 2098 mutare
480 2079 540 2098 non
565 2069 653 2100 audet
675 2072 698 2101 1.
713 2074 755 2102 M.
772 2074 900 2110 Gesner,
930 2075 962 2104 in
1016 2084 1073 2115 que
1087 2073 1171 2103 illuni
1191 2072 1307 2102 titulum
1325 2070 1549 2112 expungendum
1571 2070 1664 2101 duxit.
1689 2069 1786 2101 Harl.

112 2122 181 2143 uota
197 2113 232 2143 ad
256 2111 340 2142 illum
354 2111 463 2142 locum.
487 2113 584 2143 Harl.
1057 2122 1103 2152 m)
1126 2117 1201 2146 Vide
1221 2116 1360 2146 Platonis
1379 2117 1442 2144 1011.
1461 2126 1487 2155 p.
1509 2119 1550 2144 16.
1572 2115 1641 2144 edii.
1664 2112 1804 2150 Mulieri,
1835 2120 1864 2143 ei

1012 2161 1048 2190 ab
1064 2161 1119 2190 hoc
1136 2162 1192 2189 iam
1210 2158 1358 2188 laudatum
1375 2160 1477 2187 Athen.
1500 2157 1552 2187 lib.
1571 2161 1632 2188 XV.
1656 2169 1683 2199 p.
1702 2162 1773 2193 62⁰,
1797 2160 1860 2198 qui,

154 2200 178 2235 t)
200 2202 232 2230 In
250 2200 465 2229 recentioribus
481 2199 673 2237 editionibus,
687 2204 786 2233 *etiam
810 2202 957 2241 Robinso-
1011 2213 1127 2245 praeter
1146 2205 1268 2233 Homeri
1285 2203 1412 2230 carmina
1429 2204 1515 2231 etiarn
1526 2201 1659 2243 Hesiodi,
1681 2201 1860 2237 Archilochi,

110 2243 155 2279 πὶ,
178 2245 240 2284 post
254 2243 371 2273 versum
389 2248 455 2281 763.
479 2246 582 2285 incipit
606 2256 717 2275 nouum
741 2255 843 2288 caput,
875 2241 957 2277 cuius
1011 2249 1183 2278 Mimnermi
1202 2255 1229 2275 et
1245 2244 1412 2279 l'liocylidis
1427 2244 1525 2274 versus
1541 2256 1556 2274 a
1582 2245 1733 2286 rhapsodis
1757 2247 1861 2275 recita·
1878 2240 1881 2244 ’

111 2286 198 2316 index
215 2288 255 2317 est
270 2284 379 2316 Ἡσιέδε
396 2288 432 2315 τί
453 2287 581 2324 'Antania
603 2286 728 2325 Ἡμέρας.
772 2292 808 2320 At
830 2289 879 2320 ille
904 2301 957 2320 nec
1010 2299 1055 2320 tos
1071 2290 1126 2320 esse
1143 2290 1238 2319 docet.
1263 2288 1343 2318 Adde
1360 2287 1476 2318 Salmas.
1491 2289 1525 2318 ad
1535 2288 1624 2319 Soliu.
1641 2300 1668 2330 p.
1685 2293 1751 2320 605.
1763 2288 1859 2321 Harl.

111 2331 141 2360 in
163 2330 227 2360 cod.
250 2330 450 2367 Coisliniano,
485 2333 517 2361 in
531 2331 710 2362 bibliotheca
736 2333 858 2364 Coislin.
887 2334 956 2364 edit.
1053 2338 1086 2368 n)
1110 2333 1186 2363 Vide
1206 2333 1332 2362 Eustath.
1349 2334 1379 2362 in
1398 2331 1480 2362 Iliad.
1497 2332 1524 2362 ω’.
1542 2344 1569 2374 p.
1587 2343 1661 2368 1501.
1685 2333 1797 2362 Heinsii
1813 2335 1857 2362 iri-

108 2373 302 2404 Montfaucon
319 2386 347 2416 p.
365 2379 432 2404 226.
449 2374 501 2404 fol.
519 2381 579 2409 285.
597 2385 648 2405 nec
664 2378 692 2405 in
704 2378 794 2407 Vcffii
810 2378 957 2408 codd.nec
1009 2377 1189 2407 troduftion.
1204 2387 1267 2417 cap.
1282 2385 1312 2413 7.
1337 2375 1496 2406 Hesiodum
1513 2374 1630 2415 ρἀὤῳδέν
1644 2385 1731 2406 vocat
1753 2378 1856 2406 Lucia-

109 2418 140 2447 in
155 2418 243 2448 Gudii
259 2417 364 2448 Proclo
387 2420 445 2455 est,
477 2430 531 2448 nec
551 2421 580 2448 in
606 2420 755 2449 veteribus
780 2420 880 2453 libris;
904 2433 956 2451 nec
1009 2432 1062 2450 nus
1079 2423 1108 2450 iu
1125 2422 1321 2454 Hermotimo,
1341 2428 1412 2449 tom.
1430 2422 1452 2451 1.
1471 2431 1499 2462 p.
1517 2429 1575 2457 521.
1601 2420 1635 2460 [s.
1651 2431 1709 2462 cap,
1723 2430 1767 2456 25.
1783 2430 1856 2452 tom.

111 2459 202 2497 vllum
232 2462 426 2494 diiunctionis
448 2464 604 2502 vestigium
635 2464 772 2506 adparet,
810 2474 842 2496 vi
870 2465 956 2497 doffte
1007 2467 1030 2496 1.
1044 2476 1072 2507 p.
1085 2469 1162 2503 ,Τό-ι.
1178 2464 1247 2494 edit.
1266 2465 1399 2501 aetati]
