2183 2747
174 144 231 184 558
283 136 418 175 Lib.1l.
434 147 494 178 c.7.
534 132 791 172 TRYPHIOD.
820 133 868 167 IS.
896 131 1186 169 PORPHYROG.
1212 129 1423 166 TZETZES
1443 128 1620 168 IDAEVS.
1654 128 1947 166 V⁰¹·1-1³-³⁶³P3⁶⁴

207 237 418 274 Tryphioziorus.
497 233 588 267 VIII.
617 231 805 267 Coluthum
828 231 860 265 in
875 228 1039 278 plerisque
1059 226 1279 274 editionibus,
1315 237 1353 261 vt
1375 229 1498 276 graecis
1514 227 1642 263 Aldina
1663 238 1694 262 ct
1716 226 1945 264 emendatiore

181 290 231 326 H.
249 287 402 334 Stephani
409 317 420 333 ‚
441 296 512 322 tum
535 283 764 335 graecolatinis
783 283 881 318 Miclz.
902 282 1064 323 Nsandrt,
1093 281 1150 329 qui
1175 290 1270 315 notas
1285 278 1430 319 addidit,
1458 281 1650 327 Aemillique
1663 280 1763 315 Porti
1786 290 1819 316 et
1842 281 1949 316 Iacobi‘

182 340 286 378 Lem·
304 341 482 376 comitatur
495 339 531 374 T
541 341 569 374 R
582 340 606 373 Υ
618 339 638 373 P
651 338 683 372 H
697 339 748 372 [O
760 337 789 369 D
800 336 829 369 O
840 338 866 369 R
877 335 935 369 VS
945 338 983 379 ω)
1010 332 1062 369 seu
1071 332 1311 382 Tryphiodori
1326 336 1484 383 Aegyptii
1502 336 1627 370 k'oeina
1635 334 1777 382 Epicum
1793 330 1947 370 versuum

183 393 414 431 DCLXXVII.
438 391 529 442 quod
552 388 736 427 inscribitur
753 387 835 427 Ἰλιέ
852 384 985 426 ἅλωσις
1002 385 1069 422 siue
1083 386 1121 421 de
1146 386 1267 422 Troiae
1283 388 1450 436 enerfione.

236 523 267 556 [ᾗ
294 521 379 547 cumn.
468 510 525 545 IX.
552 507 781 544 ISAACVS
807 504 1122 541 COMNENVS
1151 503 1731 547 PORPHYROGENETVS,
1758 501 1950 540 cuiusscho.

187 564 380 608 R0rpb5708‘·
414 563 457 600 lia
477 561 596 598 inedita
614 565 648 596 in
669 562 862 596 Homerum
881 559 1077 601 {memoraui
1098 570 1170 606 cap.
1187 569 1216 602 3.
1239 570 1288 592 nr.
1306 569 1348 603 15.
1374 554 1500 605 scripsit
1525 568 1689 607 praeterea
1715 555 1812 606 prosa
1834 570 1951 606 graeca

186 608 269 631 nesus.
283 600 386 627 Idaeus.
413 616 563 653 libellum
581 614 621 650 de
641 609 869 663 praetermissis
884 610 922 645 ab
939 612 1098 646 Homero
1123 621 1154 646 et
1174 611 1516 661 χωρακτηρίσμσιτω
1542 611 1751 646 Graecorum
1777 612 1952 646 Troiano.

187 685 331 722 rumque
345 669 469 707 ducum
487 681 525 704 ex
541 669 674 711 Diclye,
702 676 734 700 vt
753 667 808 707 ait,
834 663 996 713 decerpta.
1051 664 1180 699 Citatur
1195 677 1212 698 a
1228 661 1389 699 Salmasio
1405 660 1464 698 fol.
1481 666 1559 707 463.
1578 661 1650 698 hist.
1661 662 1837 713 Augustae.
1890 665 1953 699 Po.

190 727 332 764 flerioris
351 727 449 773 partis
464 723 647 757 editionem
663 732 681 754 e
698 719 773 754 MS.
791 717 869 753 Bibl.
887 714 1203 752 Amstelodamenfis
1218 715 1378 752 debemus
1397 717 1481 751 Iano
1498 717 1678 766 Rutgeifio
1694 719 1733 752 V.
1751 728 1804 753 20.
1825 729 1858 766 p.
1874 728 1952 763 509.

193 782 317 818 Variar.
332 777 406 812 lect.
426 773 529 824 Lugd.
547 779 613 812 Bat.
634 775 722 814 1618.
738 785 772 817 4.
827 773 1007 819 Vtriusque
1026 770 1127 805 Leoni
1142 769 1272 805 Allatio
1295 772 1328 805 iii
1351 772 1511 819 excerptis
1534 770 1711 805 rhetorum
1737 771 1954 816 antiquorum

192 845 223 870 ct
240 830 481 881 sophistarum,
505 840 621 876 graece
645 839 723 861 cum
746 823 896 861 versione
916 821 1014 871 ipsius
1033 822 1185 873 vulgatis,
1214 824 1345 859 Romae
1372 827 1468 867 1644.
1484 829 1515 863 8.
1547 821 1624 858 vide
1646 834 1783 872 quoque
1809 820 1867 856 Vo
1882 822 1956 857 *ium

196 887 237 924 de
255 885 413 921 historicis
431 882 556 930 graecis
573 893 605 928 p.
625 884 694 925 516.
710 888 741 913 et
757 879 879 914 Lahhei·
894 875 974 912 Bibl.
992 889 1121 912 nouam
1138 876 1239 912 MSS.
1258 889 1291 925 p.
1311 887 1377 920 134.
1401 875 1456 911 vbi
1481 874 1632 922 testatur,
1661 889 1764 911 manu
1789 883 1958 911 exaratum

196 938 271 975 cod.
288 947 460 972 occurrere
482 936 516 968 iii
537 932 736 967 bibliotheca
759 933 843 980 regis
870 927 1145 969 Christianissimi.
1201 930 1320 976 [Hune
1342 927 1497 965 codicem
1515 941 1653 978 quoque
1672 937 1840 964 memorat
1863 927 1957 966 [Vet-

185 993 312 1042 stcnius
331 991 363 1024 in
375 984 446 1025 diff.
467 985 508 1022 de
530 982 656 1035 scriptis
672 985 831 1027 Homeri,
857 996 888 1033 p.
913 990 978 1030 158.
1009 993 1041 1019 et
1057 982 1102 1019 est
1126 996 1177 1018 nr.
1207 986 1302 1024 2682.
1331 984 1366 1017 in
1388 980 1468 1018 bibl.
1490 978 1586 1018 Paris.
1611 984 1719 1031 regia:
1748 980 1957 1017 membrana·

195 1058 280 1084 cetis,
309 1042 396 1077 XIV.
409 1038 539 1076 saeculo
554 1048 694 1075 exeunte
708 1035 862 1086 scriptus;
889 1038 1038 1072 continet
1054 1038 1078 1071 is
1094 1033 1219 1072 scholia
1238 1034 1410 1071 cuiusdam
1427 1037 1594 1080 anonymi
1609 1045 1640 1071 et
1662 1034 1956 1082 Porphyrogeniti‚

195 1096 344 1135 eiusdem
358 1097 393 1130 in
406 1092 530 1130 eodem
546 1090 662 1128 codice
679 1088 896 1141 praemissum
911 1088 957 1125 est
977 1086 1181 1138 opusculum
1200 1089 1334 1124 XXIIX.
1356 1091 1488 1138 paginis
1505 1087 1658 1124 constans
1677 1086 1718 1124 de
1736 1088 1857 1136 patria,
1894 1090 1960 1122 vita

195 1151 355 1190 Homeri,
382 1145 468 1184 etde
482 1145 630 1182 dialectis
646 1158 682 1180 ac
700 1143 826 1194 figuris,
855 1143 975 1192 quibus
998 1140 1072 1178 vsus
1095 1142 1150 1178 est.
1206 1143 1244 1177 In
1269 1143 1320 1177 his
1347 1152 1462 1177 autem
1489 1142 1794 1191 Porphyrogeniti,
1818 1151 1852 1176 vt
1874 1149 1906 1176 ct
1927 1141 1963 1176 in

197 1204 373 1248 Anonymi
387 1197 521 1236 scholiis
538 1198 662 1240 multa,
691 1199 740 1243 (vt
764 1200 806 1232 ait
830 1195 871 1230 cl.
901 1196 1080 1243 Villuefln.
1110 1199 1143 1231 in
1166 1193 1321 1245 Prolegg.
1342 1195 1454 1231 Hom.
1484 1207 1515 1244 p.
1534 1196 1620 1229 XIV.
1638 1195 1728 1239 not.)
1753 1191 1793 1229 ad
1815 1194 1963 1230 Homeri

195 1255 515 1306 interpretationem,
541 1254 689 1288 maxime
705 1250 742 1285 ad
758 1249 966 1285 aeslheticam
978 1277 988 1291 ‚
1025 1262 1126 1298 qnam
1144 1259 1276 1290 vocant,
1303 1247 1471 1284 nonnulla
1486 1246 1525 1283 ad
1541 1250 1797 1297 grammaticam
1819 1244 1964 1295 speCkan·

195 1313 250 1352 tia,
276 1307 361 1345 nihil
376 1304 445 1343 fere
458 1304 499 1342 ad
515 1307 662 1340 criticam
678 1301 951 1351 deprehenditur.
974 1301 1090 1348 Har-L]
1146 1302 1415 1337 IOHANNIS
1441 1301 1704 1336 TZETZAE
1732 1301 1965 1336 Ante-Home.

199 1368 350 1400 ricorum
368 1370 400 1396 et
415 1358 774 1396 Post—Homericorum
790 1357 998 1391 mentionem
1015 1352 1079 1390 feci
1100 1367 1169 1403 cap.
1191 1367 1219 1398 3.
1242 1367 1293 1390 nr.
1311 1366 1360 1399 14.
1422 1352 1587 1390 Videntur
1614 1355 1714 1390 etiam
1737 1352 1966 1403 Paralipome-

197 1429 270 1454 non
283 1415 430 1452 Homeri
448 1410 660 1461 scriptoribus
676 1407 897 1458 adiungendi,
927 1411 981 1457 qui
1001 1406 1136 1457 singtilis
1157 1409 1336 1443 homericis
1352 1405 1496 1443 versibus
1519 1406 1559 1442 tle
1575 1404 1634 1442 suo
1650 1403 1782 1443 versum
1798 1405 1966 1442 intercala-

199 1479 275 1507 runt
291 1479 321 1504 et
337 1465 584 1507 subiunxerunt,
611 1473 645 1498 vt
665 1463 786 1510 l'igrcs
801 1473 833 1496 et
849 1461 904 1507 [if]
927 1461 1092 1495 Timolaus
1110 1460 1305 1509 Lariffiieiir,
1332 1458 1373 1495 de
1389 1460 1507 1510 quibus
1533 1457 1694 1508 superiori
1715 1462 1840 1509 capite,
1867 1470 1900 1496 et
1921 1457 1964 1495 de

203 1536 272 1573 quo
291 1519 413 1557 ibidem
428 1519 537 1555 dicere
552 1516 699 1566 neglexi,
723 1516 774 1550 lD
787 1515 918 1549 AEVS
948 1512 1113 1556 Rhodius,
1140 1512 1216 1549 Lissi
1232 1515 1266 1549 F.
1284 1515 1503 1549 heroicorum
1520 1515 1708 1549 carminum
1726 1511 1882 1561 scriptor,
1908 1513 1968 1561 qui

200 1575 303 1613 saida
317 1572 406 1615 teste,
433 1567 688 1623 παρεμβαλών
706 1570 806 1616 :dxcv
824 1569 915 1619 ςὶχῳ
933 1562 1102 1605 &imme
1117 1564 1176 1611 ‘miv
1191 1568 1322 1610 ποίησιν
1335 1563 1468 1617 Ὸμήςε
1496 1562 1570 1614 [W
1587 1562 1694 1604 ἄλλοι
1711 1562 1820 1605 Ῥὲὃισι
1836 1563 1883 1604 eis
1897 1569 1967 1610 ἔπη

199 1625 245 1678 «γ’.
261 1641 293 1665 v.
309 1627 435 1663 Eudoc.
454 1639 485 1674 p.
506 1624 604 1670 247.]
661 1624 689 1657 E
705 1621 941 1658 recentioribus
964 1634 1068 1656 nemo
1101 1623 1274 1655 amoenius
1299 1616 1515 1668 disertiusque
1544 1621 1578 1653 in
1606 1619 1866 1668 paralipomenis
1890 1618 1968 1654 Ho-

202 1683 286 1720 meri
307 1677 481 1716 scribendis
495 1675 637 1712 versatus
652 1674 696 1711 est
713 1676 812 1710 Archi
829 1671 998 1723 Episcopo
1013 1670 1245 1709 cameracensi
1261 1672 1435 1719 Francisco
1458 1673 1629 1719 Salignaco
1651 1671 1841 1715 Fenclom'o,
1872 1674 1965 1707 cuius

210 1734 418 1771 Telemachus
437 1729 504 1766 siue
519 1731 726 1766 continuatio
744 1727 818 1762 libri
834 1729 938 1776 quarti
956 1723 1122 1771 Odyil'eae
1143 1725 1263 1774 gallica
1279 1722 1375 1774 prosa
1393 1721 1510 1773 scripta
1531 1734 1562 1760 et
1584 1723 1814 1773 pulcherrimis
1830 1726 1970 1761 monitis

201 1790 316 1827 ethicis
331 1800 368 1822 ac
383 1784 527 1834 politicis·
545 1784 684 1831 Principi
703 1779 912 1830 potissimum
930 1776 1142 1814 obseruandis
1157 1775 1275 1813 referta
1290 1775 1438 1819 simulac,
1464 1777 1626 1823 (auctore,
1641 1787 1675 1812 vt
1689 1773 1809 1819 ferunt,
1837 1775 1970 1825 inscio,)

203 1838 352 1890 adspexit
368 1838 489 1879 lucem,
516 1832 613 1871 Paris.
632 1838 725 1881 1699.
743 1846 794 1870 ia.
812 1836 855 1880 (v,
877 1834 1000 1868 Lettres
1018 1831 1058 1867 de
1076 1828 1161 1867 Msr.
1180 1830 1210 1866 le
1226 1830 1340 1876 Bayle,
1367 1844 1397 1880 p.
1415 1833 1507 1876 682.)
1528 1840 1622 1866 tanto
1636 1832 1795 1866 omnium
1811 1828 1971 1881 adplausu

207 1902 355 1942 excepta,
382 1901 450 1927 tam
466 1887 562 1926 auide
578 1888 616 1924 ab
633 1887 789 1923 omnibus
805 1886 890 1921 letsta
903 1885 960 1925 est,
988 1896 1021 1920 vt
1044 1887 1127 1920 intra
1147 1884 1245 1920 breue
1270 1895 1401 1932 tempus
1424 1897 1495 1919 non
1517 1882 1624 1919 modo
1649 1882 1722 1933 plus
1737 1885 1836 1920 vicies
1861 1881 1973 1920 recusa

207 1945 325 1989 fucrit3
352 1942 406 1980 sed
422 1940 523 1979 etsua
537 1955 616 1977 eum
633 1941 748 1989 lingua
761 1938 885 1976 exstare
901 1935 1043 1974 iufferint
1068 1934 1225 1987 Hispani,
1252 1937 1342 1979 Itali,
1371 1936 1494 1987 Angli,
1526 1935 1664 1985 Belgae,
1698 1937 1868 1979 Germani,
1896 1935 1972 1973 solis

209 1999 308 2036 Gallis
325 1994 520 2046 quibusdam
540 1997 742 2043 iniquiorem
755 1991 796 2028 de
809 1995 890 2027 tanti
910 1994 989 2026 ciuis
1011 1988 1057 2026 sui
1073 1993 1209 2040 ingenio
1227 1987 1421 2026 sententiam
1443 1988 1642 2031 ferentibus3
1677 1986 1730 2025 sed
1753 1992 1787 2025 in
1809 2003 1874 2040 qua
1899 1989 1972 2040 plus

210 2052 422 2099 malignitatis
437 2059 536 2097 atque
554 2045 708 2090 inuidiae,
736 2059 841 2096 quain
857 2043 988 2082 candidi
1004 2042 1117 2081 iudicii
1138 2042 1235 2081 facile
1259 2039 1428 2094 agnoscas.
1455 2040 1562 2092 [conf.
1581 2041 1786 2093 epheinerid.
1813 2041 1898 2094 Lips.
1920 2042 1971 2080 lit·

210 2114 301 2141 teiar.
322 2115 400 2150 ηις.
421 2115 455 2152 p.
473 2112 508 2149 35
531 2096 619 2152 sqq]

648 2178 656 2185 ’
1805 2193 1846 2227 X.
1874 2192 1971 2228 Ante·

260 2314 302 2339 w)
326 2305 448 2338 Coluilii
466 2308 618 2350 aequalem
640 2305 774 2348 plerique
793 2305 955 2336 coniiciunt
976 2315 990 2335 e
1006 2315 1068 2336 car·
1122 2305 1303 2335 mentionem
1322 2301 1533 2344 Tryphiodori
1555 2303 1641 2341 fecit,
1662 2304 1701 2334 cst
1723 2301 1887 2338 Hesychiu-
1908 2299 1974 2334 mu·

218 2354 305 2383 minis
326 2350 525 2382 fiiiiiliti.diiie.
576 2356 631 2383 Sul
648 2350 793 2386 (iri-:iltius
818 2349 904 2387 longe
920 2352 1068 2391 antiquio·
1124 2350 1206 2384 stri-³2,
1236 2349 1287 2378 vbi
1314 2348 1350 2378 dc
1375 2349 1502 2380 Nestore
1524 2350 1625 2383 Lycio.
1696 2348 1760 2378 Post
1784 2347 1972 2383 Hesychnin.

219 2406 282 2428 rem
303 2393 473 2425 wimundi}
495 2397 629 2426 videtur:
657 2404 869 2424 muniit-morat
895 2396 972 2423 cuim
995 2397 1070 2423 inter
1125 2394 1191 2432 (qui
1211 2391 1262 2421 snb
1278 2393 1423 2422 Anastasio
1443 2395 1517 2434 Imp.
1533 2391 1663 2427 clai-uit)
1686 2392 1817 2426 Susidas,
1843 2391 1974 2423 stenes

221 2448 341 2482 poc-tm,
377 2440 429 2478 qui
456 2436 508 2469 snb
540 2439 713 2468 Ptvileinacis
737 2441 895 2472 vixerunt,
938 2447 1010 2467 tom.
1033 2440 1069 2467 11.
1124 2436 1161 2465 ad
1179 2437 1405 2477 Lycophroncin
1425 2445 1453 2466 et
1473 2435 1551 2468 elul.
1567 2439 1618 2467 lv.
1635 2444 1707 2475 997.
1733 2432 1916 2478 Eustatkm
1935 2431 1972 2463 Ιᾶ

221 2485 301 2526 Opp.
324 2494 352 2525 p.
374 2485 436 2512 166.
495 2483 733 2523 Antiquiffimus,
770 2481 852 2522 quod
874 2480 980 2518 sciam,
1020 2482 1072 2522 qui
1126 2479 1227 2513 otlyss'.
1249 2478 1285 2509 θ’.
1305 2490 1410 2522 p.324.
1428 2487 1481 2510 etc.
