2183 2747
797 130 1146 144 *⁸¹¹*—
1731 127 1848 155 xxlxl

85 226 197 267 euius
208 223 434 265 industriam
452 223 604 278 semper
618 222 700 263 sum
717 222 940 273 admiratus,
960 223 1024 261 cui
1042 218 1067 261 fi
1086 220 1365 274 respondissent
1384 222 1688 270 contimiatores,
1712 221 1750 260 in
1767 218 1850 273 ple-

84 288 215 340 risque
232 287 360 325 minus
373 283 552 324 lacunosa
564 283 654 324 esset
674 281 830 324 historia
845 282 1034 322 litteraria.
1066 280 1256 337 Gyralclc'
1269 281 1446 333 dialogos
1465 280 1674 334 plurimum
1690 292 1851 334 quoque

84 345 184 389 mihi
201 342 385 399 profuisse
402 342 548 393 fateor,
581 357 664 398 quo
681 357 802 384 nemo
823 342 1010 383 eruditius
1028 341 1076 381 de
1094 352 1299 394 poetarum
1316 341 1472 381 historia
1491 338 1641 393 scripsit.
1682 340 1851 393 [Contra

84 405 337 450 Buchne-rus
354 403 416 444 lib.
436 406 476 444 11.
500 404 607 457 epist.
628 405 693 456 64.
717 403 765 443 de
785 401 959 454 Gyraldo
978 401 1147 453 iudicat,
1181 402 1291 456 quod
1307 415 1427 442 nemo
1446 399 1639 441 infelicius
1657 400 1704 439 de
1723 401 1851 452 poetis

83 465 275 506 iudicarit.
284 464 540 515 Heumann]
573 462 790 523 Alplwnsti
808 461 1016 503 ciacconii·
1033 461 1192 514 Hispani
1210 461 1449 502 bibliotheca
1467 459 1688 501 Vniuersalis
1704 461 1786 499 MS.
1803 458 1851 499 ad

86 539 145 566 an.
164 532 263 577 1583.
284 524 423 564 ordine
441 523 654 564 litterarum
672 536 741 577 per
759 523 1013 576 praenomina
1035 520 1170 562 definit
1192 524 1233 562 in
1250 521 1510 576 Epimenide.
1571 519 1748 560 Antonii
1763 518 1851 559 Au-

82 584 239 642 gustini
256 583 493 625 bibliotheca
514 596 649 635 graeca
668 594 706 623 et
727 582 840 623 latina
857 585 942 624 MS.
969 583 1105 621 citatur
1130 581 1178 622 ab
1196 581 1377 622 Antonio
1394 581 1659 635 lllongitow,
1690 590 1787 620 tom.
1810 581 1853 618 ΙΙ.

85 644 266 686 biblioth.
286 643 436 685 Siculae
456 656 492 697 p.
510 657 596 698 259.
657 643 834 683 Ioannis
851 641 1040 685 Liuinei,
1072 643 1186 682 initio
1202 656 1260 682 an.
1280 655 1389 694 1599.
1409 639 1580 680 defunfii
1595 674 1604 688 ‚
1636 638 1713 678 vid.
1730 637 1852 689 Syllo-

85 718 160 757 gen
179 705 294 758 Epist,
314 707 519 745 Burmann.
536 714 631 743 tom.
650 706 691 742 ll.
713 716 748 756 p.
766 716 824 754 4¹·
864 706 904 742 ln
923 700 1122 755 Phihppi
1139 702 1346 743 Cattiem'c'
1365 698 1709 741 exercitationibus
1724 698 1749 743 s.
1766 711 1851 739 ora-

86 764 262 811 tionibus
286 775 475 819 quatuor,
508 763 619 806 Parii]
647 762 695 802 ad
715 766 860 803 Anton.
885 760 1144 814 Stephanum,
1176 763 1291 815 1647,
1315 774 1352 814 4.
1385 764 1508 815 prima
1535 760 1589 800 est
1615 760 1664 800 de
1691 757 1852 799 vtilitate

86 830 127 866 L.
147 828 217 866 Gr.
235 836 273 866 et
291 838 371 878 quo
392 822 507 875 padio
527 821 765 862 bibliotheca
788 835 921 874 graeca
942 821 1169 862 instituenda
1195 820 1248 863 fit.
1308 824 1380 862 His
1406 821 1595 862 addantur
1618 819 1675 860 Io.
1697 819 1851 858 Gram-

87 886 164 925 mji
188 885 335 924 Notitia
359 893 534 922 veterum
563 894 721 934 graecae
755 881 906 933 linguae
929 882 1107 922 virorum
1133 880 1392 932 contractior,
1431 882 1629 931 Hauniae,
1671 891 1777 931 1730.
1810 889 1851 930 4.

86 948 144 987 M.
162 942 388 984 Beniamin
404 941 618 982 Hedericlz
636 943 771 982 nortia
793 940 1000 981 auctorum
1019 954 1072 993 gr.
1091 951 1127 981 et
1144 940 1206 985 lat,
1223 943 1380 996 antiqua
1404 952 1442 981 et
1465 941 1603 981 media.
1631 937 1849 979 VVitteber·

88 1015 179 1055 gae,
214 1015 308 1054 ¹7¹4·
334 1008 371 1049 8.
397 1011 434 1041 et
457 1000 608 1052 sar-pius
632 1001 733 1041 edita
757 1002 988 1053 germanice.
1036 1001 1113 1053 [lo.
1134 1001 1240 1042 Em.
1258 1002 1432 1043 [mnan.
1451 999 1648 1044 lValcltiz'
1666 997 1849 1040 introdu-

89 1061 168 1103 c'lio
185 1065 226 1102 in
242 1061 412 1113 linguam
427 1073 605 1113 graecam
622 1060 713 1102 edit.
734 1065 775 1100 ll.
797 1058 967 1113 audiior‚
996 1064 1128 1113 lenae,
1160 1073 1265 1115 1772.
1294 1063 1381 1102 mai.
1400 1061 1456 1114 8.]

200 1180 387 1223 Aliorum
402 1180 535 1235 scripta
552 1179 614 1220 vel
630 1181 671 1220 in
689 1178 806 1220 herba
828 1182 990 1234 periere,
1021 1181 1083 1221 vel
1104 1181 1232 1223 adhuc
1249 1191 1493 1234 premuntur,
1526 1193 1623 1236 quae
1641 1177 1668 1221 si
1686 1174 1851 1232 prodiis-

86 1243 170 1285 sent
188 1245 226 1283 in
245 1241 393 1286 lucem,
421 1255 485 1281 me
502 1250 682 1294 poterant
700 1254 720 1281 a
737 1239 930 1281 scribendi
944 1238 1078 1281 labore
1103 1254 1312 1292 reuocare,
1342 1245 1372 1289 ι)
1388 1240 1541 1282 Leonis
1559 1237 1718 1280 Allata·
1733 1238 1770 1288 ἦε>
1790 1234 1849 1276 bi-

86 1302 282 1346 bliotheca
308 1302 545 1355 scriptorum
568 1298 849 1354 profanorum,
880 1313 999 1355 quam
1022 1300 1208 1341 molitum
1232 1301 1269 1341 se
1291 1301 1446 1341 testatur
1468 1302 1507 1340 in
1525 1302 1630 1340 notis
1649 1299 1695 1339 ad
1714 1296 1847 1337 Eusta-

85 1363 155 1404 thii
171 1361 411 1403 Antiocheni
429 1364 704 1401 Hexaemeron
723 1373 757 1413 p.
774 1374 831 1414 19.
891 1362 931 1412 2)
950 1362 1036 1401 loa.
1056 1361 1246 1402 Couradz'
1258 1361 1470 1402 Dieterici
1487 1358 1723 1400 bibliotheca
1741 1368 1849 1408 grae-

86 1437 151 1474 ca,
182 1424 229 1463 ad
247 1436 364 1477 quam
382 1420 705 1474 componendam
724 1434 817 1461 eum
832 1420 1007 1461 hortatus
1024 1421 1078 1461 est
1096 1420 1148 1465 ill.
1165 1421 1501 1476 Boinebmgius,
1531 1430 1573 1460 vt
1591 1432 1640 1460 ex
1657 1421 1740 1459 eius
1756 1417 1847 1469 Epi-

87 1482 192 1526 stolis
211 1497 230 1524 a
249 1479 521 1523 Meelfiihrero
545 1481 658 1521 editis
674 1494 710 1533 p.
727 1482 810 1533 163.
834 1480 977 1530 didici,
1009 1481 1135 1533 (adde
1162 1481 1349 1522 eumdem
1375 1483 1414 1521 in
1438 1478 1598 1533 epistola
1621 1479 1684 1530 36.
1708 1491 1746 1532 p.
1765 1487 1846 1530 195.

87 1546 190 1598 epist.
207 1555 269 1595 42.
288 1554 323 1595 p.
341 1554 427 1594 205.
448 1551 486 1581 et
504 1541 610 1595 epist.
629 1553 684 1593 5¹·
701 1554 741 1594 p.
759 1542 863 1593 236.)
882 1551 919 1581 et
935 1555 1053 1596 quam
1077 1540 1190 1594 prelo
1215 1540 1436 1594 exspectare
1460 1539 1612 1589 lucem,
1643 1538 1768 1579 modo
1787 1547 1845 1586 ty-

85 1602 331 1657 pographum
356 1612 393 1641 et
411 1611 606 1642 emtorem
622 1602 837 1650 inuenerit,
866 1603 943 1641 iam
969 1605 1147 1653 an.1657.
1172 1600 1313 1654 scripfit
1330 1600 1576 1641 Dieteriens
1596 1602 1637 1639 in
1661 1596 1844 1638 Introdu-

86 1663 217 1705 &ione
235 1662 282 1703 ad
297 1660 515 1703 Hesiodum
529 1675 565 1714 p.
582 1674 618 1713 7.
649 1661 714 1701 sed
732 1661 888 1713 grandia
908 1663 991 1701 eius
1007 1671 1044 1701 et
1059 1663 1210 1713 egregia
1228 1658 1464 1701 collec'ianea
1482 1659 1529 1700 ad
1550 1656 1845 1709 Boineburgum

84 1722 210 1773 missa,
236 1724 408 1775 periere,
438 1721 532 1762 teste
548 1720 762 1762 Lelbm‘z'e'o
777 1722 817 1760 in
834 1722 933 1762 Otio
949 1724 1242 1762 Hannouerano
1261 1734 1296 1774 p.
1315 1727 1400 1773 184.
1461 1724 1497 1772 3)
1514 1718 1717 1773 Philippi
1732 1715 1845 1757 Lab-

86 1784 151 1825 hei
168 1781 407 1823 bibliotheca
423 1780 706 1833 chronologica
725 1780 959 1832 vniuersalis,
976 1783 1017 1821 in
1035 1794 1109 1836 qua
1125 1781 1162 1820 se
1173 1779 1384 1832 singulatim
1401 1790 1439 1820 et
1452 1790 1628 1820 accurate
1645 1777 1843 1819 dicturum

87 1844 234 1895 recepit
251 1841 300 1880 de
316 1840 567 1893 scriptoribus
584 1843 715 1882 omnis
736 1841 908 1894 generis,
934 1843 1000 1895 qui
1019 1840 1065 1882 ab
1084 1839 1180 1881 orbe
1197 1840 1360 1880 condito
1379 1839 1428 1879 ad
1452 1839 1694 1880 christianam
1713 1850 1843 1879 aeram

87 1912 125 1943 et
141 1916 165 1943 a
183 1899 337 1942 Christo
354 1910 448 1941 nato
466 1900 515 1940 ad
531 1901 654 1940 nostra
672 1911 849 1954 tempora
861 1932 872 1952 ‚
903 1900 1009 1942 libris
1026 1900 1249 1955 praesertim
1269 1902 1310 1940 in
1326 1899 1456 1940 lucem
1481 1900 1595 1940 editis
1613 1901 1844 1943 floruerunt,

84 1973 126 2003 vt
147 1960 226 2015 ipse
253 1957 369 2000 refert
397 1969 504 2013 parte
522 1963 546 1999 l.
566 1959 863 2012 chronologiae
886 1959 1092 2002 historicae
1117 1974 1202 2014 pag.
1221 1961 1286 2011 67.
1315 1960 1393 2000 vid.
1410 1960 1458 2000 de
1484 1960 1564 2001 hoc
1581 1957 1728 1999 Labbei
1747 1969 1843 2010 ope-

84 2035 148 2072 re,
179 2032 278 2075 quae
300 2017 478 2076 Caslymz
496 2018 773 2074 Sagittarius
798 2018 940 2074 scripfit
964 2023 1006 2061 in
1026 2020 1166 2061 Introd.
1189 2020 1236 2060 ad
1253 2019 1386 2064 histor,
1403 2019 1540 2063 eccles.
1566 2033 1649 2073 pag.
1666 2032 1750 2059 202.
1782 2038 1842 2046 —-

83 2083 129 2135 4)
153 2079 330 2122 Tltomae
348 2077 527 2137 Reimfii
552 2077 788 2120 bibliotheca
813 2094 949 2132 graeca
976 2090 1015 2120 et
1039 2077 1351 2133 supplementum
1376 2080 1655 2121 historicorum
1679 2089 1842 2131 graeco-

83 2156 193 2191 rum,
223 2140 272 2179 de
295 2152 377 2193 quo
401 2138 503 2190 legas
527 2140 567 2178 in
592 2138 765 2192 epistolis
781 2142 941 2193 Ruperti
965 2154 1008 2180 ac
1024 2139 1186 2181 Reinesxi
1202 2139 1446 2189 amoebaeis,
1478 2153 1515 2193 p,
1533 2141 1622 2192 564.
1645 2140 1731 2191 567,
1748 2151 1840 2190 579.

84 2203 185 2250 608.
201 2222 261 2230 -
290 2205 326 2251 5)
343 2198 533 2240 Emerici
547 2198 713 2254 Bigotic‘
729 2199 939 2252 Catalogus
953 2199 1185 2253 scriptorum
1201 2213 1446 2254 graecorum,
1463 2214 1580 2256 quem
1596 2213 1678 2241 non
1696 2200 1841 2241 exstare

1797 2262 1838 2299 in

127 2372 159 2408 ²⁸¹)
179 2373 212 2402 A.
227 2369 394 2402 Teifferius
417 2381 445 2412 p.
462 2380 489 2400 2.
511 2370 637 2410 catologi
652 2371 806 2402 auetorum
824 2382 852 2413 p.
871 2377 933 2408 184.
989 2372 1139 2408 sticorum,
1155 2369 1310 2408 Coloniae,
1328 2374 1413 2408 1646.
1436 2370 1481 2401 scd
1501 2370 1622 2406 (mitur,
1639 2371 1730 2406 sicuti,
1747 2381 1839 2412 quan-

85 2425 233 2457 tamquam
265 2416 373 2445 editam
401 2426 614 2445 commemorat
639 2418 692 2446 Le(
703 2419 746 2445 nis
770 2415 869 2445 Allatii
889 2417 933 2445 bi·
989 2416 1028 2445 (lo
1057 2418 1125 2446 bic.
1149 2415 1320 2446 Gerbelmm
1351 2428 1425 2458 opus
1452 2417 1488 2447 dc
1515 2416 1705 2459 scrjptorssms
1727 2417 1841 2456 graecis

82 2460 188 2492 bhoth.
202 2459 336 2501 scriptor.
351 2470 525 2498 graecorum
540 2459 739 2502 profanorum
754 2468 782 2491 et
805 2459 935 2491 echefia-
989 2460 1110 2491 edidifl'e
1126 2469 1282 2491 memorat.
