2071 2747
0 108 62 142 Ἰοῖ·
72 107 92 135 ¹-
103 106 184 142 2768
691 100 1072 141 DEPERDITORVM
1275 99 1350 137 Lib.
1360 98 1415 136 II.
1431 108 1456 138 e.
1466 95 1600 135 XXII.
1703 105 1761 142 455

103 203 241 240 lenione
268 211 299 238 et
321 201 392 238 aliis
417 200 631 237 deterioribus
655 203 763 249 poetis
785 200 831 237 illi
856 197 981 252 saepius
1004 197 1166 251 praelatis,
1218 194 1304 234 vide
1324 194 1462 233 Suidam
1485 204 1517 231 et
1537 192 1681 231 Gellium
1696 190 1753 228 lib.

105 258 209 292 XVII.
229 268 302 304 cap.
319 267 350 299 4.
404 255 511 290 Natus
527 253 571 290 est
585 252 792 303 Olympiade
811 254 896 290 CIX.
916 267 1005 290 anno
1019 265 1048 297 3,
1077 262 1250 297 mortum,
1277 249 1344 286 fiue
1362 252 1397 286 in
1412 252 1545 285 Piraeeo
1563 256 1663 297 portu
1682 243 1753 280 sub-

102 305 229 345 mersus
241 335 248 347 .
271 306 340 343 fiue
356 307 423 351 alio
439 304 510 342 fato
528 305 723 349 exstinctus,
749 305 840 354 (vide
858 304 1013 342 Vossiuin
1033 320 1101 355 cap.
1119 306 1174 340 IX.
1196 307 1271 340 artis
1287 303 1412 339 Hissor.
1433 317 1465 352 p.
1481 304 1548 346 52.)
1575 299 1753 348 Olympia-

107 360 304 405 dccxxu.
322 364 356 405 :³5-
388 351 500 396 aetatis
516 360 586 395 LII.
640 355 770 395 Confer
790 359 1034 409 prolegomena
1059 371 1176 407 graeca
1200 356 1239 392 ad
1257 355 1425 406 Aristoph.
1449 366 1481 390 et
1503 350 1753 403 inscriptionem

104 425 252 450 veterem
267 411 355 462 apud
375 413 558 448 Gruttrnm
575 425 606 461 p-
623 424 715 456 1027.
731 424 782 447 nr.
798 426 825 450 2.
853 411 1040 448 Meurfium
1063 410 1104 447 de
1127 412 1286 446 Archont.
1306 411 1426 445 Athen.
1444 410 1501 442 IV.
1520 412 1564 445 18-
1582 409 1619 440 Α.
1645 406 1753 438 Schot-

104 474 173 502 tum
189 469 274 502 vitae
291 464 424 502 Aristot.
443 475 474 501 et
492 463 669 501 Demosth.
685 475 918 514 comparatae,
944 479 974 514 p.
989 476 1041 510 92.
1069 475 1100 500 et
1119 464 1271 512 Oifilium
1286 461 1325 498 ad
1342 461 1441 498 Gellii
1459 460 1562 495 XVII.
1577 471 1620 493 21.
1648 454 1752 504 [conf.

106 519 232 567 Corfini
248 517 357 556 fastos
372 520 471 554 Attic.
486 527 569 553 tom.
582 518 638 552 IV.
654 531 687 567 p.
702 529 747 562 35.
763 530 798 566 p.
814 529 848 561 53
866 515 911 567 sq.
936 519 987 553 vbi
1003 531 1042 553 ex
1059 517 1173 556 schol,
1191 515 1446 565 Aristophanico
1461 511 1657 552 adnotatur,
1682 511 1754 545 Me-

105 570 274 608 nandrum
290 568 348 607 sub
362 572 534 608 Archonte
548 569 688 614 Diocle,
713 582 815 620 quem
832 569 886 605 alii
902 572 1017 607 redlius
1033 580 1154 606 vocant
1178 568 1368 611 Philoclen,
1399 580 1504 617 quum
1530 578 1618 600 anno
1644 565 1753 598 aetatis

106 623 380 662 duodeuicefimo
394 626 463 660 iam
480 620 668 666 excesserit,
690 625 842 672 primum
858 620 1004 659 docuisse
1020 621 1188 667 fabulam3
1216 619 1358 671 denique
1371 633 1448 670 pag.
1465 621 1520 663 76.
1549 631 1566 653 e
1583 628 1755 652 marmore

109 680 332 718 Gruteriano,
357 675 450 726 quod
468 676 631 712 Fabricius
646 678 715 711 iam
727 674 904 720 indicauit,
930 677 1028 725 (quae
1049 672 1237 723 inscriptio,
1263 672 1446 724 deprauato
1467 682 1580 707 tamen
1605 670 1755 704 Archon-

106 733 147 767 tis
164 733 322 772 nomine,
349 728 439 779 apud
455 727 615 766 eumdem
629 730 812 766 Gruterum
836 741 868 778 p.
886 737 957 775 918.
980 741 1089 764 nr.12.
1109 730 1208 764 etiam
1235 728 1406 773 occurrit‚)
1427 737 1555 760 annum
1578 723 1696 758 mortis
1719 723 1753 755 in

103 783 246 833 Olymp.
268 783 401 818 CXXII.
417 785 453 828 ³}-
476 781 651 828 collocat]
705 781 931 831 Theophrasti
953 783 1070 831 optimi
1094 780 1246 829 Magistri
1273 790 1306 816 et
1335 781 1497 814 virtutum
1527 778 1755 823 vitiorumque

106 838 270 873 notatoris
286 833 459 871 acutissimi
477 832 740 884 disertiffimique
751 831 947 884 discipulus,
971 834 1049 870 teste
1063 833 1235 883 Pamphila
1251 830 1340 883 apud
1357 832 1529 867 Laertium
1542 831 1586 865 V.
1603 830 1656 874 36.
1702 827 1755 861 In-

105 891 208 940 genio
227 890 363 926 comico
377 898 409 925 et
425 885 644 924 describendis
661 888 845 925 hominum
863 887 1013 923 moribus
1030 886 1202 929 excelluit,
1229 889 1272 922 ita
1294 895 1328 921 vt
1350 883 1562 933 Aristophani
1585 895 1604 917 a
1628 879 1755 916 Plutar-

106 944 174 978 cho
201 952 234 978 et
256 943 318 978 toti
339 939 465 991 priscae
489 940 686 978 comoediae
705 953 725 976 a
746 940 858 976 Dione
876 939 1037 988 Chrysost.
1053 940 1170 975 XVIII.
1194 953 1227 988 p.
1245 950 1310 985 255.
1332 933 1554 987 praeferretur
1569 931 1639 967 ⁰⁰⁰).
1712 933 1755 967 Et

104 994 340 1045 Aristophanes
355 997 596 1043 grammaticus
611 991 700 1045 apud
714 992 920 1030 Scholiasten
936 994 1162 1042 Hermogenis
1177 1006 1209 1041 p.
1226 999 1275 1035 38.
1299 990 1437 1027 dubium
1453 985 1535 1029 esse,
1560 989 1615 1029 ait,
1641 996 1754 1021 vtrum

108 1051 174 1084 vita
189 1046 438 1090 Menandrum,
465 1061 508 1083 an
523 1045 713 1084 Menander
726 1049 829 1082 vitam
846 1043 1035 1096 expresserit
1052 1059 1089 1081 ac
1104 1043 1296 1093 depinxerit.
1337 1039 1399 1082 ‘³'ss
1416 1035 1591 1091 Μένανδρε
1612 1034 1670 1085 mot}
1685 1036 1755 1081 131⁵,

107 1097 254 1151 πέτερος
269 1097 326 1152 02'42’
342 1098 429 1149 ὑμῶν
445 1096 610 1152 πρότερον
634 1096 850 1149 ἔμιμῆσοιτο;
905 1097 1004 1148 Apud
1026 1098 1314 1145 Abztlplzaragium
1338 1102 1472 1146 quoque
1493 1107 1526 1143 p.
1542 1105 1590 1128 22.
1613 1093 1755 1128 Menan-

109 1152 160 1189 dri
186 1167 314 1189 nomen
334 1152 590 1202 reponendum,
626 1153 681 1188 vbi
704 1150 895 1199 Mayander
917 1150 1125 1187 comoediae
1148 1153 1301 1186 inuentor
1322 1149 1516 1184 celebratur.
1582 1146 1755 1181 Praetereo

108 1206 220 1256 elogia
244 1205 423 1243 Menandri
445 1204 533 1256 apud
557 1206 715 1243 Ouidium
732 1206 757 1242 Ι.
783 1207 903 1242 Amor.
921 1207 994 1242 XV.
1019 1217 1065 1250 17.
1103 1203 1288 1239 Phaedrum
1306 1200 1374 1236 ΠΡ)
1392 1203 1434 1238 V.
1451 1214 1475 1236 1.
1516 1198 1696 1234 Manilium
1715 1197 1757 1230 V.

1624 1254 1693 1295 409
1710 1245 1756 1298 sq.

73 1361 171 1384 terum
190 1365 219 1397 p.
235 1358 303 1391 634.
319 1363 348 1394 7.
407 1355 456 1395 αι)
476 1355 670 1394 Menander,
700 1356 858 1388 Menandri
933 1353 1057 1386 Fabula
1071 1353 1200 1386 iucundi
1220 1353 1302 1384 nulla
1319 1351 1357 1394 1·st
1369 1349 1434 1393 fine
1455 1356 1560 1379 amm'e
1577 1343 1759 1380 Menandri,

22 1396 104 1435 ilius,
133 1399 334 1434 Athenicnfis,
365 1400 396 1429 in
421 1407 479 1430 vet.
493 1400 622 1442 inscript.
647 1401 726 1442 apud
749 1403 855 1431 Grute-
975 1399 1019 1429 Et
1034 1397 1114 1438 solet
1135 1398 1183 1428 liic
1201 1397 1308 1438 pueris
1323 1391 1561 1434 virginibusque
1577 1391 1648 1430 tegi.

22 1452 74 1472 um
97 1453 125 1484 p.
141 1451 210 1479 405.
233 1453 309 1483 quae
333 1443 517 1474 emendatior
538 1443 646 1482 legitur
666 1444 744 1486 apud
767 1447 856 1476 Bern-
912 1447 1103 1487 Comparatio
1127 1444 1331 1475 instituebatur
1349 1444 1425 1471 inter
1448 1437 1661 1471 Menandrum,
1690 1434 1758 1464 ΡΜ·

47 1486 90 1516 rd.
107 1486 144 1516 de
164 1485 359 1517 Montfaucon
370 1509 380 1522 ‚
402 1489 434 1517 in
449 1489 554 1517 Diario
569 1487 632 1518 Ital.
651 1499 680 1529 p.
696 1499 743 1524 43.
790 1491 857 1526 [22)
910 1490 1059 1520 lemonem
1076 1488 1250 1529 fimilesque.
1270 1486 1331 1517 vid.
1347 1483 1448 1526 paullo
1462 1481 1538 1512 infra
1553 1480 1589 1510 ad
1606 1478 1756 1521 Philistio-

32 1529 183 1561 ‘flander
198 1530 398 1566 L³⁰dl⁶e¹¹fi⁵a
421 1530 561 1562 EudOCifl
575 1534 605 1561 in
620 1531 733 1562 Vlolar-
751 1543 778 1572 s·
796 1541 856 1567 30¹-
911 1545 997 1570 nem,
1020 1541 1048 1563 et
1060 1535 1218 1562 Burmann.
1234 1531 1269 1561 ad
1287 1529 1392 1560 Valesn
1413 1527 1519 1556 locum.
1566 1521 1758 1556 Plutarchus

27 1571 156 1616 ustripfit
166 1575 364 1604 Commentar.
382 1577 412 1604 in
427 1577 626 1613 Hermogenis
642 1577 740 1612 τέχνη»
754 1584 783 1606 et
797 1578 855 1606 Mi·
909 1580 941 1608 in
965 1579 1094 1619 epitome
1119 1576 1346 1617 comparationis
1361 1570 1562 1611 Aristophanis
1585 1577 1613 1598 et
1637 1569 1756 1597 Menan-

38 1630 40 1638 ,
64 1619 124 1648 iani
140 1616 404 1658 “porvss‘⁹⁰2⁶‘.““⁷“‚
427 1618 553 1660 aliaque·
577 1619 687 1656 Harl-J
911 1622 976 1658 dri,
1001 1625 1086 1656 (tom.
1103 1622 1141 1651 11.
1162 1632 1189 1661 p.
1206 1626 1268 1654 852.
1291 1617 1310 1648 s.
1328 1625 1400 1647 tom.
1415 1616 1465 1644 lX.
1489 1615 1566 1654 Opp.
1590 1611 1659 1640 edit.
1676 1611 1753 1639 Reis-

48 1668 118 1699 σου)
141 1666 247 1696 Diouis
271 1664 370 1695 locum
391 1664 527 1696 emendat
548 1665 733 1707 explicatque
754 1665 856 1698 Henr.
910 1667 968 1702 ke,
988 1675 1018 1706 p.
1032 1670 1085 1702 387
1101 1664 1178 1706 sqq.)
1200 1671 1278 1693 totus
1293 1662 1334 1692 est
1349 1663 1380 1690 in
1397 1656 1530 1688 ornando
1550 1653 1757 1697 pratfcrendo-

37 1707 148 1750 Nestus
171 1710 202 1738 in
226 1708 389 1739 Emendatt.
410 1707 462 1738 lib.
480 1719 514 1738 11.
537 1720 599 1751 cap.
616 1713 643 1739 6.
676 1721 741 1751 pag.
762 1719 799 1746 54
815 1710 856 1751 sq.
909 1720 967 1751 que
989 1708 1171 1740 Menandr0;
1196 1709 1225 1737 in
1249 1708 1293 1736 his
1315 1715 1379 1746 pag.
1397 1712 1450 1739 390
1469 1700 1508 1741 sq.
1531 1711 1616 1735 eum,
1648 1697 1759 1732 scribit,

72 1759 120 1789 et,
142 1752 301 1782 Menandri
316 1752 484 1782 comoedias
501 1752 573 1783 olim
594 1756 625 1783 in
642 1752 748 1784 scholis
765 1753 859 1784 decla·
910 1764 976 1782 cum
990 1753 1139 1782 venustate
1155 1750 1280 1793 quadam
1295 1750 1404 1788 vbique
1421 1745 1447 1775 se
1468 1752 1582 1782 gratum
1598 1750 1759 1784 aptumque

34 1817 35 1822 ,
57 1797 128 1826 iet
141 1796 257 1826 aetitari
275 1795 374 1826 solitas
395 1795 468 1833 effe,
492 1805 650 1838 propterea
672 1798 753 1838 quod
775 1800 860 1827 miri-
909 1795 1092 1832 exhibuisse,
1135 1798 1165 1825 in
1195 1795 1333 1828 theatris,
1376 1789 1553 1830 colloquiis,
1595 1789 1758 1817 conuiuiis:

77 1840 236 1881 composita
260 1839 328 1870 esset
352 1843 449 1870 oratio
470 1842 505 1870 ad
529 1841 639 1879 gestum
657 1849 687 1872 et
699 1843 860 1877 afiionem,
911 1840 1051 1881 suamque
1073 1840 1171 1881 poesin
1194 1841 1234 1868 ita
1255 1833 1466 1877 composuisse,
1490 1841 1522 1863 vt
1545 1830 1612 1862 cisat
1627 1840 1758 1859 comnin-

43 1900 46 1906 -
71 1891 112 1913 ·te
134 1893 209 1924 quae
230 1882 324 1914 soluta
346 1883 415 1914 effet
439 1885 548 1925 absque
569 1884 720 1925 particulis
741 1893 770 1915 et
790 1896 859 1915 con·
911 1884 1042 1914 niffimus
1065 1886 1217 1915 omninum
1248 1891 1321 1922 quae
1345 1879 1467 1908 Graecia
1488 1876 1574 1911 tulit,
1610 1875 1758 1904 bonorum

44 1940 46 1949 ν
70 1927 226 1962 ionibus,
255 1935 288 1957 vt
311 1936 393 1958 notat
418 1926 583 1970 Dionysius
605 1927 862 1970 Halicarnaffeus
912 1930 1177 1962 commentarium,
1202 1928 1253 1967 qui
1269 1923 1426 1963 legeretur,
1450 1920 1626 1954 disceretur,
1651 1928 1679 1947 cr
1695 1928 1761 1955 agc-

47 1967 132 2001 &bro
148 1970 210 2011 πιρὶ
221 1968 368 2010 ἑρμηνείας,
392 1974 423 2001 in
437 1973 533 2013 capite
547 1972 722 2012 πιρίἰσχνὲ,
744 1983 780 2003 ex
797 1983 859 2014 quo
912 1980 995 2002 retur
1010 1973 1152 2001 certatim.
1175 1986 1218 1992 —
1240 1984 1284 1992 —·
1313 1965 1470 1998 Menandri
1487 1963 1654 1995 comoedias
1670 1961 1762 2003 siuri-

92 2012 186 2044 Iucem
204 2014 334 2044 Valesius
348 2013 485 2045 adfundi:
499 2017 609 2052 Dioni,
632 2023 680 2052 et,
702 2017 796 2058 (quod
818 2019 861 2046 ait
913 2026 979 2046 mos
1007 2015 1116 2045 habere
1140 2013 1293 2054 sacrcsque
1314 2012 1404 2045 sales,
1433 2018 1583 2050 tamquam
1611 2018 1647 2036 eo
1679 2014 1762 2035 natos

62 2072 64 2079 ·
80 2067 129 2088 ·ue
139 2057 320 2089 Demetrius
335 2058 371 2088 de
389 2058 587 2100 Eloquutione
601 2057 627 2100 §
637 2064 713 2098 197.)
728 2060 860 2097 adnotat,
913 2060 1007 2094 mari,
1035 2057 1115 2099 quod
1131 2067 1268 2088 venerem
1290 2054 1415 2097 protulit
1435 2062 1488 2083 etc.
1521 2067 1559 2076 -
1590 2053 1684 2092 Atque
1708 2051 1761 2079 ho-

57 2120 59 2122 ·
83 2118 93 2125 υ
108 2101 185 2138 =dri,
207 2104 349 2138 λελυμένε
371 2104 397 2132 ἓν
417 2107 473 2132 τοῖς
492 2100 630 2140 πλάςοις,
653 2102 767 2134 fabulas
788 2105 862 2135 afti-
914 2114 970 2133 nor
985 2101 1029 2133 illi
1045 2103 1186 2141 contigit,
1209 2108 1240 2130 vt
1258 2100 1377 2130 Athenis
1390 2099 1420 2127 in
1434 2099 1550 2128 theatro
1574 2096 1664 2126 statua
1683 2093 1762 2124 illius

0 2185 5 2197 1
55 2161 57 2164 v
97 2143 200 2182 fuiffe,
218 2145 401 2177 Philemonis
415 2154 513 2176 autem
528 2147 698 2178 comoedias
718 2155 793 2178 totas
817 2150 860 2178 in·
913 2153 1091 2188 poneretur,
1115 2146 1184 2174 teste
1201 2141 1361 2184 Pauſsmia
1377 2140 1428 2172 lib.
1443 2143 1467 2171 Ι.
1488 2151 1550 2183 cap.
1568 2149 1609 2170 21.
1635 2149 1699 2182 pag.
1717 2143 1764 2173 48·

0 2195 8 2202 '¹
37 2227 39 2230 Α
65 2185 256 2219 &connexas
278 2199 307 2219 et
328 2190 587 2221 coniunfflonibus
608 2190 862 2232 frequentioribus
915 2190 966 2220 vbi
981 2190 1042 2219 vid.
1059 2189 1154 2219 Kiihn.
1180 2187 1274 2218 Harl.

49 2247 64 2257 ν
107 2239 161 2262 tas
177 2233 383 2275 firmatasque,
402 2233 528 2264 leffium
543 2233 592 2264 seu
607 2236 775 2265 recitationi
791 2234 861 2267 fuis·
956 2235 1037 2274 ppp)
1062 2231 1218 2262 Menandri
1232 2230 1335 2260 luxum
1351 2231 1383 2260 iu
1398 2228 1526 2260 vestibus
1545 2234 1661 2270 praeter
1676 2226 1764 2256 Phae-

59 2275 283 2307 commodiores.
324 2279 404 2307 Hinc
419 2285 534 2308 veteres
548 2279 682 2309 rhetores
700 2286 788 2321 atque
803 2278 864 2309 elo·
916 2276 1003 2307 dmm
1019 2277 1189 2318 perstrinxit
1207 2277 1294 2305 etiam
1309 2273 1516 2304 Tertullianus
1533 2281 1593 2313 cap.
1605 2281 1633 2307 4.
1651 2270 1685 2299 de
1702 2268 1764 2299 Pal-

38 2348 44 2361 Ι
67 2335 76 2341 -
102 2319 150 2348 :e
175 2321 305 2358 magistri
339 2323 439 2362 pueris
462 2329 490 2352 et
512 2322 678 2361 virginibus
705 2324 737 2352 in
758 2324 863 2364 primis
915 2320 975 2351 lio:
995 2319 1161 2362 proisussi
1177 2319 1246 2360 quis
1261 2317 1466 2349 Menandrico
1482 2316 1577 2358 fluxu
1599 2314 1766 2346 delicatam

1 2404 5 2410 ἱ
39 2376 64 2414 J,-
94 2377 105 2386 ·’
122 2373 204 2394 mum
223 2372 253 2394 et
279 2363 466 2396 ediscendum
489 2365 616 2403 dabant,
647 2368 677 2396 in
699 2365 864 2408 scholisque
916 2364 1023 2407 vestem
1039 2362 1123 2394 humi·
1137 2360 1319 2403 protrahat.
1350 2364 1432 2392 Hanc
1446 2363 1524 2391 enim
1541 2359 1698 2390 leetionem
1715 2368 1764 2387 cc-

0 2415 4 2423 *
40 2434 47 2447 ,
75 2447 83 2454 .
121 2405 219 2439 .ebant
246 2408 453 2440 Menandrum.
513 2409 605 2442 Ouid.
621 2412 658 2442 Η.
679 2411 774 2443 Tn'st.
795 2419 864 2450 370.
917 2408 990 2438 dicis
1012 2408 1087 2437 MSti
1110 2415 1138 2436 ct
1163 2408 1350 2446 antiquarum
1364 2405 1548 2437 Tertulliani
1568 2404 1733 2433 editionum
1748 2411 1764 2431 e

41 2445 162 2482 hvid.
175 2451 333 2485 Burmann.
347 2453 390 2493 1.)
916 2450 1051 2485 Phaedro
1078 2451 1185 2483 adserit
1212 2449 1383 2490 Saluianus,
1419 2460 1512 2494 quum
1535 2448 1631 2481 cerda
1652 2456 1679 2477 et
1702 2446 1764 2482 alii,

86 2515 90 2520 ·
1657 2491 1765 2522 tectiu-
