<?xml version="1.0" encoding="UTF-8"?>
<!DOCTYPE html PUBLIC "-//W3C//DTD XHTML 1.0 Transitional//EN"
    "http://www.w3.org/TR/xhtml1/DTD/xhtml1-transitional.dtd">
<html xmlns="http://www.w3.org/1999/xhtml" xml:lang="en" lang="en">
 <head>
  <title>
</title>
<meta http-equiv="Content-Type" content="text/html;charset=utf-8" />
  <meta name='ocr-system' content='tesseract 3.04.00' />
  <meta name='ocr-capabilities' content='ocr_page ocr_carea ocr_par ocr_line ocrx_word'/>
</head>
<body>
  <div class='ocr_page' id='page_1' title='image "./bibliothecagraec01fabruoft_0757.png"; bbox 0 0 2183 2747; ppageno 0'>
   <div class='ocr_carea' id='block_1_1' title="bbox 82 106 1661 153">
    <p class='ocr_par' dir='ltr' id='par_1_1' title="bbox 82 106 1661 153">
     <span class='ocr_line' id='line_1_1' title="bbox 82 106 1661 153; baseline 0.013 -20"><span class='ocrx_word' id='word_1_1' title='bbox 82 106 262 143; x_wconf 68' lang='lat' dir='ltr'>v01.1.p.4⁴3</span> <span class='ocrx_word' id='word_1_2' title='bbox 631 108 905 148; x_wconf 79' lang='lat' dir='ltr'><strong>PHOCYUDIS</strong></span> <span class='ocrx_word' id='word_1_3' title='bbox 943 108 1255 147; x_wconf 58' lang='lat' dir='ltr'>SENTENTmF..</span> <span class='ocrx_word' id='word_1_4' title='bbox 1428 113 1497 149; x_wconf 51' lang='lat' dir='ltr'>Lis.</span> <span class='ocrx_word' id='word_1_5' title='bbox 1518 116 1569 152; x_wconf 82' lang='lat' dir='ltr'>II.</span> <span class='ocrx_word' id='word_1_6' title='bbox 1585 130 1607 151; x_wconf 77' lang='lat' dir='ltr'>r.</span> <span class='ocrx_word' id='word_1_7' title='bbox 1626 132 1661 153; x_wconf 80' lang='grc' dir='ltr'>ιι.</span> 
     </span>
    </p>
   </div>
   <div class='ocr_carea' id='block_1_2' title="bbox 1767 136 1825 169">
    <p class='ocr_par' dir='ltr' id='par_1_2' title="bbox 1767 136 1825 169">
     <span class='ocr_line' id='line_1_2' title="bbox 1767 136 1825 169; baseline 0.017 -10"><span class='ocrx_word' id='word_1_8' title='bbox 1767 136 1825 169; x_wconf 65' lang='lat'>7²¹</span> 
     </span>
    </p>
   </div>
   <div class='ocr_carea' id='block_1_3' title="bbox 75 144 264 159">
    <p class='ocr_par' dir='ltr' id='par_1_3' title="bbox 75 144 264 159">
     <span class='ocr_line' id='line_1_3' title="bbox 75 144 264 159; baseline 0 0"><span class='ocrx_word' id='word_1_9' title='bbox 75 144 264 159; x_wconf 95' lang='lat' dir='ltr'> </span> 
     </span>
    </p>
   </div>
   <div class='ocr_carea' id='block_1_4' title="bbox 59 202 1823 1627">
    <p class='ocr_par' dir='ltr' id='par_1_4' title="bbox 67 202 1823 947">
     <span class='ocr_line' id='line_1_4' title="bbox 76 202 1822 256; baseline 0.008 -16"><span class='ocrx_word' id='word_1_10' title='bbox 76 217 173 242; x_wconf 85' lang='lat' dir='ltr'>mens</span> <span class='ocrx_word' id='word_1_11' title='bbox 189 205 281 243; x_wconf 80' lang='lat' dir='ltr'>Alex.</span> <span class='ocrx_word' id='word_1_12' title='bbox 297 215 329 242; x_wconf 89' lang='lat' dir='ltr'>et</span> <span class='ocrx_word' id='word_1_13' title='bbox 343 204 514 248; x_wconf 74' lang='lat' dir='ltr'>StobaeuS,</span> <span class='ocrx_word' id='word_1_14' title='bbox 543 207 576 240; x_wconf 89' lang='lat' dir='ltr'>in</span> <span class='ocrx_word' id='word_1_15' title='bbox 595 204 766 245; x_wconf 67' lang='grc' dir='ltr'>νεθετικῶ</span> <span class='ocrx_word' id='word_1_16' title='bbox 780 203 894 241; x_wconf 80' lang='lat' dir='ltr'>nostro</span> <span class='ocrx_word' id='word_1_17' title='bbox 912 202 1030 241; x_wconf 79' lang='lat' dir='ltr'>frustra</span> <span class='ocrx_word' id='word_1_18' title='bbox 1047 218 1194 255; x_wconf 81' lang='lat' dir='ltr'>quaeres,</span> <span class='ocrx_word' id='word_1_19' title='bbox 1232 206 1421 254; x_wconf 76' lang='lat' dir='ltr'>Themistius</span> <span class='ocrx_word' id='word_1_20' title='bbox 1437 212 1647 250; x_wconf 84' lang='lat' dir='ltr'>ePhocvlide</span> <span class='ocrx_word' id='word_1_21' title='bbox 1665 215 1771 253; x_wconf 76' lang='lat' dir='ltr'>laudat</span> <span class='ocrx_word' id='word_1_22' title='bbox 1790 223 1822 256; x_wconf 83' lang='lat' dir='ltr'>in</span> 
     </span>
     <span class='ocr_line' id='line_1_5' title="bbox 75 250 1823 312; baseline 0.006 -19"><span class='ocrx_word' id='word_1_23' title='bbox 75 268 158 293; x_wconf 83' lang='lat' dir='ltr'>orat.</span> <span class='ocrx_word' id='word_1_24' title='bbox 175 270 224 302; x_wconf 77' lang='lat'>24.</span> <span class='ocrx_word' id='word_1_25' title='bbox 241 257 280 294; x_wconf 86' lang='lat' dir='ltr'>ad</span> <span class='ocrx_word' id='word_1_26' title='bbox 299 254 570 294; x_wconf 77' lang='lat' dir='ltr'>Nicomedienses</span> <span class='ocrx_word' id='word_1_27' title='bbox 587 272 620 307; x_wconf 87' lang='lat' dir='ltr'>p.</span> <span class='ocrx_word' id='word_1_28' title='bbox 639 270 714 304; x_wconf 80' lang='lat'>307.</span> <span class='ocrx_word' id='word_1_29' title='bbox 743 250 796 298; x_wconf 59' lang='lat' dir='ltr'>gr}</span> <span class='ocrx_word' id='word_1_30' title='bbox 813 255 944 310; x_wconf 61' lang='grc' dir='ltr'>σμικροὶ</span> <span class='ocrx_word' id='word_1_31' title='bbox 958 255 1063 298; x_wconf 71' lang='grc' dir='ltr'><strong><em>πόλις</em></strong></span> <span class='ocrx_word' id='word_1_32' title='bbox 1079 255 1176 308; x_wconf 60' lang='grc' dir='ltr'>μετά</span> <span class='ocrx_word' id='word_1_33' title='bbox 1193 259 1384 311; x_wconf 66' lang='grc' dir='ltr'><em>φρονήσεως</em></span> <span class='ocrx_word' id='word_1_34' title='bbox 1403 263 1459 302; x_wconf 71' lang='grc' dir='ltr'>ἐπὶ</span> <span class='ocrx_word' id='word_1_35' title='bbox 1482 251 1639 307; x_wconf 56' lang='lat' dir='ltr'>enov&#39;re‘ae</span> <span class='ocrx_word' id='word_1_36' title='bbox 1659 274 1823 312; x_wconf 65' lang='grc' dir='ltr'>κατοκκξ.</span> 
     </span>
     <span class='ocr_line' id='line_1_6' title="bbox 76 307 1822 370; baseline 0.002 -21"><span class='ocrx_word' id='word_1_37' title='bbox 76 326 126 349; x_wconf 71' lang='grc' dir='ltr'>σα.</span> <span class='ocrx_word' id='word_1_38' title='bbox 141 307 303 362; x_wconf 56' lang='grc' dir='ltr'>κρείττων</span> <span class='ocrx_word' id='word_1_39' title='bbox 319 313 400 352; x_wconf 66' lang='lat' dir='ltr'>Nive</span> <span class='ocrx_word' id='word_1_40' title='bbox 418 307 626 361; x_wconf 69' lang='grc' dir='ltr'>α’φξονέσης.</span> <span class='ocrx_word' id='word_1_41' title='bbox 682 313 793 361; x_wconf 83' lang='lat' dir='ltr'>ltaque</span> <span class='ocrx_word' id='word_1_42' title='bbox 812 312 966 359; x_wconf 63' lang='lat' dir='ltr'>Isfiplzur</span> <span class='ocrx_word' id='word_1_43' title='bbox 979 312 1124 360; x_wconf 79' lang='lat' dir='ltr'><em>Scaliger</em></span> <span class='ocrx_word' id='word_1_44' title='bbox 1140 311 1179 347; x_wconf 89' lang='lat' dir='ltr'>ad</span> <span class='ocrx_word' id='word_1_45' title='bbox 1196 311 1370 349; x_wconf 83' lang='lat' dir='ltr'>Eusebium</span> <span class='ocrx_word' id='word_1_46' title='bbox 1391 328 1420 364; x_wconf 88' lang='lat' dir='ltr'>p.</span> <span class='ocrx_word' id='word_1_47' title='bbox 1437 321 1494 361; x_wconf 84' lang='lat'>96.</span> <span class='ocrx_word' id='word_1_48' title='bbox 1511 318 1604 362; x_wconf 78' lang='lat' dir='ltr'>Noli,</span> <span class='ocrx_word' id='word_1_49' title='bbox 1624 322 1741 370; x_wconf 65' lang='lat' dir='ltr'>inquis,</span> <span class='ocrx_word' id='word_1_50' title='bbox 1761 338 1822 370; x_wconf 68' lang='lat' dir='ltr'>pu.</span> 
     </span>
     <span class='ocr_line' id='line_1_7' title="bbox 75 361 1822 416; baseline 0.005 -17"><span class='ocrx_word' id='word_1_51' title='bbox 75 369 148 399; x_wconf 77' lang='lat' dir='ltr'>tare</span> <span class='ocrx_word' id='word_1_52' title='bbox 161 367 216 399; x_wconf 82' lang='lat' dir='ltr'>hoc</span> <span class='ocrx_word' id='word_1_53' title='bbox 233 377 359 400; x_wconf 76' lang='lat' dir='ltr'>tarmen</span> <span class='ocrx_word' id='word_1_54' title='bbox 374 366 459 400; x_wconf 74' lang='lat' dir='ltr'>illius</span> <span class='ocrx_word' id='word_1_55' title='bbox 476 364 668 413; x_wconf 74' lang='lat' dir='ltr'>Phocylidac</span> <span class='ocrx_word' id='word_1_56' title='bbox 684 363 748 412; x_wconf 82' lang='lat' dir='ltr'>effe,</span> <span class='ocrx_word' id='word_1_57' title='bbox 766 365 832 412; x_wconf 81' lang='lat' dir='ltr'>sed</span> <span class='ocrx_word' id='word_1_58' title='bbox 846 361 1004 414; x_wconf 62' lang='grc' dir='ltr'>οἱινωνῦμε</span> <span class='ocrx_word' id='word_1_59' title='bbox 1018 363 1201 412; x_wconf 57' lang='lat' dir='ltr'>Christiani.</span> <span class='ocrx_word' id='word_1_60' title='bbox 1257 366 1305 401; x_wconf 88' lang='lat' dir='ltr'>Et</span> <span class='ocrx_word' id='word_1_61' title='bbox 1317 368 1460 416; x_wconf 71' lang='lat' dir='ltr'>fortqffe</span> <span class='ocrx_word' id='word_1_62' title='bbox 1469 370 1584 416; x_wconf 84' lang='lat' dir='ltr'>fuerit</span> <span class='ocrx_word' id='word_1_63' title='bbox 1604 374 1682 409; x_wconf 74' lang='lat' dir='ltr'>idem</span> <span class='ocrx_word' id='word_1_64' title='bbox 1708 377 1822 413; x_wconf 57' lang='lat' dir='ltr'>nuffar</span> 
     </span>
     <span class='ocr_line' id='line_1_8' title="bbox 74 415 1822 474; baseline 0.006 -24"><span class='ocrx_word' id='word_1_65' title='bbox 74 427 143 451; x_wconf 81' lang='lat' dir='ltr'>eum</span> <span class='ocrx_word' id='word_1_66' title='bbox 160 417 215 452; x_wconf 68' lang='lat' dir='ltr'>illo</span> <span class='ocrx_word' id='word_1_67' title='bbox 231 417 428 452; x_wconf 79' lang='lat' dir='ltr'>Naumachio</span> <span class='ocrx_word' id='word_1_68' title='bbox 446 420 487 459; x_wconf 81' lang='lat'>⁰),</span> <span class='ocrx_word' id='word_1_69' title='bbox 513 419 567 463; x_wconf 76' lang='lat' dir='ltr'>qui</span> <span class='ocrx_word' id='word_1_70' title='bbox 586 416 802 466; x_wconf 74' lang='lat' dir='ltr'>Christianum</span> <span class='ocrx_word' id='word_1_71' title='bbox 818 430 942 452; x_wconf 80' lang='lat' dir='ltr'>carmen</span> <span class='ocrx_word' id='word_1_72' title='bbox 958 415 1271 466; x_wconf 62' lang='lat' dir='ltr'>ngex-mo&#39;vfimpstt</span> <span class='ocrx_word' id='word_1_73' title='bbox 1287 419 1325 454; x_wconf 84' lang='lat' dir='ltr'>de</span> <span class='ocrx_word' id='word_1_74' title='bbox 1343 420 1384 455; x_wconf 90' lang='lat' dir='ltr'><em>V</em></span> <span class='ocrx_word' id='word_1_75' title='bbox 1382 423 1563 470; x_wconf 81' lang='lat' dir='ltr'>irginitate.</span> <span class='ocrx_word' id='word_1_76' title='bbox 1617 425 1730 474; x_wconf 79' lang='lat' dir='ltr'>Neque</span> <span class='ocrx_word' id='word_1_77' title='bbox 1746 441 1822 466; x_wconf 79' lang='lat' dir='ltr'>vero</span> 
     </span>
     <span class='ocr_line' id='line_1_9' title="bbox 67 469 1818 528; baseline 0.008 -25"><span class='ocrx_word' id='word_1_78' title='bbox 67 476 156 515; x_wconf 79' lang='lat' dir='ltr'>puto</span> <span class='ocrx_word' id='word_1_79' title='bbox 170 470 269 505; x_wconf 73' lang='lat' dir='ltr'>ullius</span> <span class='ocrx_word' id='word_1_80' title='bbox 283 477 425 505; x_wconf 78' lang='lat' dir='ltr'>veterum</span> <span class='ocrx_word' id='word_1_81' title='bbox 445 481 569 504; x_wconf 76' lang='lat' dir='ltr'>carmen</span> <span class='ocrx_word' id='word_1_82' title='bbox 584 469 720 516; x_wconf 60' lang='lat' dir='ltr'>exstare,</span> <span class='ocrx_word' id='word_1_83' title='bbox 746 470 834 518; x_wconf 85' lang='lat' dir='ltr'>quod</span> <span class='ocrx_word' id='word_1_84' title='bbox 849 483 918 504; x_wconf 82' lang='lat' dir='ltr'>cum</span> <span class='ocrx_word' id='word_1_85' title='bbox 934 472 1020 520; x_wconf 77' lang='lat' dir='ltr'>poeſs</span> <span class='ocrx_word' id='word_1_86' title='bbox 1032 473 1129 505; x_wconf 77' lang='lat' dir='ltr'>huius</span> <span class='ocrx_word' id='word_1_87' title='bbox 1145 471 1345 520; x_wconf 73' lang='lat' dir='ltr'>Pbocylidis,</span> <span class='ocrx_word' id='word_1_88' title='bbox 1360 473 1396 522; x_wconf 81' lang='lat' dir='ltr'><em>st</em></span> <span class='ocrx_word' id='word_1_89' title='bbox 1408 475 1501 509; x_wconf 82' lang='lat' dir='ltr'>modo</span> <span class='ocrx_word' id='word_1_90' title='bbox 1518 478 1545 511; x_wconf 84' lang='lat' dir='ltr'>ei</span> <span class='ocrx_word' id='word_1_91' title='bbox 1561 488 1673 513; x_wconf 76' lang='lat' dir='ltr'>nomen</span> <span class='ocrx_word' id='word_1_92' title='bbox 1689 481 1818 528; x_wconf 81' lang='lat' dir='ltr'>idfuit,</span> 
     </span>
     <span class='ocr_line' id='line_1_10' title="bbox 73 522 1819 574; baseline 0.009 -19"><span class='ocrx_word' id='word_1_93' title='bbox 73 527 133 556; x_wconf 74' lang='lat' dir='ltr'>aut</span> <span class='ocrx_word' id='word_1_94' title='bbox 149 522 323 570; x_wconf 77' lang='lat' dir='ltr'>elegantia,</span> <span class='ocrx_word' id='word_1_95' title='bbox 350 529 406 556; x_wconf 79' lang='lat' dir='ltr'>aut</span> <span class='ocrx_word' id='word_1_96' title='bbox 427 524 551 561; x_wconf 78' lang='lat' dir='ltr'>nitore,</span> <span class='ocrx_word' id='word_1_97' title='bbox 584 529 640 557; x_wconf 78' lang='lat' dir='ltr'>aut</span> <span class='ocrx_word' id='word_1_98' title='bbox 663 524 750 557; x_wconf 76' lang='lat' dir='ltr'>cultu</span> <span class='ocrx_word' id='word_1_99' title='bbox 773 524 945 558; x_wconf 80' lang='lat' dir='ltr'>verborum</span> <span class='ocrx_word' id='word_1_100' title='bbox 967 524 1108 571; x_wconf 64' lang='lat' dir='ltr'>conferri</span> <span class='ocrx_word' id='word_1_101' title='bbox 1126 523 1228 570; x_wconf 80' lang='lat' dir='ltr'>poffit.</span> <span class='ocrx_word' id='word_1_102' title='bbox 1288 524 1444 574; x_wconf 88' lang='lat' dir='ltr'>Scaligeri</span> <span class='ocrx_word' id='word_1_103' title='bbox 1471 526 1594 564; x_wconf 90' lang='lat' dir='ltr'>iudicio</span> <span class='ocrx_word' id='word_1_104' title='bbox 1616 527 1819 571; x_wconf 87' lang='lat' dir='ltr'>subscribunt</span> 
     </span>
     <span class='ocr_line' id='line_1_11' title="bbox 71 572 1818 626; baseline 0.007 -17"><span class='ocrx_word' id='word_1_105' title='bbox 71 572 199 609; x_wconf 68' lang='lat' dir='ltr'>Daniel</span> <span class='ocrx_word' id='word_1_106' title='bbox 211 575 363 624; x_wconf 72' lang='lat' dir='ltr'>Heinstus</span> <span class='ocrx_word' id='word_1_107' title='bbox 378 577 496 610; x_wconf 83' lang='lat' dir='ltr'>Exere.</span> <span class='ocrx_word' id='word_1_108' title='bbox 517 576 603 610; x_wconf 89' lang='lat' dir='ltr'>Sacr.</span> <span class='ocrx_word' id='word_1_109' title='bbox 619 573 659 610; x_wconf 91' lang='lat' dir='ltr'>ad</span> <span class='ocrx_word' id='word_1_110' title='bbox 678 576 780 611; x_wconf 87' lang='lat' dir='ltr'>Hebr.</span> <span class='ocrx_word' id='word_1_111' title='bbox 802 577 858 611; x_wconf 93' lang='lat' dir='ltr'>IV.</span> <span class='ocrx_word' id='word_1_112' title='bbox 877 588 920 612; x_wconf 86' lang='lat'>12.</span> <span class='ocrx_word' id='word_1_113' title='bbox 937 585 968 611; x_wconf 91' lang='lat' dir='ltr'>et</span> <span class='ocrx_word' id='word_1_114' title='bbox 989 575 1029 612; x_wconf 89' lang='lat' dir='ltr'>ad</span> <span class='ocrx_word' id='word_1_115' title='bbox 1051 576 1278 612; x_wconf 82' lang='lat' dir='ltr'>Theocritum</span> <span class='ocrx_word' id='word_1_116' title='bbox 1305 590 1339 626; x_wconf 89' lang='lat' dir='ltr'>p.</span> <span class='ocrx_word' id='word_1_117' title='bbox 1363 591 1413 614; x_wconf 89' lang='lat'>20.</span> <span class='ocrx_word' id='word_1_118' title='bbox 1444 581 1584 617; x_wconf 73' lang='lat' dir='ltr'>Huetiur</span> <span class='ocrx_word' id='word_1_119' title='bbox 1606 581 1818 624; x_wconf 78' lang='lat' dir='ltr'>demonstrat.</span> 
     </span>
     <span class='ocr_line' id='line_1_12' title="bbox 71 625 1818 686; baseline 0.008 -25"><span class='ocrx_word' id='word_1_120' title='bbox 71 626 223 675; x_wconf 85' lang='lat' dir='ltr'>euangel.</span> <span class='ocrx_word' id='word_1_121' title='bbox 241 629 341 675; x_wconf 84' lang='lat' dir='ltr'>Prop.</span> <span class='ocrx_word' id='word_1_122' title='bbox 361 629 417 663; x_wconf 80' lang='lat' dir='ltr'>lv.</span> <span class='ocrx_word' id='word_1_123' title='bbox 447 640 516 676; x_wconf 89' lang='lat' dir='ltr'>cap.</span> <span class='ocrx_word' id='word_1_124' title='bbox 539 639 564 665; x_wconf 84' lang='lat'>2.</span> <span class='ocrx_word' id='word_1_125' title='bbox 585 625 615 677; x_wconf 81' lang='lat'>§.</span> <span class='ocrx_word' id='word_1_126' title='bbox 633 630 689 663; x_wconf 90' lang='lat'>66.</span> <span class='ocrx_word' id='word_1_127' title='bbox 720 640 750 676; x_wconf 92' lang='lat' dir='ltr'>p.</span> <span class='ocrx_word' id='word_1_128' title='bbox 765 639 822 670; x_wconf 82' lang='lat'>¹13.</span> <span class='ocrx_word' id='word_1_129' title='bbox 839 638 870 663; x_wconf 85' lang='lat' dir='ltr'>et</span> <span class='ocrx_word' id='word_1_130' title='bbox 889 631 969 669; x_wconf 86' lang='lat'>608.</span> <span class='ocrx_word' id='word_1_131' title='bbox 993 630 1090 677; x_wconf 89' lang='lat' dir='ltr'>Prop.</span> <span class='ocrx_word' id='word_1_132' title='bbox 1108 630 1180 663; x_wconf 88' lang='lat' dir='ltr'>Vll.</span> <span class='ocrx_word' id='word_1_133' title='bbox 1203 629 1304 677; x_wconf 82' lang='lat'>§.15.</span> <span class='ocrx_word' id='word_1_134' title='bbox 1328 641 1358 666; x_wconf 85' lang='lat' dir='ltr'>et</span> <span class='ocrx_word' id='word_1_135' title='bbox 1380 631 1531 668; x_wconf 79' lang='lat' dir='ltr'>Alnetan.</span> <span class='ocrx_word' id='word_1_136' title='bbox 1555 635 1677 683; x_wconf 80' lang='lat' dir='ltr'>quaest.</span> <span class='ocrx_word' id='word_1_137' title='bbox 1702 651 1731 686; x_wconf 88' lang='lat' dir='ltr'>p.</span> <span class='ocrx_word' id='word_1_138' title='bbox 1749 642 1818 683; x_wconf 84' lang='lat'>136.</span> 
     </span>
     <span class='ocr_line' id='line_1_13' title="bbox 73 677 1815 742; baseline 0.007 -28"><span class='ocrx_word' id='word_1_139' title='bbox 73 677 206 724; x_wconf 82' lang='lat' dir='ltr'>Vuffius</span> <span class='ocrx_word' id='word_1_140' title='bbox 219 678 260 714; x_wconf 87' lang='lat' dir='ltr'>de</span> <span class='ocrx_word' id='word_1_141' title='bbox 277 681 382 728; x_wconf 73' lang='lat' dir='ltr'>poetis</span> <span class='ocrx_word' id='word_1_142' title='bbox 397 681 522 729; x_wconf 83' lang='lat' dir='ltr'>graecis</span> <span class='ocrx_word' id='word_1_143' title='bbox 539 693 570 728; x_wconf 93' lang='lat' dir='ltr'>p.</span> <span class='ocrx_word' id='word_1_144' title='bbox 588 690 637 714; x_wconf 86' lang='lat'>22.</span> <span class='ocrx_word' id='word_1_145' title='bbox 654 690 685 714; x_wconf 91' lang='lat' dir='ltr'>et</span> <span class='ocrx_word' id='word_1_146' title='bbox 702 680 742 715; x_wconf 91' lang='lat' dir='ltr'>de</span> <span class='ocrx_word' id='word_1_147' title='bbox 760 677 972 729; x_wconf 85' lang='lat' dir='ltr'>philosophia</span> <span class='ocrx_word' id='word_1_148' title='bbox 991 694 1020 729; x_wconf 89' lang='lat' dir='ltr'>p.</span> <span class='ocrx_word' id='word_1_149' title='bbox 1041 684 1115 725; x_wconf 83' lang='lat'>136.</span> <span class='ocrx_word' id='word_1_150' title='bbox 1133 679 1204 716; x_wconf 84' lang='lat' dir='ltr'>libr.</span> <span class='ocrx_word' id='word_1_151' title='bbox 1221 681 1260 716; x_wconf 90' lang='lat' dir='ltr'>ll.</span> <span class='ocrx_word' id='word_1_152' title='bbox 1278 695 1349 730; x_wconf 87' lang='lat' dir='ltr'>cap.</span> <span class='ocrx_word' id='word_1_153' title='bbox 1365 695 1396 726; x_wconf 80' lang='lat'>4.</span> <span class='ocrx_word' id='word_1_154' title='bbox 1415 684 1446 732; x_wconf 83' lang='lat'>§.</span> <span class='ocrx_word' id='word_1_155' title='bbox 1465 696 1493 729; x_wconf 83' lang='lat'>3.</span> <span class='ocrx_word' id='word_1_156' title='bbox 1524 687 1596 722; x_wconf 79' lang='lat' dir='ltr'>Jolz.</span> <span class='ocrx_word' id='word_1_157' title='bbox 1613 690 1759 726; x_wconf 64' lang='lat' dir='ltr'>Reii-kim</span> <span class='ocrx_word' id='word_1_158' title='bbox 1783 706 1815 742; x_wconf 91' lang='lat' dir='ltr'>p.</span> 
     </span>
     <span class='ocr_line' id='line_1_14' title="bbox 70 730 1817 790; baseline 0.007 -23"><span class='ocrx_word' id='word_1_159' title='bbox 70 733 123 775; x_wconf 83' lang='lat'>67.</span> <span class='ocrx_word' id='word_1_160' title='bbox 146 731 186 767; x_wconf 88' lang='lat' dir='ltr'>de</span> <span class='ocrx_word' id='word_1_161' title='bbox 206 732 391 777; x_wconf 77' lang='lat' dir='ltr'>Sibyllinis,</span> <span class='ocrx_word' id='word_1_162' title='bbox 420 733 587 779; x_wconf 79' lang='lat' dir='ltr'>Georgius</span> <span class='ocrx_word' id='word_1_163' title='bbox 604 732 758 769; x_wconf 77' lang='lat' dir='ltr'>Calixtur</span> <span class='ocrx_word' id='word_1_164' title='bbox 775 731 815 768; x_wconf 89' lang='lat' dir='ltr'>de</span> <span class='ocrx_word' id='word_1_165' title='bbox 833 730 1071 769; x_wconf 61' lang='lat' dir='ltr'>resurrectione</span> <span class='ocrx_word' id='word_1_166' title='bbox 1085 736 1188 768; x_wconf 85' lang='lat' dir='ltr'>carnis</span> <span class='ocrx_word' id='word_1_167' title='bbox 1205 733 1236 781; x_wconf 84' lang='lat'>§.</span> <span class='ocrx_word' id='word_1_168' title='bbox 1250 735 1283 770; x_wconf 92' lang='lat'>6.</span> <span class='ocrx_word' id='word_1_169' title='bbox 1313 733 1470 782; x_wconf 66' lang='lat' dir='ltr'>[Diaport</span> <span class='ocrx_word' id='word_1_170' title='bbox 1485 737 1526 773; x_wconf 93' lang='lat' dir='ltr'>ad</span> <span class='ocrx_word' id='word_1_171' title='bbox 1543 739 1720 790; x_wconf 83' lang='lat' dir='ltr'>Theophr.</span> <span class='ocrx_word' id='word_1_172' title='bbox 1732 746 1817 781; x_wconf 86' lang='lat' dir='ltr'>char.</span> 
     </span>
     <span class='ocr_line' id='line_1_15' title="bbox 69 783 1816 845; baseline 0.007 -26"><span class='ocrx_word' id='word_1_173' title='bbox 69 795 104 833; x_wconf 87' lang='lat' dir='ltr'>p.</span> <span class='ocrx_word' id='word_1_174' title='bbox 128 796 193 829; x_wconf 77' lang='lat'>225.</span> <span class='ocrx_word' id='word_1_175' title='bbox 220 785 350 832; x_wconf 61' lang='lat' dir='ltr'>Siluras</span> <span class='ocrx_word' id='word_1_176' title='bbox 367 783 407 819; x_wconf 89' lang='lat' dir='ltr'>de</span> <span class='ocrx_word' id='word_1_177' title='bbox 425 787 535 820; x_wconf 86' lang='lat' dir='ltr'>Coma</span> <span class='ocrx_word' id='word_1_178' title='bbox 560 798 591 833; x_wconf 91' lang='lat' dir='ltr'>p.</span> <span class='ocrx_word' id='word_1_179' title='bbox 612 796 676 829; x_wconf 79' lang='lat'>552.</span> <span class='ocrx_word' id='word_1_180' title='bbox 699 785 810 820; x_wconf 81' lang='lat' dir='ltr'>Hadr.</span> <span class='ocrx_word' id='word_1_181' title='bbox 829 786 944 819; x_wconf 76' lang='lat' dir='ltr'>lunius</span> <span class='ocrx_word' id='word_1_182' title='bbox 964 785 1004 821; x_wconf 90' lang='lat' dir='ltr'>de</span> <span class='ocrx_word' id='word_1_183' title='bbox 1024 790 1150 827; x_wconf 78' lang='lat' dir='ltr'>coma,</span> <span class='ocrx_word' id='word_1_184' title='bbox 1178 797 1263 823; x_wconf 91' lang='lat' dir='ltr'>tom.</span> <span class='ocrx_word' id='word_1_185' title='bbox 1288 789 1345 824; x_wconf 74' lang='lat' dir='ltr'>lv.</span> <span class='ocrx_word' id='word_1_186' title='bbox 1369 787 1532 826; x_wconf 84' lang='lat' dir='ltr'>Thesauri</span> <span class='ocrx_word' id='word_1_187' title='bbox 1549 793 1679 830; x_wconf 86' lang='lat' dir='ltr'>Gruter.</span> <span class='ocrx_word' id='word_1_188' title='bbox 1706 809 1738 845; x_wconf 90' lang='lat' dir='ltr'>p.</span> <span class='ocrx_word' id='word_1_189' title='bbox 1756 809 1816 842; x_wconf 79' lang='lat'>5¹²·</span> 
     </span>
     <span class='ocr_line' id='line_1_16' title="bbox 67 835 1815 896; baseline 0.008 -27"><span class='ocrx_word' id='word_1_190' title='bbox 67 835 187 882; x_wconf 61' lang='grc' dir='ltr'>ΗΜΛ]</span> <span class='ocrx_word' id='word_1_191' title='bbox 216 837 442 883; x_wconf 70' lang='lat' dir='ltr'>llſtrrquardus</span> <span class='ocrx_word' id='word_1_192' title='bbox 456 838 619 872; x_wconf 73' lang='lat' dir='ltr'>Freherus</span> <span class='ocrx_word' id='word_1_193' title='bbox 635 850 667 886; x_wconf 89' lang='lat' dir='ltr'>p.</span> <span class='ocrx_word' id='word_1_194' title='bbox 686 839 739 881; x_wconf 79' lang='lat'>64.</span> <span class='ocrx_word' id='word_1_195' title='bbox 756 850 939 886; x_wconf 88' lang='lat' dir='ltr'>parergon;</span> <span class='ocrx_word' id='word_1_196' title='bbox 967 838 1125 886; x_wconf 74' lang='lat' dir='ltr'>[Fischer.</span> <span class='ocrx_word' id='word_1_197' title='bbox 1147 841 1181 874; x_wconf 89' lang='lat' dir='ltr'>in</span> <span class='ocrx_word' id='word_1_198' title='bbox 1199 838 1355 877; x_wconf 83' lang='lat' dir='ltr'>Animad.</span> <span class='ocrx_word' id='word_1_199' title='bbox 1374 837 1471 889; x_wconf 90' lang='lat' dir='ltr'>super</span> <span class='ocrx_word' id='word_1_200' title='bbox 1484 845 1635 882; x_wconf 87' lang='lat' dir='ltr'>Gramm.</span> <span class='ocrx_word' id='word_1_201' title='bbox 1651 860 1703 896; x_wconf 83' lang='lat' dir='ltr'>gr.</span> <span class='ocrx_word' id='word_1_202' title='bbox 1722 852 1815 887; x_wconf 89' lang='lat' dir='ltr'>Wel.</span> 
     </span>
     <span class='ocr_line' id='line_1_17' title="bbox 67 886 1816 947; baseline 0.007 -25"><span class='ocrx_word' id='word_1_203' title='bbox 67 886 126 923; x_wconf 82' lang='lat' dir='ltr'>ler.</span> <span class='ocrx_word' id='word_1_204' title='bbox 142 889 280 937; x_wconf 82' lang='lat' dir='ltr'>p.349.]</span> <span class='ocrx_word' id='word_1_205' title='bbox 309 898 341 923; x_wconf 85' lang='lat' dir='ltr'>vt</span> <span class='ocrx_word' id='word_1_206' title='bbox 355 889 537 932; x_wconf 83' lang='lat' dir='ltr'>Bartliium,</span> <span class='ocrx_word' id='word_1_207' title='bbox 565 889 841 930; x_wconf 81' lang='lat' dir='ltr'>Taubmannum,</span> <span class='ocrx_word' id='word_1_208' title='bbox 869 891 1017 940; x_wconf 85' lang='lat' dir='ltr'>aliosque</span> <span class='ocrx_word' id='word_1_209' title='bbox 1034 904 1242 938; x_wconf 74' lang='lat' dir='ltr'>praeteream.</span> <span class='ocrx_word' id='word_1_210' title='bbox 1297 891 1507 931; x_wconf 82' lang='lat' dir='ltr'>Vetussiffimi</span> <span class='ocrx_word' id='word_1_211' title='bbox 1524 894 1690 947; x_wconf 87' lang='lat' dir='ltr'>scriptoris</span> <span class='ocrx_word' id='word_1_212' title='bbox 1704 902 1816 939; x_wconf 71' lang='lat' dir='ltr'>Iudaei</span> 
     </span>
    </p>

    <p class='ocr_par' dir='ltr' id='par_1_5' title="bbox 59 938 1814 1627">
     <span class='ocr_line' id='line_1_18' title="bbox 91 938 1814 1003; baseline 0.008 -29"><span class='ocrx_word' id='word_1_213' title='bbox 91 952 220 983; x_wconf 86' lang='lat' dir='ltr'>nomas,</span> <span class='ocrx_word' id='word_1_214' title='bbox 247 938 304 976; x_wconf 89' lang='lat' dir='ltr'>sub</span> <span class='ocrx_word' id='word_1_215' title='bbox 321 940 514 986; x_wconf 81' lang='lat' dir='ltr'>Phocylidis</span> <span class='ocrx_word' id='word_1_216' title='bbox 530 944 670 977; x_wconf 88' lang='lat' dir='ltr'>nomine</span> <span class='ocrx_word' id='word_1_217' title='bbox 685 942 749 991; x_wconf 86' lang='lat' dir='ltr'>legi</span> <span class='ocrx_word' id='word_1_218' title='bbox 766 941 940 978; x_wconf 82' lang='lat' dir='ltr'>contendit</span> <span class='ocrx_word' id='word_1_219' title='bbox 955 942 1000 991; x_wconf 88' lang='lat' dir='ltr'>Is.</span> <span class='ocrx_word' id='word_1_220' title='bbox 1022 943 1150 989; x_wconf 81' lang='lat' dir='ltr'>Voffim</span> <span class='ocrx_word' id='word_1_221' title='bbox 1171 942 1212 979; x_wconf 94' lang='lat' dir='ltr'>de</span> <span class='ocrx_word' id='word_1_222' title='bbox 1236 944 1406 990; x_wconf 84' lang='lat' dir='ltr'>Sibyllinis</span> <span class='ocrx_word' id='word_1_223' title='bbox 1429 949 1570 984; x_wconf 83' lang='lat' dir='ltr'>oraculis</span> <span class='ocrx_word' id='word_1_224' title='bbox 1592 965 1660 1000; x_wconf 88' lang='lat' dir='ltr'>cap.</span> <span class='ocrx_word' id='word_1_225' title='bbox 1682 965 1709 999; x_wconf 86' lang='lat'>5.</span> <span class='ocrx_word' id='word_1_226' title='bbox 1730 967 1814 1003; x_wconf 84' lang='lat' dir='ltr'>quae</span> 
     </span>
     <span class='ocr_line' id='line_1_19' title="bbox 63 951 1812 1045; baseline 0.009 -17"><span class='ocrx_word' id='word_1_227' title='bbox 63 951 222 1029; x_wconf 61' lang='lat' dir='ltr'>sententia</span> <span class='ocrx_word' id='word_1_228' title='bbox 243 992 399 1042; x_wconf 86' lang='lat' dir='ltr'>probatur</span> <span class='ocrx_word' id='word_1_229' title='bbox 415 994 484 1028; x_wconf 79' lang='lat' dir='ltr'>loli.</span> <span class='ocrx_word' id='word_1_230' title='bbox 503 993 590 1030; x_wconf 78' lang='lat' dir='ltr'>Fcllo</span> <span class='ocrx_word' id='word_1_231' title='bbox 605 993 790 1030; x_wconf 84' lang='lat' dir='ltr'>Oxonienfi</span> <span class='ocrx_word' id='word_1_232' title='bbox 807 993 965 1044; x_wconf 81' lang='lat' dir='ltr'>episcopo</span> <span class='ocrx_word' id='word_1_233' title='bbox 990 998 1023 1030; x_wconf 84' lang='lat' dir='ltr'>in</span> <span class='ocrx_word' id='word_1_234' title='bbox 1041 998 1126 1031; x_wconf 80' lang='lat' dir='ltr'>notis</span> <span class='ocrx_word' id='word_1_235' title='bbox 1145 994 1184 1031; x_wconf 91' lang='lat' dir='ltr'>ad</span> <span class='ocrx_word' id='word_1_236' title='bbox 1203 999 1362 1045; x_wconf 88' lang='lat' dir='ltr'>Cypriani</span> <span class='ocrx_word' id='word_1_237' title='bbox 1379 997 1436 1034; x_wconf 92' lang='lat' dir='ltr'>lib.</span> <span class='ocrx_word' id='word_1_238' title='bbox 1458 1002 1478 1036; x_wconf 88' lang='lat'>1.</span> <span class='ocrx_word' id='word_1_239' title='bbox 1497 999 1649 1040; x_wconf 83' lang='lat' dir='ltr'>aduersus</span> <span class='ocrx_word' id='word_1_240' title='bbox 1674 1005 1812 1044; x_wconf 86' lang='lat' dir='ltr'>Iudaeos</span> 
     </span>
     <span class='ocr_line' id='line_1_20' title="bbox 63 1043 1811 1097; baseline 0.009 -18"><span class='ocrx_word' id='word_1_241' title='bbox 63 1057 96 1094; x_wconf 83' lang='lat' dir='ltr'>p.</span> <span class='ocrx_word' id='word_1_242' title='bbox 114 1058 171 1090; x_wconf 81' lang='lat'>27.</span> <span class='ocrx_word' id='word_1_243' title='bbox 202 1043 314 1092; x_wconf 88' lang='lat' dir='ltr'>[conf.</span> <span class='ocrx_word' id='word_1_244' title='bbox 335 1046 456 1092; x_wconf 84' lang='lat' dir='ltr'>lVolfii</span> <span class='ocrx_word' id='word_1_245' title='bbox 471 1046 546 1083; x_wconf 93' lang='lat' dir='ltr'>bibl.</span> <span class='ocrx_word' id='word_1_246' title='bbox 562 1047 654 1083; x_wconf 86' lang='lat' dir='ltr'>hebr.</span> <span class='ocrx_word' id='word_1_247' title='bbox 675 1049 699 1084; x_wconf 87' lang='lat' dir='ltr'>l.</span> <span class='ocrx_word' id='word_1_248' title='bbox 718 1061 748 1096; x_wconf 87' lang='lat' dir='ltr'>p.</span> <span class='ocrx_word' id='word_1_249' title='bbox 765 1050 844 1093; x_wconf 88' lang='lat'>968.</span> <span class='ocrx_word' id='word_1_250' title='bbox 877 1058 908 1083; x_wconf 92' lang='lat' dir='ltr'>et</span> <span class='ocrx_word' id='word_1_251' title='bbox 927 1048 1041 1084; x_wconf 81' lang='lat' dir='ltr'>Cleric.</span> <span class='ocrx_word' id='word_1_252' title='bbox 1057 1062 1185 1084; x_wconf 89' lang='lat' dir='ltr'>comm.</span> <span class='ocrx_word' id='word_1_253' title='bbox 1204 1048 1243 1084; x_wconf 89' lang='lat' dir='ltr'>ad</span> <span class='ocrx_word' id='word_1_254' title='bbox 1260 1049 1367 1085; x_wconf 84' lang='lat' dir='ltr'>Exodi</span> <span class='ocrx_word' id='word_1_255' title='bbox 1383 1052 1482 1091; x_wconf 72' lang='lat' dir='ltr'>xxii.</span> <span class='ocrx_word' id='word_1_256' title='bbox 1501 1065 1543 1097; x_wconf 83' lang='lat'>3¹-</span> <span class='ocrx_word' id='word_1_257' title='bbox 1568 1066 1599 1091; x_wconf 89' lang='lat' dir='ltr'>et</span> <span class='ocrx_word' id='word_1_258' title='bbox 1618 1054 1660 1091; x_wconf 90' lang='lat' dir='ltr'>ad</span> <span class='ocrx_word' id='word_1_259' title='bbox 1675 1059 1811 1096; x_wconf 89' lang='lat' dir='ltr'>Deuter.</span> 
     </span>
     <span class='ocr_line' id='line_1_21' title="bbox 62 1097 1812 1160; baseline 0.006 -27"><span class='ocrx_word' id='word_1_260' title='bbox 62 1098 213 1136; x_wconf 77' lang='lat' dir='ltr'>XX11.6.</span> <span class='ocrx_word' id='word_1_261' title='bbox 243 1099 380 1146; x_wconf 66' lang='lat' dir='ltr'>Heum]</span> <span class='ocrx_word' id='word_1_262' title='bbox 431 1097 494 1134; x_wconf 90' lang='lat' dir='ltr'>Sed</span> <span class='ocrx_word' id='word_1_263' title='bbox 513 1113 582 1135; x_wconf 92' lang='lat' dir='ltr'>non</span> <span class='ocrx_word' id='word_1_264' title='bbox 599 1097 695 1135; x_wconf 89' lang='lat' dir='ltr'>facile</span> <span class='ocrx_word' id='word_1_265' title='bbox 710 1101 792 1135; x_wconf 89' lang='lat' dir='ltr'>mihi</span> <span class='ocrx_word' id='word_1_266' title='bbox 810 1097 1035 1148; x_wconf 80' lang='lat' dir='ltr'>persuaserim,</span> <span class='ocrx_word' id='word_1_267' title='bbox 1062 1116 1078 1136; x_wconf 92' lang='lat' dir='ltr'>a</span> <span class='ocrx_word' id='word_1_268' title='bbox 1097 1099 1220 1137; x_wconf 87' lang='lat' dir='ltr'>Iudaeo</span> <span class='ocrx_word' id='word_1_269' title='bbox 1235 1099 1394 1151; x_wconf 85' lang='lat' dir='ltr'>scriptum</span> <span class='ocrx_word' id='word_1_270' title='bbox 1419 1117 1449 1138; x_wconf 92' lang='lat' dir='ltr'>v.</span> <span class='ocrx_word' id='word_1_271' title='bbox 1475 1117 1519 1152; x_wconf 80' lang='lat'>35.</span> <span class='ocrx_word' id='word_1_272' title='bbox 1544 1110 1678 1149; x_wconf 62' lang='grc' dir='ltr'><em>ἕςωσαμ</em></span> <span class='ocrx_word' id='word_1_273' title='bbox 1701 1109 1812 1160; x_wconf 59' lang='grc' dir='ltr'>ὁμόπ-</span> 
     </span>
     <span class='ocr_line' id='line_1_22' title="bbox 62 1146 1810 1213; baseline 0.009 -29"><span class='ocrx_word' id='word_1_274' title='bbox 62 1167 120 1200; x_wconf 73' lang='grc' dir='ltr'>μοι</span> <span class='ocrx_word' id='word_1_275' title='bbox 135 1146 300 1196; x_wconf 63' lang='grc' dir='ltr'>ἐπήλυδες</span> <span class='ocrx_word' id='word_1_276' title='bbox 316 1153 345 1189; x_wconf 77' lang='grc' dir='ltr'>ἐν</span> <span class='ocrx_word' id='word_1_277' title='bbox 363 1149 559 1196; x_wconf 69' lang='grc' dir='ltr'>πολιήταις,</span> <span class='ocrx_word' id='word_1_278' title='bbox 587 1165 695 1201; x_wconf 87' lang='lat' dir='ltr'>neque</span> <span class='ocrx_word' id='word_1_279' title='bbox 710 1151 837 1188; x_wconf 80' lang='lat' dir='ltr'>constat</span> <span class='ocrx_word' id='word_1_280' title='bbox 856 1155 938 1189; x_wconf 88' lang='lat' dir='ltr'>inter</span> <span class='ocrx_word' id='word_1_281' title='bbox 953 1151 1089 1189; x_wconf 85' lang='lat' dir='ltr'>ludaeos</span> <span class='ocrx_word' id='word_1_282' title='bbox 1107 1151 1356 1203; x_wconf 81' lang='lat' dir='ltr'>frequentatum</span> <span class='ocrx_word' id='word_1_283' title='bbox 1380 1157 1525 1193; x_wconf 81' lang='lat' dir='ltr'>criminis</span> <span class='ocrx_word' id='word_1_284' title='bbox 1542 1173 1660 1209; x_wconf 86' lang='lat' dir='ltr'>genus,</span> <span class='ocrx_word' id='word_1_285' title='bbox 1687 1161 1728 1199; x_wconf 92' lang='lat' dir='ltr'>de</span> <span class='ocrx_word' id='word_1_286' title='bbox 1743 1177 1810 1213; x_wconf 87' lang='lat' dir='ltr'>quo</span> 
     </span>
     <span class='ocr_line' id='line_1_23' title="bbox 62 1203 1809 1255; baseline 0.009 -16"><span class='ocrx_word' id='word_1_287' title='bbox 62 1216 95 1240; x_wconf 89' lang='lat' dir='ltr'>v.</span> <span class='ocrx_word' id='word_1_288' title='bbox 112 1216 187 1240; x_wconf 79' lang='lat'>202.</span> <span class='ocrx_word' id='word_1_289' title='bbox 205 1217 311 1253; x_wconf 87' lang='lat' dir='ltr'>neque</span> <span class='ocrx_word' id='word_1_290' title='bbox 331 1203 414 1239; x_wconf 88' lang='lat' dir='ltr'>adeo</span> <span class='ocrx_word' id='word_1_291' title='bbox 435 1203 537 1240; x_wconf 84' lang='lat' dir='ltr'>multa</span> <span class='ocrx_word' id='word_1_292' title='bbox 552 1204 649 1240; x_wconf 91' lang='lat' dir='ltr'>video</span> <span class='ocrx_word' id='word_1_293' title='bbox 669 1207 702 1240; x_wconf 92' lang='lat' dir='ltr'>in</span> <span class='ocrx_word' id='word_1_294' title='bbox 716 1204 908 1251; x_wconf 87' lang='lat' dir='ltr'>Phocylidis</span> <span class='ocrx_word' id='word_1_295' title='bbox 924 1208 1084 1249; x_wconf 87' lang='lat' dir='ltr'>carmine,</span> <span class='ocrx_word' id='word_1_296' title='bbox 1110 1219 1194 1255; x_wconf 92' lang='lat' dir='ltr'>quae</span> <span class='ocrx_word' id='word_1_297' title='bbox 1210 1219 1282 1243; x_wconf 87' lang='lat' dir='ltr'>non</span> <span class='ocrx_word' id='word_1_298' title='bbox 1307 1212 1473 1255; x_wconf 86' lang='lat' dir='ltr'>potuerint</span> <span class='ocrx_word' id='word_1_299' title='bbox 1497 1211 1536 1246; x_wconf 89' lang='lat' dir='ltr'>ab</span> <span class='ocrx_word' id='word_1_300' title='bbox 1555 1214 1688 1250; x_wconf 82' lang='lat' dir='ltr'>ethnico</span> <span class='ocrx_word' id='word_1_301' title='bbox 1714 1214 1809 1253; x_wconf 83' lang='lat' dir='ltr'>scribi</span> 
     </span>
     <span class='ocr_line' id='line_1_24' title="bbox 62 1256 1809 1314; baseline 0.007 -22"><span class='ocrx_word' id='word_1_302' title='bbox 62 1269 165 1305; x_wconf 80' lang='lat' dir='ltr'>aeque</span> <span class='ocrx_word' id='word_1_303' title='bbox 185 1268 282 1306; x_wconf 78' lang='lat' dir='ltr'>atque</span> <span class='ocrx_word' id='word_1_304' title='bbox 307 1271 324 1293; x_wconf 87' lang='lat' dir='ltr'>a</span> <span class='ocrx_word' id='word_1_305' title='bbox 348 1257 469 1292; x_wconf 88' lang='lat' dir='ltr'>ludaeo</span> <span class='ocrx_word' id='word_1_306' title='bbox 492 1257 546 1293; x_wconf 87' lang='lat' dir='ltr'>vel</span> <span class='ocrx_word' id='word_1_307' title='bbox 567 1257 773 1301; x_wconf 80' lang='lat' dir='ltr'>Christiano,</span> <span class='ocrx_word' id='word_1_308' title='bbox 806 1256 874 1294; x_wconf 81' lang='lat' dir='ltr'>siue</span> <span class='ocrx_word' id='word_1_309' title='bbox 896 1269 930 1294; x_wconf 86' lang='lat' dir='ltr'>vt</span> <span class='ocrx_word' id='word_1_310' title='bbox 944 1259 1062 1294; x_wconf 64' lang='lat' dir='ltr'>audior</span> <span class='ocrx_word' id='word_1_311' title='bbox 1082 1271 1282 1307; x_wconf 85' lang='lat' dir='ltr'>graecorum</span> <span class='ocrx_word' id='word_1_312' title='bbox 1310 1262 1342 1295; x_wconf 87' lang='lat' dir='ltr'>in</span> <span class='ocrx_word' id='word_1_313' title='bbox 1367 1261 1584 1307; x_wconf 81' lang='lat' dir='ltr'>Phocylidem</span> <span class='ocrx_word' id='word_1_314' title='bbox 1607 1267 1809 1314; x_wconf 82' lang='lat' dir='ltr'>iamborum,</span> 
     </span>
     <span class='ocr_line' id='line_1_25' title="bbox 61 1305 1797 1366; baseline 0.007 -20"><span class='ocrx_word' id='word_1_315' title='bbox 61 1305 269 1360; x_wconf 69' lang='grc' dir='ltr'>χςιςομῦςῃ.</span> <span class='ocrx_word' id='word_1_316' title='bbox 325 1311 414 1345; x_wconf 84' lang='lat' dir='ltr'>Nam</span> <span class='ocrx_word' id='word_1_317' title='bbox 431 1309 519 1359; x_wconf 90' lang='lat' dir='ltr'>quod</span> <span class='ocrx_word' id='word_1_318' title='bbox 534 1308 575 1345; x_wconf 90' lang='lat' dir='ltr'>de</span> <span class='ocrx_word' id='word_1_319' title='bbox 588 1312 781 1345; x_wconf 86' lang='lat' dir='ltr'>morticinio</span> <span class='ocrx_word' id='word_1_320' title='bbox 796 1323 865 1346; x_wconf 91' lang='lat' dir='ltr'>non</span> <span class='ocrx_word' id='word_1_321' title='bbox 881 1308 1013 1347; x_wconf 85' lang='lat' dir='ltr'>edendo</span> <span class='ocrx_word' id='word_1_322' title='bbox 1026 1312 1173 1360; x_wconf 88' lang='lat' dir='ltr'>Scaliger</span> <span class='ocrx_word' id='word_1_323' title='bbox 1191 1310 1330 1350; x_wconf 85' lang='lat' dir='ltr'>obiicite</span> <span class='ocrx_word' id='word_1_324' title='bbox 1346 1326 1377 1349; x_wconf 82' lang='lat' dir='ltr'>v,</span> <span class='ocrx_word' id='word_1_325' title='bbox 1396 1325 1465 1357; x_wconf 85' lang='lat'>132.</span> <span class='ocrx_word' id='word_1_326' title='bbox 1481 1327 1535 1360; x_wconf 82' lang='lat'>137</span> <span class='ocrx_word' id='word_1_327' title='bbox 1551 1315 1597 1366; x_wconf 88' lang='lat' dir='ltr'>sq.</span> <span class='ocrx_word' id='word_1_328' title='bbox 1617 1330 1738 1357; x_wconf 88' lang='lat' dir='ltr'>notum</span> <span class='ocrx_word' id='word_1_329' title='bbox 1752 1321 1797 1358; x_wconf 73' lang='lat' dir='ltr'>es}</span> 
     </span>
     <span class='ocr_line' id='line_1_26' title="bbox 61 1353 1808 1420; baseline 0.005 -23"><span class='ocrx_word' id='word_1_330' title='bbox 61 1363 292 1411; x_wconf 80' lang='lat' dir='ltr'>Pythagoricis</span> <span class='ocrx_word' id='word_1_331' title='bbox 307 1375 443 1412; x_wconf 87' lang='lat' dir='ltr'>quoque</span> <span class='ocrx_word' id='word_1_332' title='bbox 462 1361 541 1398; x_wconf 86' lang='lat' dir='ltr'>illud</span> <span class='ocrx_word' id='word_1_333' title='bbox 567 1364 652 1398; x_wconf 86' lang='lat' dir='ltr'>inter</span> <span class='ocrx_word' id='word_1_334' title='bbox 671 1362 832 1412; x_wconf 87' lang='lat' dir='ltr'>prohibita</span> <span class='ocrx_word' id='word_1_335' title='bbox 856 1360 969 1405; x_wconf 85' lang='lat' dir='ltr'>fuisse,</span> <span class='ocrx_word' id='word_1_336' title='bbox 1003 1362 1055 1399; x_wconf 91' lang='lat' dir='ltr'>vel</span> <span class='ocrx_word' id='word_1_337' title='bbox 1080 1377 1098 1400; x_wconf 91' lang='lat' dir='ltr'>e</span> <span class='ocrx_word' id='word_1_338' title='bbox 1121 1365 1238 1399; x_wconf 88' lang='lat' dir='ltr'>Laertii</span> <span class='ocrx_word' id='word_1_339' title='bbox 1266 1365 1412 1410; x_wconf 85' lang='lat' dir='ltr'>V111.33.</span> <span class='ocrx_word' id='word_1_340' title='bbox 1467 1368 1513 1403; x_wconf 86' lang='lat' dir='ltr'>Ita</span> <span class='ocrx_word' id='word_1_341' title='bbox 1535 1382 1636 1418; x_wconf 89' lang='lat' dir='ltr'>quam</span> <span class='ocrx_word' id='word_1_342' title='bbox 1658 1353 1808 1420; x_wconf 49' lang='lat' dir='ltr'>plurimis,</span> 
     </span>
     <span class='ocr_line' id='line_1_27' title="bbox 59 1411 1808 1468; baseline 0.009 -19"><span class='ocrx_word' id='word_1_343' title='bbox 59 1413 132 1450; x_wconf 78' lang='lat' dir='ltr'>aliis</span> <span class='ocrx_word' id='word_1_344' title='bbox 146 1413 305 1450; x_wconf 83' lang='lat' dir='ltr'>Mosaicis</span> <span class='ocrx_word' id='word_1_345' title='bbox 323 1414 472 1450; x_wconf 80' lang='lat' dir='ltr'>institutis</span> <span class='ocrx_word' id='word_1_346' title='bbox 485 1411 721 1451; x_wconf 86' lang='lat' dir='ltr'>consenserunt</span> <span class='ocrx_word' id='word_1_347' title='bbox 732 1417 889 1465; x_wconf 81' lang='lat' dir='ltr'>Aegyptii</span> <span class='ocrx_word' id='word_1_348' title='bbox 906 1426 938 1451; x_wconf 86' lang='lat' dir='ltr'>et</span> <span class='ocrx_word' id='word_1_349' title='bbox 954 1417 1081 1459; x_wconf 85' lang='lat' dir='ltr'>Graeci,</span> <span class='ocrx_word' id='word_1_350' title='bbox 1108 1430 1150 1451; x_wconf 94' lang='lat' dir='ltr'>ne</span> <span class='ocrx_word' id='word_1_351' title='bbox 1165 1415 1240 1452; x_wconf 79' lang='lat' dir='ltr'>alias</span> <span class='ocrx_word' id='word_1_352' title='bbox 1256 1427 1368 1465; x_wconf 85' lang='lat' dir='ltr'>gentes</span> <span class='ocrx_word' id='word_1_353' title='bbox 1386 1421 1451 1454; x_wconf 90' lang='lat' dir='ltr'>iam</span> <span class='ocrx_word' id='word_1_354' title='bbox 1467 1433 1750 1468; x_wconf 88' lang='lat' dir='ltr'>commemorem,</span> <span class='ocrx_word' id='word_1_355' title='bbox 1774 1439 1808 1464; x_wconf 87' lang='lat' dir='ltr'>vt</span> 
     </span>
     <span class='ocr_line' id='line_1_28' title="bbox 60 1465 1808 1519; baseline 0.006 -15"><span class='ocrx_word' id='word_1_356' title='bbox 60 1465 229 1504; x_wconf 82' lang='lat' dir='ltr'>ostensum</span> <span class='ocrx_word' id='word_1_357' title='bbox 249 1469 416 1515; x_wconf 81' lang='lat' dir='ltr'>Spencero</span> <span class='ocrx_word' id='word_1_358' title='bbox 431 1471 466 1502; x_wconf 91' lang='lat' dir='ltr'>in</span> <span class='ocrx_word' id='word_1_359' title='bbox 485 1480 585 1516; x_wconf 84' lang='lat' dir='ltr'>opere</span> <span class='ocrx_word' id='word_1_360' title='bbox 600 1466 641 1503; x_wconf 92' lang='lat' dir='ltr'>de</span> <span class='ocrx_word' id='word_1_361' title='bbox 654 1466 780 1517; x_wconf 85' lang='lat' dir='ltr'>legibus</span> <span class='ocrx_word' id='word_1_362' title='bbox 790 1469 1037 1513; x_wconf 86' lang='lat' dir='ltr'>Hebraeorum,</span> <span class='ocrx_word' id='word_1_363' title='bbox 1063 1470 1260 1505; x_wconf 85' lang='lat' dir='ltr'>Marshamo</span> <span class='ocrx_word' id='word_1_364' title='bbox 1279 1472 1311 1504; x_wconf 90' lang='lat' dir='ltr'>in</span> <span class='ocrx_word' id='word_1_365' title='bbox 1322 1471 1494 1508; x_wconf 85' lang='lat' dir='ltr'>Chronico</span> <span class='ocrx_word' id='word_1_366' title='bbox 1511 1487 1651 1519; x_wconf 88' lang='lat' dir='ltr'>canone,</span> <span class='ocrx_word' id='word_1_367' title='bbox 1678 1488 1709 1513; x_wconf 92' lang='lat' dir='ltr'>et</span> <span class='ocrx_word' id='word_1_368' title='bbox 1724 1480 1808 1516; x_wconf 88' lang='lat' dir='ltr'>Gro-</span> 
     </span>
     <span class='ocr_line' id='line_1_29' title="bbox 59 1518 1806 1579; baseline 0.006 -24"><span class='ocrx_word' id='word_1_369' title='bbox 59 1522 107 1555; x_wconf 82' lang='lat' dir='ltr'>tio</span> <span class='ocrx_word' id='word_1_370' title='bbox 124 1533 160 1556; x_wconf 91' lang='lat' dir='ltr'>ac</span> <span class='ocrx_word' id='word_1_371' title='bbox 180 1521 312 1555; x_wconf 91' lang='lat' dir='ltr'>Clerico</span> <span class='ocrx_word' id='word_1_372' title='bbox 331 1523 582 1555; x_wconf 85' lang='lat' dir='ltr'>commentariis</span> <span class='ocrx_word' id='word_1_373' title='bbox 596 1522 630 1555; x_wconf 90' lang='lat' dir='ltr'>in</span> <span class='ocrx_word' id='word_1_374' title='bbox 644 1521 915 1558; x_wconf 87' lang='lat' dir='ltr'>Pentateuchum.</span> <span class='ocrx_word' id='word_1_375' title='bbox 974 1518 1232 1557; x_wconf 65' lang='lat' dir='ltr'>Resurredlionis</span> <span class='ocrx_word' id='word_1_376' title='bbox 1254 1520 1379 1570; x_wconf 83' lang='lat' dir='ltr'>dogma</span> <span class='ocrx_word' id='word_1_377' title='bbox 1400 1538 1430 1560; x_wconf 92' lang='lat' dir='ltr'>v.</span> <span class='ocrx_word' id='word_1_378' title='bbox 1455 1538 1500 1570; x_wconf 82' lang='lat'>97</span> <span class='ocrx_word' id='word_1_379' title='bbox 1519 1524 1591 1576; x_wconf 91' lang='lat' dir='ltr'>sqq.</span> <span class='ocrx_word' id='word_1_380' title='bbox 1616 1533 1806 1579; x_wconf 84' lang='lat' dir='ltr'>neutiquam</span> 
     </span>
     <span class='ocr_line' id='line_1_30' title="bbox 59 1570 1807 1627; baseline 0.007 -19"><span class='ocrx_word' id='word_1_381' title='bbox 59 1575 104 1608; x_wconf 84' lang='lat' dir='ltr'>ita</span> <span class='ocrx_word' id='word_1_382' title='bbox 121 1587 139 1608; x_wconf 88' lang='lat' dir='ltr'>a</span> <span class='ocrx_word' id='word_1_383' title='bbox 155 1571 335 1618; x_wconf 75' lang='lat' dir='ltr'>Phoeylide</span> <span class='ocrx_word' id='word_1_384' title='bbox 351 1570 544 1615; x_wconf 88' lang='lat' dir='ltr'>declaratur,</span> <span class='ocrx_word' id='word_1_385' title='bbox 568 1583 603 1608; x_wconf 93' lang='lat' dir='ltr'>vt</span> <span class='ocrx_word' id='word_1_386' title='bbox 617 1585 688 1610; x_wconf 87' lang='lat' dir='ltr'>non</span> <span class='ocrx_word' id='word_1_387' title='bbox 701 1571 801 1624; x_wconf 76' lang='lat' dir='ltr'>possit</span> <span class='ocrx_word' id='word_1_388' title='bbox 825 1571 866 1609; x_wconf 91' lang='lat' dir='ltr'>de</span> <span class='ocrx_word' id='word_1_389' title='bbox 887 1570 1171 1623; x_wconf 79' lang='lat' dir='ltr'>metempsychosi</span> <span class='ocrx_word' id='word_1_390' title='bbox 1195 1577 1317 1624; x_wconf 85' lang='lat' dir='ltr'>exponi</span> <span class='ocrx_word' id='word_1_391' title='bbox 1330 1573 1376 1619; x_wconf 71' lang='grc' dir='ltr'>Ρ),</span> <span class='ocrx_word' id='word_1_392' title='bbox 1410 1590 1520 1627; x_wconf 88' lang='lat' dir='ltr'>neque</span> <span class='ocrx_word' id='word_1_393' title='bbox 1538 1580 1654 1617; x_wconf 86' lang='lat' dir='ltr'>clarius</span> <span class='ocrx_word' id='word_1_394' title='bbox 1673 1581 1807 1621; x_wconf 86' lang='lat' dir='ltr'>adstrui·</span> 
     </span>
    </p>
   </div>
   <div class='ocr_carea' id='block_1_5' title="bbox 60 1625 638 1675">
    <p class='ocr_par' dir='ltr' id='par_1_6' title="bbox 60 1625 638 1675">
     <span class='ocr_line' id='line_1_31' title="bbox 60 1625 638 1675; baseline 0 -14"><span class='ocrx_word' id='word_1_395' title='bbox 60 1634 127 1669; x_wconf 84' lang='lat' dir='ltr'>tur,</span> <span class='ocrx_word' id='word_1_396' title='bbox 155 1638 255 1675; x_wconf 86' lang='lat' dir='ltr'>quam</span> <span class='ocrx_word' id='word_1_397' title='bbox 277 1627 313 1660; x_wconf 84' lang='lat' dir='ltr'>in</span> <span class='ocrx_word' id='word_1_398' title='bbox 325 1626 414 1661; x_wconf 87' lang='lat' dir='ltr'>hisce</span> <span class='ocrx_word' id='word_1_399' title='bbox 428 1625 638 1674; x_wconf 77' lang='lat' dir='ltr'>Epicharmi:</span> 
     </span>
    </p>
   </div>
   <div class='ocr_carea' id='block_1_6' title="bbox 56 1775 908 2342">
    <p class='ocr_par' dir='ltr' id='par_1_7' title="bbox 56 1775 908 2342">
     <span class='ocr_line' id='line_1_32' title="bbox 61 1775 908 1818; baseline -0.001 -10"><span class='ocrx_word' id='word_1_400' title='bbox 61 1776 135 1808; x_wconf 74' lang='lat' dir='ltr'>soris</span> <span class='ocrx_word' id='word_1_401' title='bbox 149 1776 311 1809; x_wconf 79' lang='lat' dir='ltr'>cuiusdam.</span> <span class='ocrx_word' id='word_1_402' title='bbox 335 1779 386 1818; x_wconf 87' lang='lat' dir='ltr'>qui</span> <span class='ocrx_word' id='word_1_403' title='bbox 404 1776 467 1807; x_wconf 78' lang='lat' dir='ltr'>illas</span> <span class='ocrx_word' id='word_1_404' title='bbox 491 1775 644 1807; x_wconf 80' lang='lat' dir='ltr'>sententias</span> <span class='ocrx_word' id='word_1_405' title='bbox 665 1775 750 1808; x_wconf 86' lang='lat' dir='ltr'>fuiss‘e</span> <span class='ocrx_word' id='word_1_406' title='bbox 773 1775 908 1813; x_wconf 83' lang='lat' dir='ltr'>Phocyli-</span> 
     </span>
     <span class='ocr_line' id='line_1_33' title="bbox 62 1819 908 1861; baseline 0.001 -11"><span class='ocrx_word' id='word_1_407' title='bbox 62 1821 130 1850; x_wconf 82' lang='lat' dir='ltr'>deas</span> <span class='ocrx_word' id='word_1_408' title='bbox 141 1823 263 1861; x_wconf 83' lang='lat' dir='ltr'>putarit,</span> <span class='ocrx_word' id='word_1_409' title='bbox 287 1819 334 1849; x_wconf 89' lang='lat' dir='ltr'>vel</span> <span class='ocrx_word' id='word_1_410' title='bbox 351 1820 432 1861; x_wconf 85' lang='lat' dir='ltr'>quod</span> <span class='ocrx_word' id='word_1_411' title='bbox 442 1831 544 1850; x_wconf 82' lang='lat' dir='ltr'>reuera</span> <span class='ocrx_word' id='word_1_412' title='bbox 554 1820 697 1861; x_wconf 81' lang='lat' dir='ltr'>quaedam</span> <span class='ocrx_word' id='word_1_413' title='bbox 714 1820 908 1856; x_wconf 80' lang='lat' dir='ltr'>Phocylideae</span> 
     </span>
     <span class='ocr_line' id='line_1_34' title="bbox 61 1863 906 1904; baseline 0 -10"><span class='ocrx_word' id='word_1_414' title='bbox 61 1863 221 1894; x_wconf 80' lang='lat' dir='ltr'>sentcntiae</span> <span class='ocrx_word' id='word_1_415' title='bbox 245 1864 302 1893; x_wconf 83' lang='lat' dir='ltr'>siue</span> <span class='ocrx_word' id='word_1_416' title='bbox 325 1863 361 1892; x_wconf 87' lang='lat' dir='ltr'>ab</span> <span class='ocrx_word' id='word_1_417' title='bbox 383 1865 470 1892; x_wconf 87' lang='lat' dir='ltr'>initio</span> <span class='ocrx_word' id='word_1_418' title='bbox 500 1863 609 1904; x_wconf 79' lang='lat' dir='ltr'>politae</span> <span class='ocrx_word' id='word_1_419' title='bbox 632 1863 743 1893; x_wconf 85' lang='lat' dir='ltr'>fuerint</span> <span class='ocrx_word' id='word_1_420' title='bbox 769 1865 826 1894; x_wconf 84' lang='lat' dir='ltr'>fiue</span> <span class='ocrx_word' id='word_1_421' title='bbox 852 1866 906 1894; x_wconf 88' lang='lat' dir='ltr'>im-</span> 
     </span>
     <span class='ocr_line' id='line_1_35' title="bbox 60 1904 906 1946; baseline -0.001 -8"><span class='ocrx_word' id='word_1_422' title='bbox 60 1909 183 1943; x_wconf 81' lang='lat' dir='ltr'>mixtae,</span> <span class='ocrx_word' id='word_1_423' title='bbox 207 1907 242 1936; x_wconf 90' lang='lat' dir='ltr'>ab</span> <span class='ocrx_word' id='word_1_424' title='bbox 256 1906 308 1936; x_wconf 88' lang='lat' dir='ltr'>illo</span> <span class='ocrx_word' id='word_1_425' title='bbox 326 1916 423 1935; x_wconf 76' lang='lat' dir='ltr'>autem</span> <span class='ocrx_word' id='word_1_426' title='bbox 441 1904 619 1946; x_wconf 85' lang='lat' dir='ltr'>philosopho</span> <span class='ocrx_word' id='word_1_427' title='bbox 641 1907 807 1943; x_wconf 87' lang='lat' dir='ltr'>notiffimo,</span> <span class='ocrx_word' id='word_1_428' title='bbox 838 1907 906 1938; x_wconf 84' lang='lat' dir='ltr'>reli-</span> 
     </span>
     <span class='ocr_line' id='line_1_36' title="bbox 58 1948 906 1994; baseline 0 -13"><span class='ocrx_word' id='word_1_429' title='bbox 58 1953 125 1994; x_wconf 86' lang='lat' dir='ltr'>quis</span> <span class='ocrx_word' id='word_1_430' title='bbox 141 1951 310 1980; x_wconf 64' lang='lat' dir='ltr'>auc&#39;toribus</span> <span class='ocrx_word' id='word_1_431' title='bbox 328 1951 444 1979; x_wconf 80' lang='lat' dir='ltr'>incertis</span> <span class='ocrx_word' id='word_1_432' title='bbox 460 1957 510 1978; x_wconf 89' lang='lat' dir='ltr'>aut</span> <span class='ocrx_word' id='word_1_433' title='bbox 527 1948 674 1985; x_wconf 81' lang='lat' dir='ltr'>obscuris,</span> <span class='ocrx_word' id='word_1_434' title='bbox 698 1961 805 1980; x_wconf 87' lang='lat' dir='ltr'>nomeu</span> <span class='ocrx_word' id='word_1_435' title='bbox 829 1951 906 1981; x_wconf 88' lang='lat' dir='ltr'>obti-</span> 
     </span>
     <span class='ocr_line' id='line_1_37' title="bbox 58 1991 906 2030; baseline 0 -5"><span class='ocrx_word' id='word_1_436' title='bbox 58 1996 168 2030; x_wconf 76' lang='lat' dir='ltr'>nuerit,</span> <span class='ocrx_word' id='word_1_437' title='bbox 191 1993 332 2023; x_wconf 75' lang='lat' dir='ltr'>sententia</span> <span class='ocrx_word' id='word_1_438' title='bbox 356 2002 437 2027; x_wconf 73' lang='lat' dir='ltr'>orta.</span> <span class='ocrx_word' id='word_1_439' title='bbox 470 1991 660 2026; x_wconf 83' lang='lat' dir='ltr'>Phocylidem</span> <span class='ocrx_word' id='word_1_440' title='bbox 681 1992 769 2030; x_wconf 63' lang='lat' dir='ltr'>fuiffe</span> <span class='ocrx_word' id='word_1_441' title='bbox 787 1993 906 2025; x_wconf 88' lang='lat' dir='ltr'>illarum</span> 
     </span>
     <span class='ocr_line' id='line_1_38' title="bbox 59 2034 906 2082; baseline 0.001 -14"><span class='ocrx_word' id='word_1_442' title='bbox 59 2048 220 2082; x_wconf 77' lang='lat' dir='ltr'>parentem.</span> <span class='ocrx_word' id='word_1_443' title='bbox 275 2039 338 2068; x_wconf 85' lang='lat' dir='ltr'>Nec</span> <span class='ocrx_word' id='word_1_444' title='bbox 362 2035 487 2066; x_wconf 83' lang='lat' dir='ltr'>inultum</span> <span class='ocrx_word' id='word_1_445' title='bbox 513 2034 606 2066; x_wconf 73' lang='lat' dir='ltr'>abesse</span> <span class='ocrx_word' id='word_1_446' title='bbox 630 2036 666 2066; x_wconf 86' lang='lat' dir='ltr'>ab</span> <span class='ocrx_word' id='word_1_447' title='bbox 690 2037 743 2067; x_wconf 88' lang='lat' dir='ltr'>hac</span> <span class='ocrx_word' id='word_1_448' title='bbox 765 2037 906 2069; x_wconf 82' lang='lat' dir='ltr'>sententia</span> 
     </span>
     <span class='ocr_line' id='line_1_39' title="bbox 58 2080 905 2120; baseline 0 -7"><span class='ocrx_word' id='word_1_449' title='bbox 58 2092 126 2113; x_wconf 87' lang='lat' dir='ltr'>ven.</span> <span class='ocrx_word' id='word_1_450' title='bbox 153 2083 217 2113; x_wconf 78' lang='lat' dir='ltr'>Ver</span> <span class='ocrx_word' id='word_1_451' title='bbox 246 2081 397 2116; x_wconf 52' lang='lat' dir='ltr'>Pom-nn,</span> <span class='ocrx_word' id='word_1_452' title='bbox 427 2081 453 2109; x_wconf 90' lang='lat' dir='ltr'>S.</span> <span class='ocrx_word' id='word_1_453' title='bbox 471 2081 496 2110; x_wconf 91' lang='lat' dir='ltr'>S.</span> <span class='ocrx_word' id='word_1_454' title='bbox 523 2080 684 2110; x_wconf 61' lang='lat' dir='ltr'>Dostorem</span> <span class='ocrx_word' id='word_1_455' title='bbox 712 2088 741 2110; x_wconf 87' lang='lat' dir='ltr'>et</span> <span class='ocrx_word' id='word_1_456' title='bbox 764 2083 905 2120; x_wconf 79' lang='lat' dir='ltr'>gymnafii</span> 
     </span>
     <span class='ocr_line' id='line_1_40' title="bbox 57 2123 903 2166; baseline -0.001 -10"><span class='ocrx_word' id='word_1_457' title='bbox 57 2125 216 2156; x_wconf 73' lang='lat' dir='ltr'>academici</span> <span class='ocrx_word' id='word_1_458' title='bbox 232 2123 392 2154; x_wconf 83' lang='lat' dir='ltr'>Gedancns.</span> <span class='ocrx_word' id='word_1_459' title='bbox 411 2123 578 2159; x_wconf 68' lang='lat' dir='ltr'>Rectorem,</span> <span class='ocrx_word' id='word_1_460' title='bbox 601 2126 730 2162; x_wconf 84' lang='lat' dir='ltr'>cognoui</span> <span class='ocrx_word' id='word_1_461' title='bbox 743 2126 843 2166; x_wconf 83' lang='lat' dir='ltr'>postea</span> <span class='ocrx_word' id='word_1_462' title='bbox 868 2136 903 2156; x_wconf 84' lang='lat' dir='ltr'>ex</span> 
     </span>
     <span class='ocr_line' id='line_1_41' title="bbox 57 2167 903 2201; baseline -0.006 -2"><span class='ocrx_word' id='word_1_463' title='bbox 57 2167 138 2200; x_wconf 76' lang='lat' dir='ltr'>illius</span> <span class='ocrx_word' id='word_1_464' title='bbox 154 2169 360 2198; x_wconf 74' lang='lat' dir='ltr'>additamentis</span> <span class='ocrx_word' id='word_1_465' title='bbox 387 2177 502 2196; x_wconf 87' lang='lat' dir='ltr'>mecum</span> <span class='ocrx_word' id='word_1_466' title='bbox 525 2169 757 2198; x_wconf 80' lang='lat' dir='ltr'>communicatis.</span> <span class='ocrx_word' id='word_1_467' title='bbox 803 2170 903 2201; x_wconf 81' lang='lat' dir='ltr'>„Ph0.</span> 
     </span>
     <span class='ocr_line' id='line_1_42' title="bbox 58 2210 903 2247; baseline -0.001 -4"><span class='ocrx_word' id='word_1_468' title='bbox 58 2211 162 2247; x_wconf 83' lang='lat' dir='ltr'>tylidis</span> <span class='ocrx_word' id='word_1_469' title='bbox 193 2213 330 2241; x_wconf 60' lang='grc' dir='ltr'>κεθετικεν</span> <span class='ocrx_word' id='word_1_470' title='bbox 369 2212 408 2240; x_wconf 83' lang='lat' dir='ltr'>est</span> <span class='ocrx_word' id='word_1_471' title='bbox 439 2213 615 2246; x_wconf 69' lang='grc' dir='ltr'>γνωμολογια</span> <span class='ocrx_word' id='word_1_472' title='bbox 647 2210 769 2241; x_wconf 61' lang='lat' dir='ltr'>collecta</span> <span class='ocrx_word' id='word_1_473' title='bbox 804 2210 903 2242; x_wconf 85' lang='lat' dir='ltr'>forsan</span> 
     </span>
     <span class='ocr_line' id='line_1_43' title="bbox 58 2252 903 2298; baseline -0.001 -12"><span class='ocrx_word' id='word_1_474' title='bbox 58 2265 164 2298; x_wconf 84' lang='lat' dir='ltr'>quarto</span> <span class='ocrx_word' id='word_1_475' title='bbox 181 2257 244 2298; x_wconf 86' lang='lat' dir='ltr'>post</span> <span class='ocrx_word' id='word_1_476' title='bbox 262 2257 293 2286; x_wconf 95' lang='lat' dir='ltr'>C.</span> <span class='ocrx_word' id='word_1_477' title='bbox 311 2257 351 2286; x_wconf 85' lang='lat' dir='ltr'>N.</span> <span class='ocrx_word' id='word_1_478' title='bbox 369 2253 492 2284; x_wconf 86' lang='lat' dir='ltr'>saeculo.</span> <span class='ocrx_word' id='word_1_479' title='bbox 527 2255 583 2283; x_wconf 84' lang='lat' dir='ltr'>Cui</span> <span class='ocrx_word' id='word_1_480' title='bbox 599 2252 775 2288; x_wconf 84' lang='lat' dir='ltr'>Phocylidae</span> <span class='ocrx_word' id='word_1_481' title='bbox 795 2265 903 2286; x_wconf 86' lang='lat' dir='ltr'>nomen</span> 
     </span>
     <span class='ocr_line' id='line_1_44' title="bbox 56 2296 902 2342; baseline -0.004 -11"><span class='ocrx_word' id='word_1_482' title='bbox 56 2299 233 2342; x_wconf 72' lang='lat' dir='ltr'>adscriptum</span> <span class='ocrx_word' id='word_1_483' title='bbox 251 2300 301 2335; x_wconf 88' lang='lat' dir='ltr'>est,</span> <span class='ocrx_word' id='word_1_484' title='bbox 326 2297 372 2329; x_wconf 76' lang='lat' dir='ltr'>vel</span> <span class='ocrx_word' id='word_1_485' title='bbox 389 2306 420 2328; x_wconf 77' lang='lat' dir='ltr'>vt</span> <span class='ocrx_word' id='word_1_486' title='bbox 438 2298 491 2327; x_wconf 81' lang='lat' dir='ltr'>hac</span> <span class='ocrx_word' id='word_1_487' title='bbox 511 2296 618 2326; x_wconf 83' lang='lat' dir='ltr'>hedera</span> <span class='ocrx_word' id='word_1_488' title='bbox 634 2307 716 2326; x_wconf 83' lang='lat' dir='ltr'>merx</span> <span class='ocrx_word' id='word_1_489' title='bbox 736 2298 820 2327; x_wconf 86' lang='lat' dir='ltr'>fieret</span> <span class='ocrx_word' id='word_1_490' title='bbox 833 2309 902 2328; x_wconf 89' lang='lat' dir='ltr'>ven-</span> 
     </span>
    </p>
   </div>
   <div class='ocr_carea' id='block_1_7' title="bbox 0 2336 902 2425">
    <p class='ocr_par' dir='ltr' id='par_1_8' title="bbox 0 2336 902 2425">
     <span class='ocr_line' id='line_1_45' title="bbox 0 2336 902 2384; baseline -0.003 -10"><span class='ocrx_word' id='word_1_491' title='bbox 0 2336 1 2347; x_wconf 44' lang='lat'><em>*</em></span> <span class='ocrx_word' id='word_1_492' title='bbox 56 2342 196 2376; x_wconf 63' lang='lat' dir='ltr'>cubilium</span> <span class='ocrx_word' id='word_1_493' title='bbox 218 2342 266 2373; x_wconf 82' lang='lat' dir='ltr'>vel</span> <span class='ocrx_word' id='word_1_494' title='bbox 276 2342 356 2384; x_wconf 90' lang='lat' dir='ltr'>quod</span> <span class='ocrx_word' id='word_1_495' title='bbox 372 2341 474 2377; x_wconf 83' lang='lat' dir='ltr'>multa,</span> <span class='ocrx_word' id='word_1_496' title='bbox 495 2339 671 2375; x_wconf 88' lang='lat' dir='ltr'>Phocylidae</span> <span class='ocrx_word' id='word_1_497' title='bbox 686 2342 816 2377; x_wconf 89' lang='lat' dir='ltr'>nomine,</span> <span class='ocrx_word' id='word_1_498' title='bbox 839 2348 902 2372; x_wconf 90' lang='lat' dir='ltr'>tum</span> 
     </span>
     <span class='ocr_line' id='line_1_46' title="bbox 0 2383 902 2425; baseline -0.003 -7"><span class='ocrx_word' id='word_1_499' title='bbox 0 2407 1 2410; x_wconf 64' lang='lat'><em>=</em></span> <span class='ocrx_word' id='word_1_500' title='bbox 55 2395 138 2424; x_wconf 81' lang='lat' dir='ltr'>nota,</span> <span class='ocrx_word' id='word_1_501' title='bbox 160 2387 205 2418; x_wconf 76' lang='lat' dir='ltr'>his</span> <span class='ocrx_word' id='word_1_502' title='bbox 220 2386 337 2417; x_wconf 76' lang='lat' dir='ltr'>inserta.</span> <span class='ocrx_word' id='word_1_503' title='bbox 381 2385 435 2416; x_wconf 89' lang='lat' dir='ltr'>Sed</span> <span class='ocrx_word' id='word_1_504' title='bbox 450 2393 479 2415; x_wconf 86' lang='lat' dir='ltr'>ct</span> <span class='ocrx_word' id='word_1_505' title='bbox 492 2383 598 2415; x_wconf 77' lang='lat' dir='ltr'>inserta</span> <span class='ocrx_word' id='word_1_506' title='bbox 613 2383 757 2425; x_wconf 86' lang='lat' dir='ltr'>quaedam</span> <span class='ocrx_word' id='word_1_507' title='bbox 775 2383 902 2415; x_wconf 81' lang='lat' dir='ltr'>aliorum</span> 
     </span>
    </p>
   </div>
   <div class='ocr_carea' id='block_1_8' title="bbox 55 2427 903 2517">
    <p class='ocr_par' dir='ltr' id='par_1_9' title="bbox 55 2427 903 2517">
     <span class='ocr_line' id='line_1_47' title="bbox 55 2427 903 2468; baseline -0.004 -5"><span class='ocrx_word' id='word_1_508' title='bbox 55 2428 173 2467; x_wconf 70' lang='lat' dir='ltr'>oddita,</span> <span class='ocrx_word' id='word_1_509' title='bbox 194 2432 283 2462; x_wconf 73' lang='lat' dir='ltr'>etiam</span> <span class='ocrx_word' id='word_1_510' title='bbox 306 2427 448 2465; x_wconf 72' lang='lat' dir='ltr'>nonnulla</span> <span class='ocrx_word' id='word_1_511' title='bbox 466 2429 598 2462; x_wconf 68' lang='lat' dir='ltr'>hominis</span> <span class='ocrx_word' id='word_1_512' title='bbox 628 2428 780 2462; x_wconf 53' lang='lat' dir='ltr'>christani</span> <span class='ocrx_word' id='word_1_513' title='bbox 801 2439 903 2468; x_wconf 84' lang='lat' dir='ltr'>manu,</span> 
     </span>
     <span class='ocr_line' id='line_1_48' title="bbox 119 2482 236 2517; baseline -0.026 0"><span class='ocrx_word' id='word_1_514' title='bbox 119 2482 192 2517; x_wconf 72' lang='lat' dir='ltr'>Vol.</span> <span class='ocrx_word' id='word_1_515' title='bbox 206 2482 236 2516; x_wconf 90' lang='lat' dir='ltr'>I.</span> 
     </span>
    </p>
   </div>
   <div class='ocr_carea' id='block_1_9' title="bbox 1658 1691 1807 1734">
    <p class='ocr_par' dir='ltr' id='par_1_10' title="bbox 1658 1691 1807 1734">
     <span class='ocr_line' id='line_1_49' title="bbox 1658 1691 1807 1734; baseline 0 -13"><span class='ocrx_word' id='word_1_516' title='bbox 1658 1691 1807 1734; x_wconf 60' lang='grc' dir='ltr'>Συνεκρῖθῃ</span> 
     </span>
    </p>
   </div>
   <div class='ocr_carea' id='block_1_10' title="bbox 955 1777 1806 2482">
    <p class='ocr_par' dir='ltr' id='par_1_11' title="bbox 957 1777 1806 2250">
     <span class='ocr_line' id='line_1_50' title="bbox 963 1777 1806 1822; baseline 0.017 -15"><span class='ocrx_word' id='word_1_517' title='bbox 963 1777 1082 1820; x_wconf 87' lang='lat' dir='ltr'>prorsus</span> <span class='ocrx_word' id='word_1_518' title='bbox 1098 1778 1239 1809; x_wconf 82' lang='lat' dir='ltr'>credibile</span> <span class='ocrx_word' id='word_1_519' title='bbox 1256 1780 1304 1809; x_wconf 88' lang='lat' dir='ltr'>cst.</span> <span class='ocrx_word' id='word_1_520' title='bbox 1351 1778 1403 1810; x_wconf 87' lang='lat' dir='ltr'>Illa</span> <span class='ocrx_word' id='word_1_521' title='bbox 1427 1788 1504 1812; x_wconf 82' lang='lat' dir='ltr'>certe</span> <span class='ocrx_word' id='word_1_522' title='bbox 1529 1786 1674 1817; x_wconf 75' lang='lat' dir='ltr'>correetio</span> <span class='ocrx_word' id='word_1_523' title='bbox 1694 1787 1806 1822; x_wconf 84' lang='lat' dir='ltr'>senten-</span> 
     </span>
     <span class='ocr_line' id='line_1_51' title="bbox 962 1822 1805 1865; baseline 0.017 -14"><span class='ocrx_word' id='word_1_524' title='bbox 962 1825 1031 1858; x_wconf 83' lang='lat' dir='ltr'>tiae,</span> <span class='ocrx_word' id='word_1_525' title='bbox 1055 1834 1143 1864; x_wconf 84' lang='lat' dir='ltr'>quam</span> <span class='ocrx_word' id='word_1_526' title='bbox 1159 1822 1294 1861; x_wconf 75' lang='lat' dir='ltr'>legimus,</span> <span class='ocrx_word' id='word_1_527' title='bbox 1319 1822 1393 1860; x_wconf 72' lang='grc' dir='ltr'>λόγῳ</span> <span class='ocrx_word' id='word_1_528' title='bbox 1413 1828 1540 1862; x_wconf 69' lang='lat' dir='ltr'>rationi,</span> <span class='ocrx_word' id='word_1_529' title='bbox 1563 1829 1637 1859; x_wconf 77' lang='lat' dir='ltr'>vers.</span> <span class='ocrx_word' id='word_1_530' title='bbox 1654 1841 1708 1862; x_wconf 83' lang='lat'>121.</span> <span class='ocrx_word' id='word_1_531' title='bbox 1725 1844 1805 1865; x_wconf 84' lang='lat' dir='ltr'>com·</span> 
     </span>
     <span class='ocr_line' id='line_1_52' title="bbox 961 1866 1801 1914; baseline 0.015 -19"><span class='ocrx_word' id='word_1_532' title='bbox 961 1875 1138 1902; x_wconf 84' lang='lat' dir='ltr'>memorato,</span> <span class='ocrx_word' id='word_1_533' title='bbox 1164 1870 1326 1907; x_wconf 85' lang='lat' dir='ltr'>opponitur</span> <span class='ocrx_word' id='word_1_534' title='bbox 1343 1866 1354 1895; x_wconf 74' lang='grc' dir='ltr'>ὅ</span> <span class='ocrx_word' id='word_1_535' title='bbox 1373 1881 1419 1900; x_wconf 74' lang='grc' dir='ltr'>της</span> <span class='ocrx_word' id='word_1_536' title='bbox 1435 1871 1584 1900; x_wconf 62' lang='lat' dir='ltr'>&amp;innuunt</span> <span class='ocrx_word' id='word_1_537' title='bbox 1599 1880 1697 1911; x_wconf 71' lang='grc' dir='ltr'><strong><em>σοᾳιας</em></strong></span> <span class='ocrx_word' id='word_1_538' title='bbox 1708 1880 1801 1914; x_wconf 56' lang='lat' dir='ltr'>loyor,</span> 
     </span>
     <span class='ocr_line' id='line_1_53' title="bbox 960 1909 1803 1962; baseline 0.013 -23"><span class='ocrx_word' id='word_1_539' title='bbox 960 1909 1023 1946; x_wconf 88' lang='lat' dir='ltr'>alii,</span> <span class='ocrx_word' id='word_1_540' title='bbox 1044 1911 1095 1939; x_wconf 84' lang='lat' dir='ltr'>nifi</span> <span class='ocrx_word' id='word_1_541' title='bbox 1114 1911 1290 1946; x_wconf 80' lang='lat' dir='ltr'>Christiano,</span> <span class='ocrx_word' id='word_1_542' title='bbox 1313 1912 1403 1941; x_wconf 90' lang='lat' dir='ltr'>tribui</span> <span class='ocrx_word' id='word_1_543' title='bbox 1420 1915 1469 1942; x_wconf 81' lang='lat' dir='ltr'>vix</span> <span class='ocrx_word' id='word_1_544' title='bbox 1490 1916 1592 1954; x_wconf 81' lang='lat' dir='ltr'>potest.</span> <span class='ocrx_word' id='word_1_545' title='bbox 1639 1920 1746 1962; x_wconf 88' lang='lat' dir='ltr'>Neque</span> <span class='ocrx_word' id='word_1_546' title='bbox 1762 1930 1803 1953; x_wconf 81' lang='lat' dir='ltr'>ta.</span> 
     </span>
     <span class='ocr_line' id='line_1_54' title="bbox 959 1958 1802 1997; baseline 0.017 -14"><span class='ocrx_word' id='word_1_547' title='bbox 959 1964 1027 1983; x_wconf 89' lang='lat' dir='ltr'>men</span> <span class='ocrx_word' id='word_1_548' title='bbox 1044 1962 1166 1995; x_wconf 83' lang='lat' dir='ltr'>propter</span> <span class='ocrx_word' id='word_1_549' title='bbox 1183 1964 1215 1983; x_wconf 87' lang='lat' dir='ltr'>ea</span> <span class='ocrx_word' id='word_1_550' title='bbox 1243 1962 1337 1984; x_wconf 85' lang='lat' dir='ltr'>totum</span> <span class='ocrx_word' id='word_1_551' title='bbox 1363 1966 1479 1986; x_wconf 87' lang='lat' dir='ltr'>carmen</span> <span class='ocrx_word' id='word_1_552' title='bbox 1501 1958 1616 1990; x_wconf 81' lang='lat' dir='ltr'>homini</span> <span class='ocrx_word' id='word_1_553' title='bbox 1638 1963 1802 1997; x_wconf 87' lang='lat' dir='ltr'>Christiano</span> 
     </span>
     <span class='ocr_line' id='line_1_55' title="bbox 958 1996 1791 2044; baseline 0.011 -17"><span class='ocrx_word' id='word_1_554' title='bbox 958 1996 1180 2027; x_wconf 71' lang='lat' dir='ltr'>adscribendum</span> <span class='ocrx_word' id='word_1_555' title='bbox 1197 1997 1324 2027; x_wconf 87' lang='lat' dir='ltr'>videtur.</span> <span class='ocrx_word' id='word_1_556' title='bbox 1376 2002 1464 2029; x_wconf 84' lang='lat' dir='ltr'>Varia</span> <span class='ocrx_word' id='word_1_557' title='bbox 1480 2004 1559 2031; x_wconf 86' lang='lat' dir='ltr'>enim</span> <span class='ocrx_word' id='word_1_558' title='bbox 1581 2008 1714 2044; x_wconf 83' lang='lat' dir='ltr'>congesta</span> <span class='ocrx_word' id='word_1_559' title='bbox 1735 2009 1791 2040; x_wconf 80' lang='lat' dir='ltr'>effe</span> 
     </span>
     <span class='ocr_line' id='line_1_56' title="bbox 958 2033 1802 2089; baseline 0.018 -20"><span class='ocrx_word' id='word_1_560' title='bbox 958 2048 987 2071; x_wconf 88' lang='lat' dir='ltr'>et</span> <span class='ocrx_word' id='word_1_561' title='bbox 1001 2051 1100 2070; x_wconf 88' lang='lat' dir='ltr'>rerum</span> <span class='ocrx_word' id='word_1_562' title='bbox 1118 2041 1192 2070; x_wconf 93' lang='lat' dir='ltr'>ordo</span> <span class='ocrx_word' id='word_1_563' title='bbox 1209 2041 1351 2078; x_wconf 85' lang='lat' dir='ltr'>turbatus,</span> <span class='ocrx_word' id='word_1_564' title='bbox 1375 2043 1455 2083; x_wconf 91' lang='lat' dir='ltr'>quod</span> <span class='ocrx_word' id='word_1_565' title='bbox 1469 2044 1516 2074; x_wconf 76' lang='lat' dir='ltr'>vel</span> <span class='ocrx_word' id='word_1_566' title='bbox 1532 2047 1562 2075; x_wconf 89' lang='lat' dir='ltr'>in</span> <span class='ocrx_word' id='word_1_567' title='bbox 1588 2052 1691 2089; x_wconf 83' lang='lat' dir='ltr'>primis</span> <span class='ocrx_word' id='word_1_568' title='bbox 1715 2033 1802 2084; x_wconf 56' lang='lat' dir='ltr'>versi:</span> 
     </span>
     <span class='ocr_line' id='line_1_57' title="bbox 957 2084 1802 2133; baseline 0.019 -21"><span class='ocrx_word' id='word_1_569' title='bbox 957 2084 1012 2114; x_wconf 90' lang='lat' dir='ltr'>bus</span> <span class='ocrx_word' id='word_1_570' title='bbox 1028 2084 1196 2126; x_wconf 84' lang='lat' dir='ltr'>perspicias,</span> <span class='ocrx_word' id='word_1_571' title='bbox 1213 2093 1240 2114; x_wconf 91' lang='lat' dir='ltr'>et</span> <span class='ocrx_word' id='word_1_572' title='bbox 1257 2086 1389 2115; x_wconf 81' lang='lat' dir='ltr'>crebrior</span> <span class='ocrx_word' id='word_1_573' title='bbox 1405 2089 1490 2117; x_wconf 83' lang='lat' dir='ltr'>vnius</span> <span class='ocrx_word' id='word_1_574' title='bbox 1507 2091 1550 2119; x_wconf 85' lang='lat' dir='ltr'>rei</span> <span class='ocrx_word' id='word_1_575' title='bbox 1565 2097 1714 2133; x_wconf 78' lang='lat' dir='ltr'>repetitio,</span> <span class='ocrx_word' id='word_1_576' title='bbox 1736 2107 1802 2128; x_wconf 82' lang='lat' dir='ltr'>ver-</span> 
     </span>
     <span class='ocr_line' id='line_1_58' title="bbox 957 2128 1800 2177; baseline 0.015 -21"><span class='ocrx_word' id='word_1_577' title='bbox 957 2128 988 2158; x_wconf 87' lang='lat' dir='ltr'>bi</span> <span class='ocrx_word' id='word_1_578' title='bbox 1006 2130 1100 2166; x_wconf 87' lang='lat' dir='ltr'>gratia</span> <span class='ocrx_word' id='word_1_579' title='bbox 1117 2139 1145 2158; x_wconf 86' lang='lat' dir='ltr'>v.</span> <span class='ocrx_word' id='word_1_580' title='bbox 1165 2138 1193 2163; x_wconf 80' lang='lat'>4.</span> <span class='ocrx_word' id='word_1_581' title='bbox 1211 2136 1239 2157; x_wconf 84' lang='lat' dir='ltr'>ct</span> <span class='ocrx_word' id='word_1_582' title='bbox 1255 2138 1296 2157; x_wconf 68' lang='grc' dir='ltr'>ω.</span> <span class='ocrx_word' id='word_1_583' title='bbox 1326 2128 1398 2158; x_wconf 82' lang='lat' dir='ltr'>vers.</span> <span class='ocrx_word' id='word_1_584' title='bbox 1416 2140 1459 2166; x_wconf 85' lang='lat'>25.</span> <span class='ocrx_word' id='word_1_585' title='bbox 1477 2140 1505 2162; x_wconf 87' lang='lat' dir='ltr'>ct</span> <span class='ocrx_word' id='word_1_586' title='bbox 1522 2141 1567 2170; x_wconf 77' lang='lat'>54.</span> <span class='ocrx_word' id='word_1_587' title='bbox 1590 2144 1678 2177; x_wconf 88' lang='lat' dir='ltr'>atque</span> <span class='ocrx_word' id='word_1_588' title='bbox 1703 2145 1748 2173; x_wconf 85' lang='lat'>28.</span> <span class='ocrx_word' id='word_1_589' title='bbox 1771 2152 1800 2172; x_wconf 83' lang='lat' dir='ltr'>v.</span> 
     </span>
     <span class='ocr_line' id='line_1_59' title="bbox 957 2170 1798 2218; baseline 0.015 -18"><span class='ocrx_word' id='word_1_590' title='bbox 957 2181 999 2206; x_wconf 80' lang='lat'>33.</span> <span class='ocrx_word' id='word_1_591' title='bbox 1014 2179 1043 2201; x_wconf 84' lang='lat' dir='ltr'>et</span> <span class='ocrx_word' id='word_1_592' title='bbox 1059 2175 1104 2206; x_wconf 80' lang='lat'>65.</span> <span class='ocrx_word' id='word_1_593' title='bbox 1124 2170 1197 2200; x_wconf 86' lang='lat' dir='ltr'>vers.</span> <span class='ocrx_word' id='word_1_594' title='bbox 1215 2181 1254 2200; x_wconf 85' lang='lat'>12.</span> <span class='ocrx_word' id='word_1_595' title='bbox 1280 2180 1307 2201; x_wconf 88' lang='lat' dir='ltr'>et</span> <span class='ocrx_word' id='word_1_596' title='bbox 1332 2182 1371 2207; x_wconf 82' lang='lat'>33.</span> <span class='ocrx_word' id='word_1_597' title='bbox 1396 2182 1483 2215; x_wconf 88' lang='lat' dir='ltr'>atque</span> <span class='ocrx_word' id='word_1_598' title='bbox 1508 2186 1552 2211; x_wconf 86' lang='lat'>93.</span> <span class='ocrx_word' id='word_1_599' title='bbox 1574 2189 1602 2208; x_wconf 92' lang='lat' dir='ltr'>v.</span> <span class='ocrx_word' id='word_1_600' title='bbox 1622 2190 1681 2218; x_wconf 81' lang='lat'><strong>¹34·</strong></span> <span class='ocrx_word' id='word_1_601' title='bbox 1703 2190 1732 2213; x_wconf 89' lang='lat' dir='ltr'>et</span> <span class='ocrx_word' id='word_1_602' title='bbox 1752 2194 1798 2216; x_wconf 86' lang='lat'>22.</span> 
     </span>
     <span class='ocr_line' id='line_1_60' title="bbox 957 2213 1567 2250; baseline 0.007 -7"><span class='ocrx_word' id='word_1_603' title='bbox 957 2214 1075 2244; x_wconf 82' lang='lat' dir='ltr'>videtur</span> <span class='ocrx_word' id='word_1_604' title='bbox 1092 2224 1151 2244; x_wconf 89' lang='lat' dir='ltr'>non</span> <span class='ocrx_word' id='word_1_605' title='bbox 1170 2213 1290 2244; x_wconf 87' lang='lat' dir='ltr'>obscure</span> <span class='ocrx_word' id='word_1_606' title='bbox 1308 2214 1448 2246; x_wconf 72' lang='lat' dir='ltr'>docere.“</span> <span class='ocrx_word' id='word_1_607' title='bbox 1473 2219 1567 2250; x_wconf 79' lang='lat' dir='ltr'>Harl.</span> 
     </span>
    </p>

    <p class='ocr_par' dir='ltr' id='par_1_12' title="bbox 955 2256 1799 2429">
     <span class='ocr_line' id='line_1_61' title="bbox 1000 2256 1797 2307; baseline 0.02 -23"><span class='ocrx_word' id='word_1_608' title='bbox 1000 2263 1030 2292; x_wconf 88' lang='lat' dir='ltr'>o)</span> <span class='ocrx_word' id='word_1_609' title='bbox 1051 2256 1084 2287; x_wconf 90' lang='lat' dir='ltr'>Id</span> <span class='ocrx_word' id='word_1_610' title='bbox 1099 2266 1184 2295; x_wconf 85' lang='lat' dir='ltr'>negat</span> <span class='ocrx_word' id='word_1_611' title='bbox 1209 2257 1332 2289; x_wconf 81' lang='lat' dir='ltr'>Brunck</span> <span class='ocrx_word' id='word_1_612' title='bbox 1357 2260 1392 2289; x_wconf 85' lang='lat' dir='ltr'>ad</span> <span class='ocrx_word' id='word_1_613' title='bbox 1415 2265 1567 2299; x_wconf 79' lang='lat' dir='ltr'>gnomicos</span> <span class='ocrx_word' id='word_1_614' title='bbox 1600 2274 1678 2306; x_wconf 87' lang='lat' dir='ltr'>poet.</span> <span class='ocrx_word' id='word_1_615' title='bbox 1702 2279 1797 2307; x_wconf 84' lang='lat' dir='ltr'>graec.</span> 
     </span>
     <span class='ocr_line' id='line_1_62' title="bbox 956 2300 1799 2346; baseline 0.019 -17"><span class='ocrx_word' id='word_1_616' title='bbox 956 2311 985 2341; x_wconf 89' lang='lat' dir='ltr'>p.</span> <span class='ocrx_word' id='word_1_617' title='bbox 999 2310 1063 2336; x_wconf 84' lang='lat'>322.</span> <span class='ocrx_word' id='word_1_618' title='bbox 1086 2302 1133 2330; x_wconf 90' lang='lat' dir='ltr'>cui</span> <span class='ocrx_word' id='word_1_619' title='bbox 1150 2300 1366 2332; x_wconf 73' lang='lat' dir='ltr'>Naumachius</span> <span class='ocrx_word' id='word_1_620' title='bbox 1381 2308 1494 2345; x_wconf 80' lang='lat' dir='ltr'>poetica</span> <span class='ocrx_word' id='word_1_621' title='bbox 1518 2306 1652 2340; x_wconf 82' lang='lat' dir='ltr'>facultate</span> <span class='ocrx_word' id='word_1_622' title='bbox 1675 2312 1799 2346; x_wconf 85' lang='lat' dir='ltr'>Pseudo-</span> 
     </span>
     <span class='ocr_line' id='line_1_63' title="bbox 956 2342 1796 2389; baseline 0.02 -17"><span class='ocrx_word' id='word_1_623' title='bbox 956 2342 1115 2378; x_wconf 82' lang='lat' dir='ltr'>Phocylide</span> <span class='ocrx_word' id='word_1_624' title='bbox 1130 2345 1322 2385; x_wconf 84' lang='lat' dir='ltr'>praestantior</span> <span class='ocrx_word' id='word_1_625' title='bbox 1339 2348 1469 2380; x_wconf 80' lang='lat' dir='ltr'>videtur:</span> <span class='ocrx_word' id='word_1_626' title='bbox 1508 2373 1514 2380; x_wconf 92' lang='lat'>.</span> <span class='ocrx_word' id='word_1_627' title='bbox 1529 2361 1584 2387; x_wconf 80' lang='lat'>315.</span> <span class='ocrx_word' id='word_1_628' title='bbox 1599 2363 1658 2384; x_wconf 90' lang='lat' dir='ltr'>non</span> <span class='ocrx_word' id='word_1_629' title='bbox 1673 2359 1796 2389; x_wconf 89' lang='lat' dir='ltr'>omnino</span> 
     </span>
     <span class='ocr_line' id='line_1_64' title="bbox 955 2387 1567 2429; baseline 0.016 -14"><span class='ocrx_word' id='word_1_630' title='bbox 955 2387 1129 2429; x_wconf 78' lang='lat' dir='ltr'>comprobat</span> <span class='ocrx_word' id='word_1_631' title='bbox 1147 2387 1283 2427; x_wconf 81' lang='lat' dir='ltr'>Scaligeri</span> <span class='ocrx_word' id='word_1_632' title='bbox 1296 2390 1449 2422; x_wconf 87' lang='lat' dir='ltr'>iudicium.</span> <span class='ocrx_word' id='word_1_633' title='bbox 1507 2397 1567 2426; x_wconf 74' lang='lat' dir='ltr'>ari.</span> 
     </span>
    </p>

    <p class='ocr_par' dir='ltr' id='par_1_13' title="bbox 996 2431 1800 2482">
     <span class='ocr_line' id='line_1_65' title="bbox 996 2431 1800 2482; baseline 0.02 -23"><span class='ocrx_word' id='word_1_634' title='bbox 996 2435 1033 2472; x_wconf 77' lang='lat' dir='ltr'>p)</span> <span class='ocrx_word' id='word_1_635' title='bbox 1065 2432 1101 2461; x_wconf 79' lang='lat' dir='ltr'>At</span> <span class='ocrx_word' id='word_1_636' title='bbox 1124 2431 1209 2461; x_wconf 85' lang='lat' dir='ltr'>versu</span> <span class='ocrx_word' id='word_1_637' title='bbox 1236 2436 1287 2471; x_wconf 91' lang='lat'>96.</span> <span class='ocrx_word' id='word_1_638' title='bbox 1318 2436 1496 2477; x_wconf 83' lang='lat' dir='ltr'>prohibetur</span> <span class='ocrx_word' id='word_1_639' title='bbox 1521 2442 1655 2482; x_wconf 82' lang='lat' dir='ltr'>corporis</span> <span class='ocrx_word' id='word_1_640' title='bbox 1676 2443 1800 2476; x_wconf 81' lang='lat' dir='ltr'>humani</span> 
     </span>
    </p>
   </div>
   <div class='ocr_carea' id='block_1_11' title="bbox 1053 2475 1800 2527">
    <p class='ocr_par' dir='ltr' id='par_1_14' title="bbox 1053 2475 1800 2527">
     <span class='ocr_line' id='line_1_66' title="bbox 1053 2475 1800 2527; baseline -0.004 -5"><span class='ocrx_word' id='word_1_641' title='bbox 1053 2475 1080 2510; x_wconf 85' lang='lat' dir='ltr'><strong>Y</strong></span> <span class='ocrx_word' id='word_1_642' title='bbox 1092 2488 1117 2522; x_wconf 77' lang='lat' dir='ltr'>y</span> <span class='ocrx_word' id='word_1_643' title='bbox 1144 2487 1167 2521; x_wconf 77' lang='lat' dir='ltr'>y</span> <span class='ocrx_word' id='word_1_644' title='bbox 1182 2487 1207 2520; x_wconf 79' lang='lat' dir='ltr'>y</span> <span class='ocrx_word' id='word_1_645' title='bbox 1655 2483 1800 2527; x_wconf 69' lang='lat' dir='ltr'>diffeffio,</span> 
     </span>
    </p>
   </div>
  </div>
 </body>
</html>
