2183 2747
525 119 748 158 ORPHEVS.

7 215 145 247 camin·
157 214 314 252 cecinisse,
337 213 447 258 placita
464 223 684 258 praeceptaque
701 214 751 246 sua
763 237 772 252 ‚
796 225 860 246 mo-

8 269 44 292 re
61 260 254 301 antiquiffimi
269 262 357 297 aeni,
387 261 520 291 versibus
536 260 738 302 complexum.
798 261 860 290 Ne-

9 313 71 345 que
84 313 177 340 vero,
201 302 271 342 licet
287 304 505 335 ’Νι-(1101311110
518 303 645 345 aliisque
661 304 861 335 diss'entienti-

8 347 132 384 husfab
147 350 232 379 omni
247 347 468 390 probabilitatis
479 347 576 389 specie
586 349 676 384 abest,
702 348 861 390 Orpheum

6 397 104 423 artem
119 390 291 429 scribendi,
322 394 382 424 iam
404 401 468 423 tum
491 395 522 423 in
537 394 673 434 Aegypto
691 394 860 428 inuentam,

6 433 162 472 fflssuiffe,
192 444 223 467 et
242 435 369 474 litteris,
399 436 507 467 itidem
528 444 599 467 tune
621 438 769 475 cognitis,
801 436 861 466 siue

5 481 134 518 graecis,
158 479 218 511 siue
233 479 401 519 Pelasgicis,
413 480 593 521 consignasse
608 488 776 522 praecepta.
799 482 862 510 Iam

6 532 83 554 vero
98 523 118 554 fi
145 524 334 561 Monboddo,
364 524 478 555 eruditi
496 523 604 564 Angli,
639 524 688 554 sed
704 535 807 555 amore
823 523 864 554 sa·

6 568 141 609 pientiae
157 570 350 610 aegyptiacae
364 570 455 606 nimis
468 570 588 610 abrepti
599 577 628 599 et
645 571 784 610 occupati
799 567 862 599 sen-

5 613 101 643 tentia
115 614 166 648 (in
196 611 290 645 Werk
312 623 373 644 von
393 613 462 645 dem
485 613 670 656 Uryprunge
691 612 757 643 und
772 612 863 644 Fort-

4 663 115 696 gauge
136 655 194 687 der
214 655 354 697 Sprarhe
370 679 379 692 ‚
417 667 453 687 ex
485 659 738 698 interpretatione
767 656 804 688 E.
823 654 863 687 A.

3 697 136 731 Schmid
157 699 302 732 theotisca
324 699 394 732 Vol.
410 704 433 732 1.
449 711 512 743 cap.
530 703 580 732 xl.
597 711 664 742 pag.
676 707 733 737 385.
748 699 810 741 sqq.
833 708 862 730 et

5 751 71 784 cap.
88 744 154 774 ΧΠ.
170 751 307 786 pag-4¹8.
326 743 408 786 sqq.)
441 753 500 776 tam
517 754 598 775 certa
617 744 688 775 effer
710 754 862 786 veraque,

5 796 98 827 quam
112 786 229 818 subtilis
247 789 287 818 est
300 797 392 830 atque
410 788 565 827 ingeniosa
576 812 584 824 ,
607 791 718 830 primas
734 791 863 819 Graeco-

5 840 74 861 rum
91 829 205 862 litteras
220 830 308 863 fuisse
325 832 504 871 Pelasgicas,
541 834 636 863 Dores
659 831 745 862 fuisse
770 831 864 863 Pelas-

3 884 70 914 gos,
94 884 123 905 et
137 874 240 914 lingua
254 875 319 906 vsos
331 875 489 915 Pelasgica,
515 877 590 906 hanc
608 887 681 906 vero
698 875 786 907 t‘uiss'e
802 875 864 906 dia-

2 916 118 950 testum
131 921 354 960 Aegyptiacaui,
371 921 502 961 ideoque
511 922 648 950 Danaum
663 930 691 950 et
703 920 864 956 Cadmum,

6 963 162 1004 postquam
180 965 337 993 Graeciam
353 963 543 1006 occupass‘ent
565 975 627 994 non
646 966 694 1000 vi,
731 963 781 994 sed
798 974 864 1005 per-

5 1005 157 1043 suasione,
181 1005 350 1037 incolarum
366 1007 448 1038 illius
477 1007 645 1049 priscorum
668 1007 802 1046 linguam
819 1009 863 1037 in-

6 1049 164 1087 tellexisse,
185 1049 311 1089 (couno
328 1052 469 1083 Samuele
481 1052 595 1092 Squire
609 1053 655 1082 in:
675 1054 719 1081 An
734 1052 861 1091 lnqniry

6 1096 73 1124 into
88 1095 138 1124 the
153 1096 262 1133 Origin
277 1094 369 1126 osthe
385 1096 487 1126 Greek
496 1097 668 1134 Language,
678 1094 860 1133 Cambridge

9 1148 88 1176 ¹74¹-
105 1148 170 1180 pag.
181 1148 252 1176 ¹7³»
266 1149 312 1168 res
321 1139 465 1180 expeditu
474 1137 572 1169 facilis
588 1138 681 1175 foret,
698 1138 801 1169 saltem
814 1149 860 1175 ea,

6 1192 97 1223 quam
113 1181 197 1215 soni,
223 1181 367 1213 sententia
385 1193 480 1224 prope
495 1192 510 1212 a
531 1193 608 1212 xero
630 1191 682 1212 aut
704 1181 860 1213 νει-16111111

5 1225 102 1256 abess‘e
119 1225 287 1256 videretur.
352 1227 474 1257 Accedit
494 1228 700 1257 testimonium
724 1226 862 1258 Diodori

5 1269 112 1305 Siculi,
135 1273 230 1301 (certe
247 1269 355 1300 famam
371 1271 534 1311 quamdam
549 1273 705 1311 antiquam
715 1269 860 1310 sequuti)

6 1311 149 1346 Biblioth.
171 1314 236 1344 hist.
258 1313 328 1344 libr.
343 1317 394 1345 ΙΙΙ.
419 1325 483 1356 cap.
503 1319 551 1346 66.
576 1325 641 1356 pag.
667 1319 730 1351 236.
745 1313 786 1355 sq,
810 1314 857 1344 ed.

8 1354 213 1398 Wffwingif,
245 1361 331 1389 cuius
355 1359 493 1390 eruditae
515 1358 790 1389 animaduerfiones
820 1357 858 1388 ad

2 1401 33 1430 h.
49 1399 68 1430 l.
89 1403 216 1432 omnino
235 1401 300 1432 sunt
314 1402 528 1434 conferendae.
571 1405 597 1434 Is
613 1403 738 1444 quidem
755 1400 857 1443 plures

1 1445 94 1475 Linos
106 1467 115 1481 ,
138 1444 188 1476 sed
204 1448 308 1477 aetatis
325 1446 537 1478 diuersissimae
549 1470 557 1483 ,
588 1445 768 1482 confundit,
792 1456 858 1476 nar-

2 1496 110 1530 ratque
127 1489 164 1519 de
181 1488 289 1521 litteris
306 1489 459 1532 pelasgicis
477 1500 507 1521 et
517 1493 595 1522 Lino
611 1489 718 1521 litteris
734 1485 858 1532 pelasgi-

3 1534 44 1563 cis
63 1543 109 1562 res
126 1535 233 1565 Bacchi
253 1537 343 1576 primi
365 1534 553 1566 describente
569 1557 579 1571 ‚
614 1539 711 1576 (quae
732 1534 856 1575 quidem

3 1586 52 1606 res
67 1575 132 1608 satis
149 1577 242 1608 dubia
258 1579 333 1615 est:)
361 1579 446 1609 addit
465 1587 583 1615 tamen,
614 1579 722 1609 codem
746 1577 857 1609 littera-

4 1631 73 1650 rum
95 1632 205 1660 genere
222 1623 380 1664 Orpheum
404 1634 528 1663 quoque
546 1622 630 1653 vsum
653 1622 721 1652 eise.
769 1625 856 1652 Vete-

5 1665 88 1695 ribus
111 1668 206 1704 igitur
227 1669 286 1696 iam
308 1666 457 1697 credibile
480 1666 577 1697 visum
599 1668 658 1702 est,
697 1667 855 1706 Orpheum

3 1709 133 1740 exarasse
149 1708 254 1740 libros.
300 1713 411 1751 Neque
431 1721 508 1742 vero
526 1711 686 1741 adfirmare
701 1711 810 1746 31111111,
835 1710 855 1739 fi

3 1763 80 1794 quae
96 1752 146 1784 sua
160 1752 214 1784 ille
231 1753 292 1795 ipse
308 1765 398 1785 manu
413 1754 582 1796 scripserit,
613 1764 648 1784 ea
662 1753 723 1796 ipsa
744 1754 780 1783 ad
804 1764 856 1795 po·

2 1799 141 1828 iteritatis
151 1800 327 1828 memoriam
343 1798 524 1840 perueniffc,
541 1798 590 1829 sed
606 1799 665 1828 siue
675 1800 856 1839 omniapro-

2 1850 70 1881 pter
79 1842 253 1872 vetustatem
264 1840 434 1872 litterarum
444 1853 475 1873 ac
487 1841 700 1884 dialcetiplane
709 1840 855 1872 interiisse

3 1886 64 1915 tine
81 1884 225 1927 pleraque
242 1887 282 1916 ab
292 1885 359 1916 aliis
372 1909 379 1922 ‚
405 1888 609 1925 Pythagoricis
620 1909 628 1923 ,
658 1889 736 1916 mire
750 1885 856 1926 depra-

3 1938 72 1960 uata
88 1952 96 1965 ‚
133 1928 312 1970 interpolata
330 1953 338 1966 ,
375 1929 542 1971 alienisque
572 1929 727 1960 sententiis
751 1930 853 1959 aneia:

3 1971 112 2015 scripta
132 1984 207 2003 vero
233 1972 326 2004 multa
349 1974 386 2004 ab
410 1973 476 2004 aliis
491 1976 596 2004 aetatis
619 1973 716 2004 multo
732 1973 852 2004 serioris

0 2018 178 2053 hominibus
200 2026 324 2059 propter
347 2021 479 2048 nominis
503 2019 712 2048 auctoritatem
733 2017 770 2047 ad
793 2027 853 2046 am-

1 2058 132 2103 pliorem
147 2060 270 2092 suorum
281 2060 461 2103 placitorum
477 2062 772 2092 commendationem
786 2061 854 2090 tiela

1 2114 32 2136 et
52 2104 199 2147 supposita
222 2106 364 2136 arbitror.
421 2105 590 2137 Multorum
611 2114 710 2136 tamen
727 2128 736 2142 ,
775 2115 852 2146 quae

3 2150 144 2191 Orpheus
167 2152 373 2191 praeceperit,
403 2151 526 2189 vestigia
548 2149 715 2190 multasque
741 2149 853 2179 doetri-

2 2203 54 2223 nas
69 2194 217 2234 Orphicas
233 2195 379 2232 genuinas
401 2193 576 2235 superfuiss'e
592 2203 660 2224 ante
678 2195 856 2224 Onomacri·

2 2244 66 2267 tum
83 2247 173 2273 reor,
204 2246 233 2267 et
249 2239 358 2267 restare
375 2239 406 2267 in
422 2240 580 2271 καλεμέιοις
592 2237 746 2275 Ὀρφικοῖς,
777 2246 855 2277 quae

2 2280 101 2311 adhuc
114 2282 258 2312 habemus
268 2305 277 2317 ,
301 2282 363 2323 post
378 2281 613 2317 Cudworthum,
639 2283 855 2316 Mosheniium,

3 2327 66 2357 (eui
80 2325 204 2366 quidem
221 2325 258 2355 ad
268 2324 449 2357 Cr.·d.c·0rtlt.
465 2324 586 2361 systema
602 2324 697 2355 intell.
714 2334 778 2366 pag.
794 2334 856 2361 345.

2 2378 34 2398 n.
51 2379 98 2399 20.
115 2369 166 2398 fin.
180 2368 474 2409 nihilOrphicorum
497 2373 682 2405 carminum,
712 2378 789 2409 quae
805 2369 857 2397 ho-

5 2411 54 2442 dic
79 2411 222 2452 legimus,
251 2414 402 2455 probum,
429 2412 552 2450 sanum,
589 2423 639 2443 eut
656 2423 728 2443 vere
748 2413 858 2453 Orphi-

49 2464 117 2496 Vol.
140 2465 169 2498 l.

911 117 987 154 Lib.
1003 118 1034 153 I.
1062 117 1251 157 c.XVIII.
1695 139 1764 175 ¹45

914 225 983 244 cum
998 214 1121 245 videtur
1135 214 1219 252 effe,)
1244 217 1432 247 Bruckerum
1449 215 1585 259 aliosque
1603 220 1768 260 diligenter

915 257 1096 300 copioseque
1114 258 1251 301 exposuit
1263 261 1347 292 Tied.
1355 271 1488 293 mannus
1503 265 1539 292 V.
1556 261 1591 292 cl.
1602 262 1671 294 libr.
1679 276 1769 296 mem.

915 311 998 344 parte
1010 313 1028 332 1.
1048 302 1162 333 festu.
1180 305 1234 344 qui
1249 304 1375 344 quidem
1392 314 1455 346 cap.
1468 316 1488 336 1.
1503 306 1636 338 recenset
1651 307 1771 351 scripta,

914 356 992 387 qnae
1008 347 1210 388 perhibentur
1227 349 1376 389 Orphica:
1401 351 1534 379 carmina
1550 361 1624 381 vero
1645 355 1771 393 orphica

915 392 975 420 iam
989 389 1095 421 vltima
1108 399 1203 422 aetate
1218 393 1250 421 in
1266 394 1391 422 Graecia
1405 392 1492 424 fuisse
1508 394 1698 435 peruulgata,
1722 397 1771 427 vel

916 444 952 467 ex
967 433 1090 465 Platone
1107 443 1138 465 et
1155 434 1314 466 Aristotele
1330 438 1459 468 constat:
1481 448 1546 479 cap.
1563 441 1601 470 Π.
1619 439 1772 481 persequi-

917 486 967 512 tur
990 478 1129 517 dogmata
1151 481 1286 521 Orphica
1309 483 1442 519 genuina
1467 490 1495 512 et
1517 481 1604 513 falsa:
1641 494 1705 525 cap.
1717 487 1771 515 111.

917 532 995 563 quae
1018 524 1050 553 in
1072 525 1221 560 Hymnn,
1260 535 1337 565 quos
1357 535 1374 554 a
1397 525 1520 556 dinei-fis
1535 527 1712 558 hominibus
1728 529 1772 558 di-

918 567 1008 596 uersis
1022 567 1211 609 temporibus
1235 567 1388 599 confcoos
1403 569 1479 606 effe,
1510 581 1538 611 p.
1548 580 1596 609 77.
1613 570 1654 612 sq.
1672 572 1772 607 docet.

918 619 947 641 et
962 610 1000 641 de
1015 609 1212 650 fragmentis,
1235 622 1313 653 quae
1329 612 1443 652 singula
1459 614 1633 655 percenset,
1659 618 1771 655 (Argo-

917 656 1038 685 nautica
1059 665 1135 686 vero
1157 663 1186 686 et
1200 666 1308 697 poema
1331 656 1368 687 de
1383 656 1553 699 lapidibus,
1588 661 1660 699 quia
1673 659 1770 695 nihil,

917 698 1000 739 quod
1021 698 1059 729 ad
1085 698 1318 739 Cosmogoniam
1343 709 1372 731 et
1392 703 1532 732 notiones
1549 703 1772 744 philosophicas
1820 732 1826 735 .

917 744 1086 784 pertineat,
1116 751 1217 775 mente
1239 743 1289 775 sua
1305 747 1505 781 contineant,
1540 758 1602 777 non
1617 751 1772 787 attingit.)

917 788 1050 825 genuina
1072 786 1217 829 supersint
1237 797 1288 819 3111
1307 788 1455 832 supposita
1467 813 1476 826 ‚
1507 792 1625 832 Orphei
1642 791 1750 833 placita
1763 815 1772 828 ,

918 829 1008 860 fufius
1027 831 1185 873 explanat,
1209 842 1378 874 negatque,
1402 833 1566 864 serioribus
1588 834 1772 877 111310111ρο-

919 875 1003 904 ribus
1020 874 1077 905 ess'e
1093 876 1220 906 confie'ta
1231 899 1240 913 ,
1272 882 1358 919 (pag.
1368 881 1433 914 65.)
1454 880 1549 909 immo
1564 889 1629 920 pag.
1646 887 1691 919 78.
1710 881 1772 921 sqq.

918 920 1060 948 euincere
1077 919 1192 956 studet,
1215 921 1410 960 theogeniam
1434 924 1464 951 in
1482 925 1610 958 Hymnis
1630 923 1772 966 frequen-

917 971 976 992 tem
993 964 1141 1002 attingere
1161 972 1289 994 aetatem
1308 967 1493 1004 Pythagorae
1510 975 1539 996 et
1561 968 1696 1008 Orphei,
1722 968 1772 998 de-

916 1008 1010 1046 nique
1025 1016 1088 1048 cap.
1098 1009 1150 1037 1v.
1165 1008 1333 1050 composuit
1346 1021 1455 1051 corpus
1475 1009 1651 1052 disciplinae
1661 1014 1772 1054 Orphi-

915 1059 976 1079 cae.
1023 1050 1173 1087 Quasdam
1197 1053 1345 1094 Orphicas
1373 1054 1525 1084 dofitrinas
1541 1077 1550 1091 ,
1586 1056 1623 1086 ab
1645 1058 1772 1097 Orpheo

914 1092 979 1134 ipso
1002 1094 1168 1135 profeetas,
1191 1097 1228 1127 ab
1246 1099 1310 1127 eius
1327 1096 1482 1139 discipulis
1499 1097 1626 1140 aliisque
1647 1101 1771 1131 traditas

915 1146 943 1167 et
967 1147 1119 1178 tamquam
1142 1139 1257 1170 tabulas
1278 1140 1384 1172 fraeias
1412 1153 1427 1172 0
1459 1142 1618 1182 naufragio
1641 1143 1770 1175 seruatas

915 1179 989 1216 csse,
1013 1180 1140 1223 aliisque
1162 1183 1296 1214 eiusdem
1318 1185 1384 1216 fere
1407 1189 1576 1225 argumenti
1594 1189 1694 1228 postea
1716 1191 1770 1218 im-

915 1227 1040 1261 mixtas,
1066 1229 1168 1265 negari
1186 1239 1247 1258 non
1264 1232 1385 1270 poterit.
1439 1232 1536 1266 Nam,
1567 1240 1599 1261 vt
1615 1241 1666 1268 ea,
1691 1242 1769 1273 quae

915 1279 951 1299 ex
969 1267 1105 1305 Platone,
1122 1272 1287 1313 Euripide,
1312 1275 1508 1315 Aristophane
1531 1284 1559 1305 et
1578 1286 1652 1306 vero
1672 1279 1770 1306 Hero-

915 1312 988 1342 doto
1004 1323 1019 1341 a
1037 1312 1170 1345 Gesner-0
1186 1317 1217 1345 in
1240 1315 1464 1356 Prolegomenis
1476 1341 1484 1354 ‚
1517 1328 1546 1348 et
1566 1319 1603 1349 ab
1619 1318 1686 1350 aliis
1709 1322 1770 1350 iam

913 1364 1014 1387 notata
1037 1356 1128 1394 sunt,
1167 1363 1424 1400 praetermittam,
1455 1363 1584 1399 constat,
1617 1366 1676 1393 iam
1693 1366 1769 1394 anti·

912 1403 1035 1442 quiores
1060 1401 1256 1445 philosophos
1282 1404 1447 1446 exposuisse
1477 1407 1594 1447 Orphei
1633 1407 1670 1437 de
1710 1407 1768 1438 diis

913 1446 1084 1486 opiniones.
1108 1448 1154 1476 Sic
1165 1446 1363 1488 Chrysippus,
1388 1451 1442 1490 qui
1454 1451 1624 1480 Stoicorum
1640 1450 1772 1482 somnio-

912 1499 981 1518 rum
997 1489 1181 1520 vaferrimus
1201 1492 1331 1522 habetur
1353 1495 1502 1535 interpres
1514 1517 1522 1530 ,
1554 1494 1635 1535 apu'd
1654 1495 1772 1526 Cicero-

911 1542 977 1563 nem
993 1533 1030 1564 de
1046 1536 1116 1564 Nat.
1133 1534 1262 1565 deorum
1280 1535 1331 1566 lib.
1342 1539 1362 1566 1.
1379 1547 1442 1578 cap.
1455 1547 1493 1574 ις.
1509 1548 1573 1578 pag.
1585 1548 1636 1577 47.
1657 1539 1768 1577 cd2Da-

911 1577 989 1612 uisu,
1014 1580 1100 1607 cuius
1118 1587 1220 1609 notam
1236 1579 1385 1616 consules,
1409 1584 1440 1611 in
1457 1581 1589 1612 secundo
1607 1582 1644 1612 de
1660 1590 1768 1613 natura

912 1620 1039 1651 deornm
1056 1620 1136 1652 libro
1154 1624 1219 1654 vult
1236 1632 1385 1660 ouri—121,
1409 1624 1539 1666 Musaei,
1565 1625 1689 1667 Hefiodi
1702 1626 1769 1657 Ho-

911 1665 1193 1706 ›imi-iquefabela'as
1207 1668 1446 1699 adcommodare
1469 1669 1513 1700 ad
1527 1678 1563 1700 ca
1576 1691 1584 1705 ,
1608 1679 1687 1710 quae
1704 1669 1766 1710 iffi)

910 1708 988 1739 libro
1004 1709 1041 1741 de
1056 1710 1118 1741 diis
1137 1711 1366 1742 {nuum-talibus
1379 1712 1508 1745 dixerit.
1555 1712 1640 1743 Adde
1662 1714 1768 1745 Ticde-

911 1762 1059 1783 mannum
1075 1765 1141 1795 pag.
1160 1762 1201 1792 38·
1223 1754 1263 1796 sq.
1286 1755 1443 1787 Eudemus
1463 1756 1543 1797 apud
1565 1755 1766 1797 Damafiium

909 1798 942 1826 in
961 1798 1112 1838 Excerptis
1129 1799 1218 1829 editis
1233 1809 1249 1828 a
1268 1798 1382 1830 Wolfio
1398 1800 1510 1830 Anecd.
1525 1810 1568 1839 gr.
1585 1808 1658 1830 tom.
1669 1803 1720 1831 111.
1736 1812 1765 1843 p.

911 1845 974 1876 256.
998 1844 1177 1883 opinionem
1201 1843 1238 1872 de
1264 1847 1335 1873 ortu
1352 1854 1457 1874 rerum
1480 1854 1520 1874 ex
1540 1843 1626 1875 ειοὶῗε
1654 1843 1764 1876 diserte

911 1885 1166 1927 tribuitOrpheo.
1180 1899 1208 1916 v.
1219 1887 1256 1916 de
1272 1887 1324 1916 hac
1341 1898 1374 1916 re
1388 1886 1527 1928 pluribus
1542 1888 1692 1929 dorsteque
1707 1888 1766 1919 dis-

911 1928 1058 1959 serentem
1081 1930 1235 1960 censorem
1256 1932 1287 1960 111
1313 1930 1390 1960 Bibl.
1412 1933 1478 1961 crit.
1496 1931 1616 1962 Amstel.
1631 1935 1669 1962 11.
1687 1941 1764 1974 part.

908 1975 961 2004 lv.
978 1983 1006 2014 p.
1017 1980 1116 2012 87-90.
1162 1977 1246 2004 'snm
1257 1973 1352 2004 multa
1367 1986 1402 2005 ex
1423 1976 1548 2016 Orpheo
1564 1975 1687 2006 haufiffc
1700 1976 1764 2008 He-

908 2018 1067 2052 ramirum,
1084 2020 1201 2047 notauit
1216 2018 1348 2049 Clemens
1366 2019 1605 2051 Alexandrinus
1616 2022 1666 2050 VI.
1684 2022 1764 2051 Stro-

907 2069 978 2089 mat.
998 2069 1063 2100 pag.
1079 2066 1145 2098 629.
1176 2061 1265 2098 Quod
1282 2069 1382 2092 autem
1398 2064 1522 2094 vberior
1537 2065 1628 2093 huius
1642 2071 1762 2095 contro·

908 2104 1020 2133 uerfiae
1044 2105 1186 2146 expositio
1204 2105 1239 2135 ad
1261 2107 1415 2137 historiam
1437 2105 1645 2149 philosophiae
1670 2111 1762 2149 perti·

907 2156 974 2184 net,
999 2148 1036 2177 ab
1053 2150 1214 2189 nostroque
1234 2148 1332 2180 aliena
1344 2151 1384 2180 est
1400 2153 1551 2181 instituto:
1582 2152 1695 2190 singula
1711 2164 1760 2183 cx-

908 2200 1011 2222 cutere
1027 2200 1202 2230 argumenta
1213 2215 1222 2228 ‚
1245 2202 1306 2230 aut,
1329 2205 1406 2235 quac
1423 2198 1452 2224 in
1470 2205 1629 2235 vtranique
1644 2206 1759 2236 partem

907 2236 1016 2277 pollini
1036 2235 1180 2276 disputari
1198 2245 1228 2266 et
1241 2237 1388 2279 dii'pii;ata
1405 2237 1490 2274 sunt,
1522 2248 1677 2280 repetere,
1709 2248 1760 2270 aut

909 2279 962 2309 sub
975 2289 1098 2308 exnnen
1111 2290 1232 2316 vocare,
1257 2292 1311 2312 nec
1327 2291 1411 2312 vacat
1429 2293 1482 2312 nec
1501 2284 1632 2323 expedit.
1657 2286 1759 2320 Quare

910 2322 1041 2352 diuersas
1059 2323 1200 2363 quasdam
1217 2324 1254 2354 de
1270 2327 1413 2356 vetustate
1436 2327 1631 2367 orphicorum
1653 2330 1759 2358 carmi-

911 2378 983 2396 num
1000 2366 1159 2397 sententias
1174 2370 1384 2399 tantummodo
1395 2370 1580 2400 memorabo.
1605 2374 1758 2407 Quoniam

912 2421 986 2440 vero
1014 2413 1073 2440 iam
1095 2412 1303 2453 antiquissimis
1325 2414 1512 2455 temporibus
1541 2412 1642 2455 spuria
1675 2416 1758 2445 vide.

1011 2456 1047 2492 T
1687 2460 1757 2489 ban.
