2183 2747
300 154 365 198 396
479 149 612 186 Libas.
630 158 654 183 e.
664 159 697 195 5.
890 142 1088 181 SCHOLIA
1120 140 1271 204 CODD..
1297 137 1468 178 VENET.

313 243 476 284 conscribi
490 255 522 282 et
536 241 701 294 discipulis
717 239 800 279 tradi
818 250 1016 291 coeperunt3
1042 237 1128 275 vnde
1140 235 1268 274 saelum
1284 236 1347 279 est,
1371 246 1406 272 vt
1425 248 1585 273 numerus
1600 234 1735 274 illarum
1750 232 1868 273 stnfim
1880 233 1997 273 sensim

312 300 456 338 mirifice
473 306 660 347 augeretur.
713 297 792 345 Qo
805 294 926 330 clarior
942 291 1004 329 fuit
1019 291 1191 340 magister,
1217 299 1248 325 et
1263 302 1332 340 quo
1348 287 1457 338 plures
1473 292 1497 325 is
1514 290 1627 326 nac'tus
1643 289 1689 326 est
1708 286 1869 334 adseclam
1895 302 1938 326 eo
1958 291 2064 327 maio·-

313 366 388 389 rem
406 350 676 401 amplioremque
692 350 921 384 audloritatem
937 349 1003 382 eius
1019 343 1119 380 editio
1133 356 1204 378 non
1219 344 1329 377 minus
1347 354 1448 392 quam
1464 340 1693 378 adnotationes
1712 352 1810 392 atque
1831 343 2065 378 commentust

314 403 392 442 sunt
409 403 538 454 adepti,
566 412 664 452 atque
679 400 823 436 aliorum
839 402 949 435 minus
966 396 1130 433 nobilium
1147 394 1393 444 celebriusnque
1408 397 1589 430 nominum
1606 391 1734 431 scholas
1747 406 1844 444 atque
1858 393 1986 430 labores
2009 393 2065 430 ob-

314 455 498 495 scurarunt.
554 455 694 491 {norum
709 450 870 502 discipuli,
892 448 1026 501 quando
1041 447 1124 484 alios
1141 446 1262 482 docere
1275 456 1308 483 et
1326 448 1520 483 Homerum
1535 449 1738 498 interpretari
1756 447 1975 489 instituerunt,
1996 458 2066 482 ma·

316 510 499 561 gistrorum
513 505 650 544 suorum
669 505 787 542 dietata
803 501 824 540 s.
841 503 1140 539 commentationes
1156 498 1208 535 vel
1224 497 1404 548 repetendo
1422 499 1554 535 vlterius
1577 500 1856 550 promulgarunt,
1882 498 1955 546 vel,
1975 495 2069 549 quod

319 562 392 599 fieri
410 559 512 603 solet,
541 563 637 596 nouis
658 567 819 594 auxerunt
845 552 1146 592 obseruationibus,
1180 551 1233 587 vel
1254 554 1371 594 etiam,
1399 550 1422 587 si
1446 563 1592 588 erratum
1619 550 1713 588 fuisse
1738 551 1910 593 viderunt,
1933 548 2068 589 subinde
2108 578 2110 581 -
2166 580 2171 589 .

321 612 517 652 refutarunt.
570 615 648 661 Qo
662 612 860 660 antiquiores
874 611 974 657 igitur
988 603 1111 641 fuerint
1125 604 1339 640 collectiones
1349 632 1359 646 ,
1389 617 1430 640 eo
1445 605 1555 654 plures
1570 616 1667 656 atque
1684 606 1845 641 vberiores
1860 618 1899 641 ex
1915 606 2069 655 priorum
2122 632 2129 645 ψ,
2165 599 2172 607 ’

320 670 541 717 interpretum
558 663 687 700 scholiis
701 660 922 712 expositiones
940 657 1084 695 seruatae
1098 659 1132 692 in
1151 659 1186 692 iis
1204 653 1298 692 fuisse
1312 655 1472 693 videntur.
1528 658 1580 693 Sic
1600 671 1678 694 vero
1697 668 1784 694 tanta
1810 658 2070 693 commemaiiio-
2112 702 2118 708 .
2168 697 2170 699 r

323 733 401 757 rum
417 717 535 756 diuersi
551 719 678 768 generis
695 715 801 750 moles
818 725 852 749 vt
874 711 1040 754 existeret,
1066 707 1191 746 necesse
1212 707 1293 752 suit,
1318 719 1352 744 vt
1374 712 1441 746 eius
1466 709 1591 746 vastitas
1613 722 1644 746 et
1669 708 1866 759 magnitudo
1892 708 2069 746 deterreret

323 772 492 823 posteros,
520 766 709 820 praesertim
734 764 867 802 saeculis
890 765 1053 816 prioribus
1075 762 1149 813 post
1173 764 1254 799 Chr.
1277 772 1415 805 natum,
1452 763 1568 812 quibus
1590 776 1666 799 mos
1691 760 1897 812 compilandi
1917 771 1986 798 crat
2006 757 2072 799 sol·

325 826 467 867 lemnis,
495 839 511 859 a
533 836 620 858 noua
641 823 798 857 omnium
821 816 1144 854 commentariorum
1167 814 1368 850 collec'lione
1389 813 1594 852 instituenda.
1667 817 1779 866 Qare
1800 823 1983 865 coeperunt
2002 812 2071 850 stne
2123 855 2126 857 Α

329 878 561 928 grammatici,
589 873 655 910 siue
673 874 725 909 alii
743 874 898 908 homines
914 872 1052 921 priuati,
1078 881 1118 904 ex
1139 865 1272 903 diuersis·
1293 867 1356 903 illis
1379 864 1531 910 scholiis,
1564 870 1878 918 commentariisque
1898 878 1930 903 et
1953 868 2072 903 criticis

326 932 553 980 antiquiorum
580 923 860 962 obseruationibus
881 937 938 966 ea,
971 935 1056 972 quae
1076 919 1134 956 sibi
1158 922 1307 970 potiora,
1342 920 1472 956 vtiliora
1495 933 1532 956 ac
1554 931 1670 957 notatu
1695 920 1848 970 digniora
1873 918 2074 962 viderentur.

329 994 513 1031 excerpere.
566 981 618 1014 Sic
633 991 766 1028 quoque
779 974 925 1012 diuersae
940 983 1174 1024 excerptorum
1189 972 1402 1008 collectiones
1416 984 1529 1009 enatae
1546 971 1677 1009 suerint.
1730 973 1870 1009 Talibus
1881 1001 1892 1016 ,
1919 983 1952 1008 vt
1975 970 2073 1022 supra

330 1037 545 1073 monuimus,
579 1028 651 1066 vsus
666 1027 760 1066 fuisse
782 1028 910 1065 videtur
932 1027 1126 1064 Eustathius.
1179 1025 1265 1063 Alii,
1291 1035 1326 1060 vt
1349 1026 1572 1074 Po‘rphyriuS,
1599 1027 1808 1075 collegerunt
1830 1036 1886 1061 aut
1907 1021 2074 1075 excerpse·
2121 1022 2132 1033 “

330 1098 406 1123 runt
434 1084 642 1135 superiorum
667 1081 870 1134 quaestiones
892 1091 924 1117 et
954 1077 1155 1121 solutiones;
1190 1077 1244 1113 alii
1268 1074 1510 1126 obseruationes
1534 1082 1769 1128 grammaticas
1789 1089 1821 1114 et
1840 1080 1984 1123 criticas,
2017 1076 2073 1113 alii

331 1142 486 1175 minutias
513 1134 718 1187 potissimum
742 1136 996 1185 grammaticas:
1021 1132 1075 1168 alii
1102 1131 1232 1181 plures,
1259 1130 1314 1166 alii
1339 1133 1531 1180 pauciores,
1563 1134 1674 1180 prouti
1697 1133 1869 1181 ingenium
1893 1132 2075 1167 hominum

331 1192 416 1228 tulit.
467 1189 580 1226 Postea
594 1191 750 1225 homines
764 1185 926 1224 desierunt
941 1185 1100 1235 colligere
1116 1180 1357 1219 obseruationes
1373 1196 1412 1218 ex
1434 1185 1670 1233 antiquioribus
1682 1212 1691 1226 ,
1718 1184 1769 1219 vbi
1792 1180 1982 1233 praesertim
2003 1181 2076 1232 plu-

331 1248 418 1280 rium
443 1244 685 1279 commentaria
707 1238 920 1289 scholiaque‚
954 1239 1134 1286 temporis,
1165 1235 1334 1271 bellorum
1360 1235 1582 1286 barbarieique
1607 1234 1859 1286 ingrauescentis
1882 1238 1998 1271 iniuria
2023 1234 2076 1270 ab·

331 1294 437 1332 sumta
452 1293 592 1337 suerint,
619 1304 669 1337 et,
693 1305 776 1343 quae
791 1294 938 1328 notiores
955 1300 1010 1326 aut
1026 1289 1219 1325 celebriores
1233 1285 1468 1331 credebantur,
1494 1299 1549 1324 aut
1570 1289 1735 1339 pleniores
1755 1299 1847 1324 erant
1869 1298 2076 1324 commenta-

333 1351 390 1390 rii,
417 1343 652 1389 remanserint,
679 1359 763 1395 quae
785 1347 872 1380 varia
894 1340 1027 1378 fortuna
1046 1338 1308 1377 describebantur
1323 1354 1341 1376 a
1360 1339 1516 1383 librariis,
1537 1342 1668 1392 reliquis
1685 1341 1844 1390 neglefiis
1867 1352 1899 1377 et
1922 1339 2078 1390 deinceps
2116 1346 2118 1349 ’

334 1400 554 1452 pereuntibus.
589 1400 682 1448 Qae
699 1399 798 1446 igitur
811 1396 929 1432 restant
945 1393 1068 1430 scholia
1086 1405 1154 1429 tam
1171 1391 1268 1435 edita,
1297 1406 1398 1442 quani
1414 1407 1517 1429 manu
1533 1405 1673 1436 exarata,
1693 1408 1777 1444 quae
1792 1393 1901 1430 adhuc
1915 1395 1948 1429 in
1963 1392 2078 1429 biblio·
2116 1427 2118 1430 ,

335 1455 438 1489 thecis
454 1451 574 1492 latent,
600 1464 636 1486 ea
651 1447 786 1486 seriores
802 1450 1011 1498 grammatici
1029 1461 1068 1483 ex
1085 1447 1310 1495 antiquiorum
1328 1442 1481 1488 scholiis,
1509 1449 1758 1483 commentariis
1782 1448 1935 1496 notisque
1958 1447 2077 1482 criticis
2115 1446 2118 1451 ’

336 1516 490 1554 excerpta
507 1503 725 1551 collegerunt.
779 1503 831 1538 De
851 1499 981 1537 scholiis
996 1499 1180 1536 minoribus
1195 1501 1261 1534 iam
1281 1495 1377 1547 supra
1391 1495 1592 1548 disputatum
1608 1499 1663 1536 ess.
1716 1501 1781 1548 Qi
1805 1501 1974 1547 hucusque
1988 1496 2079 1535 codi·
2120 1542 2122 1548 Ι

337 1571 390 1594 ces
415 1558 579 1598 Homeri,
615 1556 862 1591 commentariis
884 1555 1193 1590 Grammaticorum
1213 1551 1411 1598 plenioribus
1432 1562 1530 1600 atque
1552 1554 1750 1587 uberioribus
1774 1554 1902 1594 ornati,
1928 1552 2079 1586 innotue-

337 1621 433 1650 runt,
459 1609 627 1645 Eustathio
647 1617 806 1657 excepto,
833 1603 905 1642 sunt
929 1604 998 1641 duo
1016 1607 1151 1650 Veneti,
1175 1603 1401 1646 Hui-eminus,
1428 1601 1600 1639 Vomanus
1615 1603 1681 1640 siue
1700 1602 1881 1646 Leidensis,
1908 1601 1978 1639 duo
2000 1603 2080 1640 Sco·

335 1659 506 1702 rialensts,
540 1658 710 1710 Lipsiensis
731 1670 762 1696 et
786 1656 1014 1709 Mosquensis:
1045 1669 1163 1693 omnes
1188 1667 1300 1691 tamen
1319 1668 1359 1691 ex
1383 1668 1451 1692 vno
1474 1659 1648 1692 communi
1674 1654 1787 1698 fonte,
1813 1655 2008 1706 posteriores
2026 1667 2082 1691 au·

337 1726 427 1755 tem,
453 1728 486 1749 n.
503 1713 710 1750 Florentinus
728 1725 805 1748 cum
824 1711 953 1760 reliquis
969 1723 1008 1746 ex
1026 1724 1087 1745 vna
1102 1707 1284 1758 eademque
1297 1710 1481 1757 antiquiore
1499 1708 1715 1752 colle-dione,
1743 1722 1844 1758 quani
1865 1708 1985 1744 librarii
2008 1719 2083 1744 mo-

339 1766 385 1803 do
399 1766 586 1815 diligentius
603 1761 860 1813 descripserunt,
886 1761 993 1798 modo
1008 1762 1246 1811 negligentius,
1271 1761 1348 1795 hinc
1368 1760 1460 1796 illinc
1484 1760 1680 1810 quibusdam
1704 1759 1849 1803 omitsis,
1875 1771 1930 1797 aut
1950 1758 2084 1808 additis,
2115 1802 2118 1807 ι

339 1816 467 1854 fluxisse
484 1816 642 1854 videntur.
696 1819 744 1852 Ex
765 1829 832 1866 quo
848 1814 998 1865 adparet,
1026 1827 1126 1864 quare
1144 1816 1178 1848 in
1192 1814 1260 1848 aliis
1279 1813 1373 1862 plura
1391 1811 1512 1855 desint,
1541 1828 1623 1864 quae
1643 1817 1677 1850 in
1700 1815 1768 1850 aliis
1786 1811 1858 1849 sunt
1881 1810 2022 1851 seruata·
2047 1823 2082 1851 Β

341 1885 440 1920 quare
457 1868 549 1920 saepe
567 1866 718 1905 differant
734 1872 817 1904 inter
835 1865 884 1909 se,
911 1865 1034 1916 saepius
1051 1879 1162 1902 tamen
1176 1864 1215 1900 :id
1233 1866 1368 1900 verbum
1385 1863 1582 1915 conspirent.
1621 1868 1673 1902 De
1689 1864 1834 1903 Leidensi
1850 1877 1882 1901 et
1897 1866 1966 1902 aliis
1982 1862 2082 1902 codd.

343 1934 415 1958 tum
433 1920 678 1972 paiaphrasibus
695 1936 731 1956 ac
745 1919 1002 1970 metaphrasibus
1022 1922 1054 1954 in
1071 1915 1212 1968 sequenti
1231 1920 1441 1967 paragrapho
1455 1916 1681 1968 disputabitur.
1733 1919 1783 1954 Ex
1799 1918 1992 1954 Florentino
2006 1914 2084 1955 cod.
2108 1911 2111 1914 .

344 1986 377 2010 vt
393 1978 425 2010 in
441 1972 526 2023 supet
538 1978 605 2009 iore
623 1975 654 2022 §.
673 1976 737 2009 inm
756 1970 963 2009 obseruatum
982 1971 1045 2014 est,
1073 1968 1238 2021 specimen
1255 1969 1343 2006 dedit
1362 1970 1532 2008 Corradus
1550 1972 1722 2007 Hormina.
1774 1971 1946 2006 Vberrima
1970 1980 2084 2012 tamen
2103 1982 2105 1985 '

344 2038 490 2063 veterum
511 2025 631 2062 scholia
650 2023 771 2062 seruata
789 2023 860 2060 sunt
877 2028 909 2060 in
923 2023 1050 2060 duobus
1065 2022 1231 2058 codicibus
1243 2051 1252 2062 ,
1281 2036 1330 2058 nr.
1348 2035 1413 2069 ⁴53.
1431 2034 1461 2059 et
1479 2036 1548 2069 454.
1573 2027 1628 2074 qui
1645 2022 1801 2074 praestat,
1829 2025 1861 2058 in
1884 2023 2081 2061 bibliothec·

344 2080 469 2114 Veneta
493 2081 533 2114 D.
550 2081 668 2115 Marci.
728 2080 764 2113 ln
788 2078 967 2128 posteriore
998 2073 1187 2126 praesertim
1213 2072 1338 2114 insunt,
1374 2078 1479 2111 variae
1502 2077 1658 2112 lecliones
1679 2086 1869 2125 excerptae,
1896 2081 1947 2118 (vt
1967 2072 2006 2110 ad
2026 2074 2109 2124 ᾁξ,
2154 2080 2157 2082 ’

345 2132 405 2166 XV
425 2128 490 2180 sqq·
507 2128 676 2179 superioris
695 2134 805 2180 capitis
823 2134 888 2166 iaiii
904 2127 1112 2165 obseruatum
1129 2127 1200 2171 ess,)
1214 2141 1251 2162 ex
1269 2127 1495 2176 antiquilliiiiis
1515 2129 1575 2164 illis
1595 2140 1624 2164 et
1647 2127 1780 2178 perditis
1799 2129 1941 2163 Homeri
1967 2124 2083 2164 editio-
2101 2121 2114 2159 J

346 2183 438 2219 nibus
454 2185 563 2219 chii».
589 2185 742 2225 Creticis,
770 2186 920 2232 Cypriis,
950 2181 1133 2230 Argolicis,
1158 2179 1386 2220 Maffilioticis,
1410 2181 1570 2230 Sinopicis
1587 2193 1646 2217 etc.
1670 2194 1708 2217 ex
1731 2179 1854 2215 duabus
1870 2177 2002 2215 diuersis
2017 2176 2133 2228 edi-⁵⁸5}

347 2236 488 2270 tionibus
507 2234 699 2274 Aristarchi,
726 2249 763 2270 cx
782 2234 904 2270 duabus
923 2236 1108 2270 Antinoe-hi
1122 2259 1131 2272 ,
1158 2247 1196 2268 ex
1212 2231 1301 2268 editt.
1321 2232 1544 2282 Aristophanis
1559 2235 1748 2279 Byzantini,
1772 2232 1957 2274 Callillrati,
1983 2232 2082 2267 Rhia-
2109 2230 2132 2275 ,ἶ
2180 2237 2183 2243 “

349 2290 402 2326 ui,
430 2285 610 2333 Sosigenis,
641 2288 841 2322 Philemonis
856 2290 992 2326 Cretici.
1020 2284 1183 2322 Zenodoti
1199 2296 1257 2320 etc.
1274 2283 1313 2319 ad
1332 2288 1519 2332 marginem
1536 2283 1688 2322 versuum
1711 2288 1962 2321 homericoruin
1981 2281 2083 2334 adpo·
2114 2274 2144 2325 ἰ

349 2337 406 2375 sita
424 2337 493 2374 sunt
509 2338 596 2386 ligna
614 2342 724 2374 critica
743 2339 868 2388 aliaque
887 2338 976 2387 ligna
993 2354 1010 2374 a
1030 2339 1188 2374 veteribus
1204 2340 1428 2386 grammaticis
1448 2339 1531 2373 olim
1550 2335 1716 2387 vsurpata.
1744 2338 1871 2386 aliaque
1894 2338 2006 2372 veteris
2028 2346 2080 2370 or·
2108 2332 2134 2357 ‚¹⁴

349 2392 566 2439 thographiac
592 2391 740 2438 vestigia:
773 2392 849 2426 inest
873 2389 1068 2440 amplillima
1094 2392 1341 2426 homericarum
1368 2390 1596 2439 quaestionum
1619 2405 1656 2426 ac
1685 2387 1887 2425 solutionum
1919 2387 2082 2423 collc‘lim

347 2444 516 2479 fabricius
540 2445 606 2478 iam
631 2440 815 2493 scripserat:
855 2471 871 2485 ‚.
882 2445 1025 2479 venetiis
1048 2446 1082 2479 in
1101 2443 1297 2479 bibliotheca
1323 2443 1366 2478 D.
1383 2442 1494 2478 Marci
1514 2442 1650 2479 Iliadem
1673 2455 1751 2479 cum
1775 2439 1907 2479 scholiis
1931 2440 1970 2475 ab
1989 2437 2080 2474 editis

1936 2489 2079 2528 multum
