2071 2747
235 146 300 183 778
351 137 425 174 Lib.
439 137 491 172 II.
504 149 527 172 c.
542 134 691 173 XXVI.
980 132 1237 170 ISOCRATES
1690 130 1781 161 vom.
1794 132 1979 167 9-900P901
2012 141 2035 192 ’i

233 245 295 270 tur.
329 233 383 270 De
399 235 532 270 Socrate
549 231 582 268 id
603 228 801 278 comprobat
818 225 945 265 Meurs.
961 231 1047 264 attic.
1062 227 1220 264 lec'lionn.
1236 229 1277 263 V.
1295 239 1366 277 cap.
1381 227 1445 275 14].
1500 229 1637 266 Amicus
1654 225 1717 264 fuit
1734 228 1891 272 Platonis,
1909 228 1983 278 phi-
2025 252 2029 256 -

234 283 379 336 losophi,
395 287 523 330 (Laert.
540 285 594 322 ΙΙΙ.
610 285 658 328 8.)
681 279 735 318 sex
761 293 834 318 ante
861 281 957 317 illum
981 283 1072 316 annis
1087 290 1181 316 natus
1202 278 1261 326 (id.
1277 281 1333 316 111.
1350 282 1393 327 a.)
1421 282 1613 331 privignum
1636 283 1751 317 habuit
1777 282 1982 330 Aphareum,

238 341 418 375 rhetorem.
443 336 551 385 (Suid.
566 332 829 387 ἰιιἊφαςεῦς.)
884 333 1029 370 Audacia
1045 343 1076 369 et
1093 346 1175 368 voce
1189 331 1379 369 destitutum
1400 331 1431 370 se
1457 333 1603 380 videns,
1621 333 1714 384 quod
1735 330 1803 384 ipse
1825 335 1859 369 iu
1883 334 1984 369 Patu-

238 394 392 428 thenaico
409 394 444 432 ²‘)
470 388 608 432 fatetur,
635 391 735 425 rarius
759 389 791 423 in
815 386 965 436 publico,
990 395 1087 434 atque
1108 384 1132 421 st
1157 387 1341 421 Lucianum
1363 387 1397 421 in
1418 385 1559 424 Parasito
1576 388 1633 435 [if]
1655 398 1740 425 tom.
1760 387 1799 422 11.
1819 398 1893 436 pag.
1911 396 1982 430 2571

237 443 411 486 audimus,
437 455 626 492 numquam
642 444 674 477 in
691 440 832 476 iudiciali
849 437 928 474 foro
945 437 1045 481 dixit,
1071 451 1134 474 nec
1148 438 1311 488 rempubl.
1325 437 1437 489 gesl‘it,
1460 437 1514 475 sed
1528 440 1638 490 plures
1653 442 1840 479 orationes.
1851 437 1983 484 (civiles

235 498 360 546 potius,
383 508 484 546 quam
507 493 651 531 forenses
667 492 724 540 9))
754 490 942 532 scribendo,
967 500 999 527 et
1020 503 1121 541 quam
1143 490 1325 540 plurimos,
1352 494 1453 540 inque
1473 494 1526 529 his
1547 491 1758 543 Hyperidem
1781 503 1814 529 et
1842 489 1983 534 Isaeum,

236 550 552 597 Xenophontem,²)
578 548 851 595 Theopompum
869 545 1014 583 Chium,
1045 545 1268 587 Naucratem,
1292 545 1470 594 Ephorum
1495 548 1707 590 Cumanum,
1733 542 1983 587 Theodedleim

236 600 532 647 Assydamantem,
560 597 755 644 Philiscum,
781 594 1082 642 Thrasymachum
1101 606 1132 633 et
1151 596 1437 640 Demosthenem,
1463 600 1630 635 Cratetem
1658 601 1738 635 item
1755 596 1983 636 Trallianum.
2015 595 2019 598 ”

237 667 341 704 quem
355 650 578 704 Ἰσοκράτειον
591 661 686 687 vocat
704 650 861 684 Laertius
879 651 936 686 lv.
951 661 998 691 23.
1025 649 1216 685 Stratonem
1231 648 1414 698 quemdam
1436 649 1480 687 id.
1494 655 1534 688 V.
1551 655 1599 689 61.
1635 651 1853 694 Clearchum,
1876 649 1983 685 Hera·

237 708 328 742 eleae
343 717 536 752 tyrannum,
559 703 638 740 telle
652 702 840 738 Memnone
854 699 940 751 apud
953 701 1109 738 photium
1125 701 1201 738 cod.
1218 703 1318 740 XXII.
1335 714 1365 746 4.
1393 713 1426 739 et
1448 703 1620 750 Dionysio
1642 717 1720 752 prae
1743 705 1856 739 ceteris
1874 699 1984 737 lauda·

236 769 311 795 tum
326 755 596 808 Cephisodorum
609 784 618 800 ‚
645 757 700 804 qui
715 753 748 790 se
765 752 946 790 Isocrateos
962 752 1065 790 videri
1079 753 1269 796 voluerunt,
1292 754 1371 791 teste
1384 755 1430 792 A.
1447 757 1554 793 Gellio
1569 759 1685 794 xvnl.
1701 765 1732 800 8,
1762 759 1794 791 in
1810 754 1901 791 ciuili
1916 753 1986 790 elo·

235 814 369 860 quentia
384 808 585 851 erudiendo,
612 821 694 858 opes
720 805 922 842 incredibiles
950 817 982 843 et
1003 806 1150 856 gloriam
1173 806 1232 843 fibi
1252 812 1459 857 comparauit
1480 808 1700 860 singularem,
1726 807 1783 850 sic,
1806 817 1838 844 vt
1860 806 1983 843 domu'e

235 860 388 900 Isocratis
403 862 537 899 officina
551 861 759 910 eloquentiae
774 860 966 901 haberetur,
993 870 1028 895 vt
1050 861 1095 895 ait
1113 860 1223 896 Cicero
1246 863 1279 896 in
1302 872 1436 898 oratore
1459 876 1529 912 cap.
1546 875 1588 907 13-
1618 863 1669 899 vbi
1687 861 1832 898 Platonis
1855 859 1896 896 de
1919 855 1984 896 lso-

236 926 324 952 crate
341 915 565 951 testimonium
583 911 689 948 adfert
703 911 886 948 ePhaedro
903 922 1067 948 extremo.
1120 911 1212 949 Idem
1228 917 1261 948 in
1277 915 1378 950 Bruto
1400 928 1469 964 cap.
1495 922 1525 956 8.
1551 915 1734 964 Isocrates,
1757 916 1849 950 cuim
1870 914 1985 948 domm

236 968 366 1004 ειιηὲἴαε
385 968 540 1002 Graeciae
555 966 645 1016 quqfi
657 966 755 1001 ludus
779 966 908 1012 quidam
925 968 1041 1011 patuit
1061 972 1157 1012 atque
1182 964 1304 1012 officina
1327 966 1468 1004 dicendi:
1496 980 1636 1016 magnus
1647 974 1763 1004 orator
1776 973 1808 1002 et
1817 964 1983 1013 perfefflss

236 1020 398 1067 magister,
415 1019 742 1068 quamquamforenst
756 1017 824 1053 luce
842 1020 965 1057 caruit,
992 1020 1141 1065 intraque
1152 1021 1296 1065 parietes
1313 1019 1395 1054 aluit
1417 1033 1484 1055 enm
1498 1021 1662 1069 gloriam,
1687 1032 1783 1068 quam
1804 1030 1892 1054 nemo
1914 1018 1985 1066 qm·-

234 1075 306 1108 dcm
332 1084 396 1107 meo
419 1072 537 1108 iudicio
564 1070 607 1118 est
624 1070 733 1120 pfstca
753 1070 948 1118 consecutus.
970 1069 1054 1105 adde
1076 1084 1146 1120 cap.
1168 1064 1210 1106 ia.
1235 1081 1267 1106 et
1286 1073 1344 1107 111.
1366 1070 1406 1107 de
1431 1084 1515 1112 orat.
1539 1087 1610 1123 cap.
1627 1085 1675 1118 35.
1700 1073 1753 1108 vbi
1777 1069 1817 1108 de
1833 1068 1982 1111 aemulo,
2023 1075 2026 1078 ’

234 1123 421 1161 Aristotele.
473 1125 703 1172 Hermippum
723 1126 754 1161 ἐν
770 1124 877 1176 τρίτῳ
891 1123 968 1173 περὶ
986 1124 1052 1161 τῶν
1067 1120 1269 1174 Ἰσοκράτεις
1283 1124 1456 1174 μαθητῶν
1472 1124 1579 1162 laudat
1595 1125 1783 1161 Athenaeus
1807 1122 1877 1171 [lib.
1891 1123 1984 1158 Vll!-
2003 1150 2007 1153 .
2024 1171 2026 1174 y

234 1190 308 1227 pag.
328 1188 400 1222 34²·
418 1178 489 1222 C.].
543 1175 605 1212 Sed
620 1186 652 1212 et
667 1175 708 1211 de
723 1173 886 1224 discipulis
905 1174 1052 1211 Isocratis
1068 1177 1214 1224 pluribus
1231 1179 1319 1213 libris
1333 1177 1511 1228 diligenter
1525 1176 1623 1228 egill'e
1644 1178 1761 1224 illum,
1785 1175 1886 1212 docet
1908 1185 1982 1212 tum
2010 1179 2027 1197 ·’

234 1229 323 1266 idem
342 1231 550 1270 Athenaeus,
572 1239 643 1264 tum
661 1230 913 1277 Harpocration
928 1231 960 1263 in
975 1226 1114 1270 Ἰσαῖος,
1132 1240 1163 1265 ct
1180 1228 1364 1275 Dionysius
1387 1233 1422 1266 in
1440 1228 1540 1267 Isaeo.
1576 1233 1702 1267 Docuit
1721 1228 1880 1266 Isocrates
1895 1239 1984 1264 met-

234 1281 314 1318 cede
335 1282 569 1318 drachmarum
587 1281 698 1322 mille,
727 1294 810 1330 quae
823 1294 929 1330 quum
948 1283 1056 1329 prima
1071 1284 1140 1319 viee
1157 1280 1215 1329 ipsi
1230 1294 1478 1322 numeraretur,
1501 1284 1652 1320 lacrimas
1668 1280 1806 1323 naisiss‘e.
1827 1295 1866 1318 ac
1882 1279 1914 1317 se
1930 1293 1984 1317 ve·
2023 1291 2027 1318 ἶ

233 1334 420 1371 nundatum
436 1333 635 1382 conquestus
657 1331 721 1369 esse
742 1334 882 1371 dicitur:
907 1331 975 1383 ipse
995 1333 1112 1370 decem
1133 1334 1236 1369 millia
1260 1335 1495 1372 drachmarum
1513 1336 1595 1372 dixit
1611 1334 1768 1372 daturum
1783 1333 1816 1371 se
1829 1334 1898 1377 illi,
1923 1334 1984 1384 qui
2011 1355 2014 1359 ·

233 1386 394 1423 audacem
412 1398 444 1422 et
458 1387 611 1423 vocalem
628 1384 660 1422 se
675 1384 832 1422 redderet.
846 1388 895 1430 ⁶²)
948 1386 1185 1422 Timiditatem
1202 1389 1288 1431 eim,
1316 1387 1408 1437 quod
1425 1402 1495 1424 nou
1516 1388 1646 1438 plures,
1673 1402 1774 1438 quam
1790 1400 1905 1427 vnum,
1928 1383 1982 1423 vel

233 1440 341 1482 binos,
360 1438 532 1474 admittere
546 1437 643 1474 flmul
659 1436 825 1474 sustineret
842 1437 1017 1480 auditores,
1037 1438 1260 1489 perstringunt
1275 1440 1466 1476 Plutarchus
1483 1452 1516 1476 et
1529 1442 1684 1477 Tzetzes.
1724 1442 1785 1488 [At
1797 1441 1889 1476 enim
1908 1438 1983 1475 Plu·

232 1494 363 1528 tarchus
386 1489 451 1541 ipse
471 1491 538 1528 alio
566 1490 647 1527 loco
670 1502 702 1527 et
725 1492 860 1527 Photius
881 1488 998 1527 diserte
1019 1491 1153 1535 dicunt,
1187 1490 1364 1529 Isocratem
1385 1491 1563 1542 discipulos
1593 1490 1737 1530 habuisse
1766 1492 1807 1528 ad
1832 1502 1979 1528 centum.

231 1545 386 1580 Tzetzae
407 1546 553 1580 narratio
579 1542 726 1580 fabulam
752 1541 843 1593 sapit.
897 1543 1048 1580 Alterum
1072 1547 1170 1594 igitur
1190 1545 1306 1581 locum
1334 1546 1497 1582 Plutarchi
1520 1558 1596 1596 pag.
1611 1558 1685 1592 937.
1702 1545 1790 1582 med.
1813 1543 1854 1581 ad
1879 1557 1981 1595 quem

230 1594 427 1646 prouocasse
442 1595 569 1632 videtur
586 1598 767 1639 Fabricius,
793 1595 945 1632 hiemale
966 1596 1146 1640 intellexit,
1172 1596 1263 1646 quod
1292 1598 1420 1634 vberius
1442 1597 1539 1634 docet
1559 1598 1727 1642 Schirach,
1751 1596 1902 1634 Isocratis
1926 1595 1982 1635 d·-

230 1646 364 1689 fensor,
392 1651 426 1684 in
442 1646 522 1698 disp.
541 1651 553 1683 1
588 1662 662 1698 pag.
681 1662 714 1693 ¹4
735 1647 817 1699 sqq]
870 1651 935 1685 Pro
950 1648 1060 1690 literis,
1075 1649 1114 1686 ad
1133 1648 1344 1686 Athenienses
1360 1649 1543 1695 mittendis,
1561 1665 1578 1687 a
1593 1652 1785 1687 Timotheo
1802 1650 1979 1693 talentum,

230 1713 294 1750 pro
313 1715 376 1737 vna
392 1704 542 1738 oratione
555 1716 573 1736 a
588 1701 739 1739 Nicocle,
759 1715 836 1751 rege
849 1729 859 1744 ,
880 1703 994 1750 viginti
1019 1702 1140 1738 talenta
1156 1700 1198 1743 ω)
1222 1706 1359 1753 accepit.
1411 1702 1515 1754 Qod
1535 1716 1616 1740 vero
1640 1702 1680 1740 ad
1703 1707 1771 1741 vim
1786 1705 1821 1740 in
1834 1701 1979 1740 diceudo

232 1757 366 1796 attinet,
391 1751 445 1797 se,
469 1754 592 1794 aiebat,
621 1752 716 1803 fungi
735 1758 801 1790 vice
815 1756 898 1789 cotis
916 1754 970 1804 “),
989 1765 1125 1791 acutum
1951 1753 1955 1756 ’

527 1820 666 1854 Reddere
689 1831 769 1863 quae
782 1819 911 1863 fimum
931 1822 1031 1860 valet,
1060 1821 1169 1864 exsors
1190 1822 1255 1867 ipsa
1266 1821 1405 1866 ficandi.
1887 1869 1918 1905 C
1957 1842 1977 1857 ‚,·

1918 1879 2004 1909 ορ..

270 1944 312 1981 x)
335 1952 402 1984 pag.
420 1952 478 1978 234
488 1944 518 1973 Ε.
534 1949 562 1973 et
578 1943 609 1972 in
623 1948 698 1974 orat.
714 1941 751 1972 ad
767 1941 895 1984 Philipp.
911 1953 976 1985 pag.
991 1945 1080 1980 98.C.
1170 1944 1230 1984 aa)
1253 1947 1332 1987 Opes
1347 1955 1421 1976 vero
1437 1943 1600 1987 praeceptis
1626 1941 1812 1985 eloquentiae
1829 1939 1978 1981 tradendfi

230 1985 294 2015 coll.
321 1985 464 2018 l'alcken.
494 1989 524 2016 in
553 1985 678 2016 diatribc
702 1985 862 2027 Euripnlta
889 1988 952 2028 post
981 1988 1082 2029 Eurip.
1125 1987 1243 2027 collegit
1265 1997 1377 2025 tantas,
1406 1997 1436 2018 κ(
1459 1989 1610 2020 iuberetur
1632 1987 1725 2018 sumtu
1751 1987 1803 2018 suo
1824 1991 1988 2034 trireme-9,

230 2028 426 2070 Hippolytum
442 2028 579 2071 pag.235.
595 2030 630 2058 dc
644 2028 735 2059 abusu
752 2029 958 2071 eloquentiae,
985 2033 1014 2060 in
1035 2042 1080 2061 rc·
1124 2032 1279 2062 aedificare
1309 2041 1339 2062 et
1367 2033 1509 2062 instrucre
1540 2033 1728 2062 armamentis
1759 2042 1790 2062 ac
1820 2033 1979 2075 militibuq-
2000 2054 2002 2058 ›

229 2071 310 2112 publ.
333 2076 421 2103 attica
443 2073 557 2103 erudite
580 2072 759 2113 disputante,
781 2082 810 2103 ct
823 2075 855 2103 in
871 2082 936 2104 not.
949 2073 995 2104 ad.
1011 2076 1081 2106 Eur.
1124 2086 1215 2116 quum
1235 2077 1278 2106 bis
1295 2075 1369 2106 illud
1386 2087 1503 2111 munus,
1519 2076 1578 2106 fiue
1595 2085 1685 2113 genus
1702 2078 1879 2115 &unns-e,
1905 2077 1991 2111 teste*

229 2114 350 2155 Rappol.
373 2128 400 2145 v.
418 2120 482 2151 986.
498 2128 562 2158 pag.
580 2120 615 2146 26
633 2131 649 2148 ¹.
674 2117 705 2146 Η
717 2116 767 2146 rrl.
1124 2118 1291 2155 Plutarcho,
1309 2118 1601 2151 recufass'et.Fabric.
1631 2121 1673 2149 Dc
1689 2118 1812 2150 molesto
1829 2120 1880 2151 ‘illo
1901 2119 1991 2156 olin‘

270 2166 305 2197 y)
328 2157 454 2189 sui-enses
470 2169 567 2190 tamen
590 2171 644 2201 pro
663 2159 737 2188 abis.
771 2160 868 2193 Harl.
1122 2172 1151 2193 ct
1174 2162 1323 2193 sumtuosa
1346 2174 1468 2193 munere
1496 2163 1715 2193 Athenicnlium
1742 2163 1828 2194 doeh
1848 2164 1975 2207 dispraeti

271 2200 309 2237 z)
333 2202 462 2232 Photius.
486 2202 595 2233 Confer
620 2204 653 2232 «le
678 2205 883 2246 'l‘hcopompo
903 2205 1079 2235 Ciceronem
1122 2206 1207 2237 Frid.
1225 2207 1312 2247 Aug.
1332 2206 1425 2246 IVoAJI
1439 2209 1469 2236 in
1487 2206 1609 2236 cruditis
1626 2205 1846 2248 prolegomenis
1861 2208 1898 2239 ad
1915 2207 1979 2253 Πρ-

227 2244 258 2272 in
276 2245 403 2274 Oratore
421 2257 480 2287 cap.
501 2257 551 2281 4⁴-
599 2248 642 2276 Dc
663 2248 782 2287 Ephoro
805 2258 833 2277 ct
851 2250 998 2278 Naucrate
1015 2259 1079 2290 cap.
1121 2249 1282 2292 mustitanis
1297 2258 1373 2281 orat.
1389 2249 1502 2280 aduert‘.
1518 2251 1673 2291 Leptinem
1688 2252 1787 2292 pag.C
1801 2250 1860 2294 sqq.
1879 2249 1972 2286 Harl.

228 2294 268 2321 5¹·
299 2288 341 2316 De
366 2289 485 2328 Ephoro
510 2291 617 2319 iterum
639 2300 699 2329 cap.
726 2299 772 2327 57.
803 2290 971 2330 Ephorus,
999 2291 1077 2323 leuis

224 2327 286 2371 ipse
307 2337 434 2366 orator,
458 2332 507 2364 [νά
524 2332 612 2372 prose
623 2332 676 2362 Tus
703 2344 743 2362 ix
766 2342 884 2370 optima
905 2334 1074 2375 disciplina.
1163 2333 1220 2372 bb)
1240 2332 1387 2364 Plutarch.
1410 2334 1494 2364 Phot.
1554 2334 1689 2366 Budaeus
1718 2333 1769 2366 lib.
1786 2337 1823 2367 u.
1844 2334 1880 2366 de
1902 2333 1970 2374 a&

226 2374 286 2411 [Dc
300 2373 344 2402 his
363 2382 391 2402 ct
407 2373 470 2402 alus
489 2385 515 2403 v.
538 2374 618 2404 Mun
632 2384 700 2404 umn
724 2386 800 2406 attic.
819 2376 937 2407 lection.
956 2381 990 2408 V.
1013 2388 1076 2419 cap.
1121 2377 1278 2408 duodecim
1294 2377 1388 2408 millia
1406 2388 1578 2410 aureorum.

225 2426 267 2445 ar.
298 2415 455 2447 Scfurast
482 2429 508 2445 uz
542 2417 600 2457 ln‘p.
620 2421 641 2447 l.
664 2428 729 2458 pag.
751 2429 781 2448 12
804 2420 856 2462 sqq
889 2429 917 2450 et
938 2432 989 2451 nos
1012 2422 1076 2462 pust

223 2459 380 2490 Isocratem
394 2458 479 2502 plura
496 2461 650 2497 dicentur]
1165 2471 1208 2498 rc)
1232 2465 1374 2495 Hor-auu·
1388 2470 1449 2494 arte
1466 2474 1493 2494 v.
1508 2473 1577 2501 304.
