<?xml version="1.0" encoding="UTF-8"?>
<!DOCTYPE html PUBLIC "-//W3C//DTD XHTML 1.0 Transitional//EN"
    "http://www.w3.org/TR/xhtml1/DTD/xhtml1-transitional.dtd">
<html xmlns="http://www.w3.org/1999/xhtml" xml:lang="en" lang="en">
 <head>
  <title>
</title>
<meta http-equiv="Content-Type" content="text/html;charset=utf-8" />
  <meta name='ocr-system' content='tesseract 3.04.00' />
  <meta name='ocr-capabilities' content='ocr_page ocr_carea ocr_par ocr_line ocrx_word'/>
</head>
<body>
  <div class='ocr_page' id='page_1' title='image "./bibliothecagraec01fabruoft_0833.png"; bbox 0 0 2183 2747; ppageno 0'>
   <div class='ocr_carea' id='block_1_1' title="bbox 73 125 266 161">
    <p class='ocr_par' dir='ltr' id='par_1_1' title="bbox 73 125 266 161">
     <span class='ocr_line' id='line_1_1' title="bbox 73 125 266 161; baseline 0 -6"><span class='ocrx_word' id='word_1_1' title='bbox 73 125 136 155; x_wconf 63' lang='lat' dir='ltr'>vni.</span> <span class='ocrx_word' id='word_1_2' title='bbox 144 125 168 154; x_wconf 71' lang='grc' dir='ltr'>Ι.</span> <span class='ocrx_word' id='word_1_3' title='bbox 176 134 202 160; x_wconf 75' lang='grc' dir='ltr'>Ρ.</span> <span class='ocrx_word' id='word_1_4' title='bbox 211 133 266 161; x_wconf 70' lang='grc'>470</span> 
     </span>
    </p>
   </div>
   <div class='ocr_carea' id='block_1_2' title="bbox 518 118 1310 157">
    <p class='ocr_par' dir='ltr' id='par_1_2' title="bbox 518 118 1310 157">
     <span class='ocr_line' id='line_1_2' title="bbox 518 118 1310 157; baseline -0.004 0"><span class='ocrx_word' id='word_1_5' title='bbox 518 119 777 157; x_wconf 79' lang='lat' dir='ltr'>HIEROCLES</span> <span class='ocrx_word' id='word_1_6' title='bbox 810 119 858 155; x_wconf 89' lang='lat' dir='ltr'>lN</span> <span class='ocrx_word' id='word_1_7' title='bbox 894 118 1051 156; x_wconf 78' lang='lat' dir='ltr'>AVREA</span> <span class='ocrx_word' id='word_1_8' title='bbox 1084 118 1310 155; x_wconf 75' lang='lat' dir='ltr'>CARMlNA.</span> 
     </span>
    </p>
   </div>
   <div class='ocr_carea' id='block_1_3' title="bbox 1436 116 1837 160">
    <p class='ocr_par' dir='ltr' id='par_1_3' title="bbox 1436 116 1837 160">
     <span class='ocr_line' id='line_1_3' title="bbox 1436 116 1837 160; baseline -0.002 -7"><span class='ocrx_word' id='word_1_9' title='bbox 1436 117 1510 153; x_wconf 75' lang='lat' dir='ltr'>Lib.</span> <span class='ocrx_word' id='word_1_10' title='bbox 1521 116 1547 151; x_wconf 91' lang='grc' dir='ltr'><em>Ι</em></span> <span class='ocrx_word' id='word_1_11' title='bbox 1547 117 1566 150; x_wconf 92' lang='lat' dir='ltr'><em>I</em></span> <span class='ocrx_word' id='word_1_12' title='bbox 1567 143 1574 150; x_wconf 94' lang='lat'>.</span> <span class='ocrx_word' id='word_1_13' title='bbox 1591 127 1616 151; x_wconf 81' lang='lat' dir='ltr'>c.</span> <span class='ocrx_word' id='word_1_14' title='bbox 1625 127 1666 152; x_wconf 78' lang='lat'>12.</span> <span class='ocrx_word' id='word_1_15' title='bbox 1771 125 1837 160; x_wconf 83' lang='lat'>797</span> 
     </span>
    </p>
   </div>
   <div class='ocr_carea' id='block_1_4' title="bbox 74 207 1833 324">
    <p class='ocr_par' dir='ltr' id='par_1_4' title="bbox 74 207 1833 324">
     <span class='ocr_line' id='line_1_4' title="bbox 112 207 1833 270; baseline -0.008 -12"><span class='ocrx_word' id='word_1_16' title='bbox 112 207 259 250; x_wconf 77' lang='lat' dir='ltr'>Hierocles.</span> <span class='ocrx_word' id='word_1_17' title='bbox 316 221 368 258; x_wconf 63' lang='lat' dir='ltr'>&amp;a</span> <span class='ocrx_word' id='word_1_18' title='bbox 390 234 429 257; x_wconf 80' lang='lat' dir='ltr'>ae</span> <span class='ocrx_word' id='word_1_19' title='bbox 452 216 607 270; x_wconf 74' lang='lat' dir='ltr'>disposita</span> <span class='ocrx_word' id='word_1_20' title='bbox 627 218 705 255; x_wconf 85' lang='lat' dir='ltr'>licet</span> <span class='ocrx_word' id='word_1_21' title='bbox 728 230 892 268; x_wconf 84' lang='lat' dir='ltr'>perpauca</span> <span class='ocrx_word' id='word_1_22' title='bbox 913 226 988 253; x_wconf 76' lang='lat' dir='ltr'>ante</span> <span class='ocrx_word' id='word_1_23' title='bbox 1012 218 1297 252; x_wconf 84' lang='lat' dir='ltr'>commentarium</span> <span class='ocrx_word' id='word_1_24' title='bbox 1322 214 1486 251; x_wconf 76' lang='lat' dir='ltr'>Hieroclis</span> <span class='ocrx_word' id='word_1_25' title='bbox 1512 215 1543 248; x_wconf 91' lang='lat' dir='ltr'>in</span> <span class='ocrx_word' id='word_1_26' title='bbox 1568 225 1665 248; x_wconf 85' lang='lat' dir='ltr'>aurea</span> <span class='ocrx_word' id='word_1_27' title='bbox 1686 211 1833 246; x_wconf 83' lang='lat' dir='ltr'>carmina</span> 
     </span>
     <span class='ocr_line' id='line_1_5' title="bbox 74 263 1832 324; baseline -0.006 -16"><span class='ocrx_word' id='word_1_28' title='bbox 74 269 228 309; x_wconf 73' lang='lat' dir='ltr'>editionis</span> <span class='ocrx_word' id='word_1_29' title='bbox 251 272 489 317; x_wconf 79' lang='lat' dir='ltr'>Londinenfis,</span> <span class='ocrx_word' id='word_1_30' title='bbox 517 286 619 324; x_wconf 84' lang='lat' dir='ltr'>quain</span> <span class='ocrx_word' id='word_1_31' title='bbox 637 282 816 322; x_wconf 81' lang='lat' dir='ltr'>antequam</span> <span class='ocrx_word' id='word_1_32' title='bbox 831 266 1038 312; x_wconf 77' lang='lat' dir='ltr'>recenseam,</span> <span class='ocrx_word' id='word_1_33' title='bbox 1070 266 1231 312; x_wconf 81' lang='lat' dir='ltr'>obseruo,</span> <span class='ocrx_word' id='word_1_34' title='bbox 1260 269 1439 304; x_wconf 78' lang='lat' dir='ltr'><em>Hieroclem</em></span> <span class='ocrx_word' id='word_1_35' title='bbox 1463 266 1560 304; x_wconf 79' lang='lat' dir='ltr'>illum</span> <span class='ocrx_word' id='word_1_36' title='bbox 1585 263 1680 302; x_wconf 84' lang='lat' dir='ltr'>fuilse</span> <span class='ocrx_word' id='word_1_37' title='bbox 1702 276 1832 314; x_wconf 84' lang='lat' dir='ltr'>praece-</span> 
     </span>
    </p>
   </div>
   <div class='ocr_carea' id='block_1_5' title="bbox 69 404 930 2422">
    <p class='ocr_par' dir='ltr' id='par_1_5' title="bbox 69 404 928 1051">
     <span class='ocr_line' id='line_1_6' title="bbox 69 404 926 447; baseline -0.002 -11"><span class='ocrx_word' id='word_1_38' title='bbox 69 406 105 436; x_wconf 67' lang='grc' dir='ltr'>Α.</span> <span class='ocrx_word' id='word_1_39' title='bbox 120 406 153 437; x_wconf 88' lang='lat' dir='ltr'>C.</span> <span class='ocrx_word' id='word_1_40' title='bbox 165 404 240 437; x_wconf 81' lang='lat' dir='ltr'>vers.</span> <span class='ocrx_word' id='word_1_41' title='bbox 258 416 311 447; x_wconf 79' lang='lat'>47.</span> <span class='ocrx_word' id='word_1_42' title='bbox 325 415 379 438; x_wconf 89' lang='lat' dir='ltr'>etc.</span> <span class='ocrx_word' id='word_1_43' title='bbox 401 405 438 437; x_wconf 85' lang='lat' dir='ltr'>de</span> <span class='ocrx_word' id='word_1_44' title='bbox 455 407 639 444; x_wconf 77' lang='lat' dir='ltr'>Pythagorae</span> <span class='ocrx_word' id='word_1_45' title='bbox 656 404 849 436; x_wconf 85' lang='lat' dir='ltr'>iureiurando</span> <span class='ocrx_word' id='word_1_46' title='bbox 867 404 926 435; x_wconf 80' lang='lat' dir='ltr'>flue</span> 
     </span>
     <span class='ocr_line' id='line_1_7' title="bbox 71 448 925 493; baseline -0.002 -13"><span class='ocrx_word' id='word_1_47' title='bbox 71 461 198 481; x_wconf 79' lang='lat' dir='ltr'>numero</span> <span class='ocrx_word' id='word_1_48' title='bbox 212 454 414 492; x_wconf 78' lang='lat' dir='ltr'>quaternario,</span> <span class='ocrx_word' id='word_1_49' title='bbox 435 463 464 493; x_wconf 89' lang='lat' dir='ltr'>p.</span> <span class='ocrx_word' id='word_1_50' title='bbox 483 454 544 480; x_wconf 82' lang='lat'>166.</span> <span class='ocrx_word' id='word_1_51' title='bbox 559 449 610 480; x_wconf 90' lang='lat' dir='ltr'>lin.</span> <span class='ocrx_word' id='word_1_52' title='bbox 628 460 650 485; x_wconf 86' lang='lat'>3.</span> <span class='ocrx_word' id='word_1_53' title='bbox 673 467 715 473; x_wconf 91' lang='lat'>—</span> <span class='ocrx_word' id='word_1_54' title='bbox 739 453 798 482; x_wconf 74' lang='lat'>168.</span> <span class='ocrx_word' id='word_1_55' title='bbox 814 448 864 479; x_wconf 88' lang='lat' dir='ltr'>lin.</span> <span class='ocrx_word' id='word_1_56' title='bbox 883 452 925 478; x_wconf 81' lang='lat'>¹6.</span> 
     </span>
     <span class='ocr_line' id='line_1_8' title="bbox 72 493 925 534; baseline -0.001 -11"><span class='ocrx_word' id='word_1_57' title='bbox 72 494 142 524; x_wconf 84' lang='lat' dir='ltr'>edit.</span> <span class='ocrx_word' id='word_1_58' title='bbox 159 495 336 525; x_wconf 84' lang='lat' dir='ltr'>Ncedhami.</span> <span class='ocrx_word' id='word_1_59' title='bbox 391 499 475 533; x_wconf 81' lang='lat' dir='ltr'>Qae</span> <span class='ocrx_word' id='word_1_60' title='bbox 499 502 598 524; x_wconf 85' lang='lat' dir='ltr'>autem</span> <span class='ocrx_word' id='word_1_61' title='bbox 621 497 651 524; x_wconf 91' lang='lat' dir='ltr'>in</span> <span class='ocrx_word' id='word_1_62' title='bbox 673 493 737 523; x_wconf 85' lang='lat' dir='ltr'>cod.</span> <span class='ocrx_word' id='word_1_63' title='bbox 754 493 925 534; x_wconf 82' lang='lat' dir='ltr'>sequuntur,</span> 
     </span>
     <span class='ocr_line' id='line_1_9' title="bbox 72 537 927 579; baseline -0.002 -11"><span class='ocrx_word' id='word_1_64' title='bbox 72 537 214 568; x_wconf 67' lang='lat' dir='ltr'>differunt</span> <span class='ocrx_word' id='word_1_65' title='bbox 229 539 265 568; x_wconf 83' lang='lat' dir='ltr'>ab</span> <span class='ocrx_word' id='word_1_66' title='bbox 280 539 376 570; x_wconf 66' lang='lat' dir='ltr'>editis.</span> <span class='ocrx_word' id='word_1_67' title='bbox 403 555 446 561; x_wconf 94' lang='lat'>—</span> <span class='ocrx_word' id='word_1_68' title='bbox 479 538 593 569; x_wconf 78' lang='lat' dir='ltr'>Ibidem</span> <span class='ocrx_word' id='word_1_69' title='bbox 615 546 751 579; x_wconf 80' lang='lat' dir='ltr'>excerpta</span> <span class='ocrx_word' id='word_1_70' title='bbox 767 547 802 567; x_wconf 90' lang='lat' dir='ltr'>ex</span> <span class='ocrx_word' id='word_1_71' title='bbox 827 547 927 567; x_wconf 82' lang='lat' dir='ltr'>recen-</span> 
     </span>
     <span class='ocr_line' id='line_1_10' title="bbox 70 581 926 625; baseline -0.001 -14"><span class='ocrx_word' id='word_1_72' title='bbox 70 583 149 612; x_wconf 80' lang='lat' dir='ltr'>tiore</span> <span class='ocrx_word' id='word_1_73' title='bbox 165 583 304 619; x_wconf 64' lang='lat' dir='ltr'>melote,</span> <span class='ocrx_word' id='word_1_74' title='bbox 327 585 379 625; x_wconf 91' lang='lat' dir='ltr'>qui</span> <span class='ocrx_word' id='word_1_75' title='bbox 403 581 574 614; x_wconf 79' lang='lat' dir='ltr'>Hieroclem</span> <span class='ocrx_word' id='word_1_76' title='bbox 596 590 624 612; x_wconf 87' lang='lat' dir='ltr'>ct</span> <span class='ocrx_word' id='word_1_77' title='bbox 641 584 805 620; x_wconf 80' lang='lat' dir='ltr'>Diogenem</span> <span class='ocrx_word' id='word_1_78' title='bbox 828 582 926 611; x_wconf 82' lang='lat' dir='ltr'>Laert.</span> 
     </span>
     <span class='ocr_line' id='line_1_11' title="bbox 71 624 928 667; baseline -0.001 -12"><span class='ocrx_word' id='word_1_79' title='bbox 71 624 190 662; x_wconf 75' lang='lat' dir='ltr'>laudat,</span> <span class='ocrx_word' id='word_1_80' title='bbox 213 625 249 656; x_wconf 88' lang='lat' dir='ltr'>dc</span> <span class='ocrx_word' id='word_1_81' title='bbox 264 628 386 666; x_wconf 78' lang='lat' dir='ltr'>Pythag.</span> <span class='ocrx_word' id='word_1_82' title='bbox 403 625 596 657; x_wconf 83' lang='lat' dir='ltr'>iureiurando</span> <span class='ocrx_word' id='word_1_83' title='bbox 613 635 641 656; x_wconf 89' lang='lat' dir='ltr'>et</span> <span class='ocrx_word' id='word_1_84' title='bbox 659 627 858 667; x_wconf 87' lang='lat' dir='ltr'>quaternario.</span> <span class='ocrx_word' id='word_1_85' title='bbox 883 641 928 648; x_wconf 93' lang='lat'>—</span> 
     </span>
     <span class='ocr_line' id='line_1_12' title="bbox 70 667 927 711; baseline -0.001 -12"><span class='ocrx_word' id='word_1_86' title='bbox 70 671 166 711; x_wconf 75' lang='lat' dir='ltr'>Atque</span> <span class='ocrx_word' id='word_1_87' title='bbox 181 671 222 700; x_wconf 87' lang='lat' dir='ltr'>ita</span> <span class='ocrx_word' id='word_1_88' title='bbox 236 669 308 700; x_wconf 87' lang='lat' dir='ltr'>alibi</span> <span class='ocrx_word' id='word_1_89' title='bbox 323 670 414 701; x_wconf 79' lang='lat' dir='ltr'>latent</span> <span class='ocrx_word' id='word_1_90' title='bbox 429 671 553 700; x_wconf 80' lang='lat' dir='ltr'>codices.</span> <span class='ocrx_word' id='word_1_91' title='bbox 577 669 652 700; x_wconf 77' lang='lat' dir='ltr'>adde</span> <span class='ocrx_word' id='word_1_92' title='bbox 672 667 841 710; x_wconf 77' lang='lat' dir='ltr'>Glandorf.</span> <span class='ocrx_word' id='word_1_93' title='bbox 856 670 927 699; x_wconf 87' lang='lat' dir='ltr'>Pro-</span> 
     </span>
     <span class='ocr_line' id='line_1_13' title="bbox 69 711 928 756; baseline 0 -14"><span class='ocrx_word' id='word_1_94' title='bbox 69 711 181 751; x_wconf 77' lang='lat' dir='ltr'>Iegom.</span> <span class='ocrx_word' id='word_1_95' title='bbox 195 713 232 743; x_wconf 87' lang='lat' dir='ltr'>de</span> <span class='ocrx_word' id='word_1_96' title='bbox 247 715 332 744; x_wconf 85' lang='lat' dir='ltr'>codd.</span> <span class='ocrx_word' id='word_1_97' title='bbox 351 717 442 745; x_wconf 83' lang='lat' dir='ltr'>MSSt.</span> <span class='ocrx_word' id='word_1_98' title='bbox 459 722 511 744; x_wconf 86' lang='lat' dir='ltr'>etc.</span> <span class='ocrx_word' id='word_1_99' title='bbox 528 725 558 756; x_wconf 89' lang='lat' dir='ltr'>p.</span> <span class='ocrx_word' id='word_1_100' title='bbox 572 723 587 749; x_wconf 82' lang='lat'>3</span> <span class='ocrx_word' id='word_1_101' title='bbox 604 712 663 755; x_wconf 88' lang='lat' dir='ltr'>sqq.</span> <span class='ocrx_word' id='word_1_102' title='bbox 686 715 738 754; x_wconf 84' lang='lat' dir='ltr'>qui</span> <span class='ocrx_word' id='word_1_103' title='bbox 753 712 865 744; x_wconf 86' lang='lat' dir='ltr'>ibidem</span> <span class='ocrx_word' id='word_1_104' title='bbox 881 712 928 742; x_wconf 88' lang='lat' dir='ltr'>hi-</span> 
     </span>
     <span class='ocr_line' id='line_1_14' title="bbox 73 757 927 798; baseline -0.004 -10"><span class='ocrx_word' id='word_1_105' title='bbox 73 758 192 788; x_wconf 83' lang='lat' dir='ltr'>storiam</span> <span class='ocrx_word' id='word_1_106' title='bbox 209 760 339 788; x_wconf 87' lang='lat' dir='ltr'>criticam</span> <span class='ocrx_word' id='word_1_107' title='bbox 359 758 526 789; x_wconf 83' lang='lat' dir='ltr'>editionum</span> <span class='ocrx_word' id='word_1_108' title='bbox 541 766 569 788; x_wconf 91' lang='lat' dir='ltr'>et</span> <span class='ocrx_word' id='word_1_109' title='bbox 585 759 722 788; x_wconf 81' lang='lat' dir='ltr'>carminis</span> <span class='ocrx_word' id='word_1_110' title='bbox 739 757 927 798; x_wconf 76' lang='lat' dir='ltr'>pythagorici</span> 
     </span>
     <span class='ocr_line' id='line_1_15' title="bbox 73 800 926 839; baseline -0.001 -9"><span class='ocrx_word' id='word_1_111' title='bbox 73 809 102 831; x_wconf 89' lang='lat' dir='ltr'>et</span> <span class='ocrx_word' id='word_1_112' title='bbox 125 800 274 832; x_wconf 76' lang='lat' dir='ltr'>Hieroclis</span> <span class='ocrx_word' id='word_1_113' title='bbox 296 805 579 833; x_wconf 81' lang='lat' dir='ltr'>commentariorum</span> <span class='ocrx_word' id='word_1_114' title='bbox 605 801 694 831; x_wconf 87' lang='lat' dir='ltr'>dedit.</span> <span class='ocrx_word' id='word_1_115' title='bbox 741 803 820 839; x_wconf 83' lang='lat' dir='ltr'>Qia</span> <span class='ocrx_word' id='word_1_116' title='bbox 833 802 926 838; x_wconf 87' lang='lat' dir='ltr'>igitur</span> 
     </span>
     <span class='ocr_line' id='line_1_16' title="bbox 74 844 926 882; baseline 0 -8"><span class='ocrx_word' id='word_1_117' title='bbox 74 847 121 875; x_wconf 75' lang='lat' dir='ltr'>vir</span> <span class='ocrx_word' id='word_1_118' title='bbox 136 844 316 875; x_wconf 72' lang='lat' dir='ltr'>doCtiffimus</span> <span class='ocrx_word' id='word_1_119' title='bbox 331 849 425 876; x_wconf 86' lang='lat' dir='ltr'>otium</span> <span class='ocrx_word' id='word_1_120' title='bbox 440 847 525 876; x_wconf 85' lang='lat' dir='ltr'>nobis</span> <span class='ocrx_word' id='word_1_121' title='bbox 540 845 627 882; x_wconf 89' lang='lat' dir='ltr'>fecit,</span> <span class='ocrx_word' id='word_1_122' title='bbox 649 844 774 875; x_wconf 62' lang='lat' dir='ltr'>lefiores</span> <span class='ocrx_word' id='word_1_123' title='bbox 798 844 834 874; x_wconf 93' lang='lat' dir='ltr'>ad</span> <span class='ocrx_word' id='word_1_124' title='bbox 857 854 926 874; x_wconf 88' lang='lat' dir='ltr'>eum</span> 
     </span>
     <span class='ocr_line' id='line_1_17' title="bbox 71 887 926 926; baseline -0.001 -8"><span class='ocrx_word' id='word_1_125' title='bbox 71 887 241 926; x_wconf 67' lang='lat' dir='ltr'>ablegamus</span> <span class='ocrx_word' id='word_1_126' title='bbox 257 898 285 919; x_wconf 89' lang='lat' dir='ltr'>et</span> <span class='ocrx_word' id='word_1_127' title='bbox 308 890 344 919; x_wconf 84' lang='lat' dir='ltr'>de</span> <span class='ocrx_word' id='word_1_128' title='bbox 367 891 548 920; x_wconf 75' lang='lat' dir='ltr'>editionibus</span> <span class='ocrx_word' id='word_1_129' title='bbox 562 890 645 925; x_wconf 82' lang='lat' dir='ltr'>Pyth.</span> <span class='ocrx_word' id='word_1_130' title='bbox 661 888 790 919; x_wconf 87' lang='lat' dir='ltr'>seorsum</span> <span class='ocrx_word' id='word_1_131' title='bbox 807 890 926 924; x_wconf 84' lang='lat' dir='ltr'>curatis,</span> 
     </span>
     <span class='ocr_line' id='line_1_18' title="bbox 73 930 925 976; baseline 0 -15"><span class='ocrx_word' id='word_1_132' title='bbox 73 940 102 962; x_wconf 88' lang='lat' dir='ltr'>et</span> <span class='ocrx_word' id='word_1_133' title='bbox 118 933 154 961; x_wconf 88' lang='lat' dir='ltr'>ab</span> <span class='ocrx_word' id='word_1_134' title='bbox 170 930 222 962; x_wconf 86' lang='lat' dir='ltr'>illo</span> <span class='ocrx_word' id='word_1_135' title='bbox 239 934 349 963; x_wconf 87' lang='lat' dir='ltr'>omissis</span> <span class='ocrx_word' id='word_1_136' title='bbox 373 934 498 964; x_wconf 82' lang='lat' dir='ltr'>necdum</span> <span class='ocrx_word' id='word_1_137' title='bbox 521 933 605 976; x_wconf 88' lang='lat' dir='ltr'>supra</span> <span class='ocrx_word' id='word_1_138' title='bbox 628 935 659 964; x_wconf 89' lang='lat' dir='ltr'>in</span> <span class='ocrx_word' id='word_1_139' title='bbox 681 933 849 963; x_wconf 80' lang='lat' dir='ltr'>recensione</span> <span class='ocrx_word' id='word_1_140' title='bbox 863 931 925 961; x_wconf 87' lang='lat' dir='ltr'>edi-</span> 
     </span>
     <span class='ocr_line' id='line_1_19' title="bbox 71 978 925 1020; baseline 0.001 -15"><span class='ocrx_word' id='word_1_141' title='bbox 71 978 189 1006; x_wconf 82' lang='lat' dir='ltr'>tionum</span> <span class='ocrx_word' id='word_1_142' title='bbox 212 978 402 1017; x_wconf 83' lang='lat' dir='ltr'>Theognidis</span> <span class='ocrx_word' id='word_1_143' title='bbox 418 986 471 1009; x_wconf 88' lang='lat' dir='ltr'>ctc.</span> <span class='ocrx_word' id='word_1_144' title='bbox 494 979 665 1009; x_wconf 71' lang='lat' dir='ltr'>memoratis</span> <span class='ocrx_word' id='word_1_145' title='bbox 679 978 781 1020; x_wconf 78' lang='lat' dir='ltr'>paucis</span> <span class='ocrx_word' id='word_1_146' title='bbox 801 987 855 1007; x_wconf 75' lang='lat' dir='ltr'>nos</span> <span class='ocrx_word' id='word_1_147' title='bbox 875 986 925 1006; x_wconf 89' lang='lat' dir='ltr'>ex-</span> 
     </span>
     <span class='ocr_line' id='line_1_20' title="bbox 93 1019 242 1051; baseline 0.013 -2"><span class='ocrx_word' id='word_1_148' title='bbox 93 1019 242 1051; x_wconf 82' lang='lat' dir='ltr'>ediemus:</span> 
     </span>
    </p>

    <p class='ocr_par' dir='ltr' id='par_1_6' title="bbox 71 1030 927 1372">
     <span class='ocr_line' id='line_1_21' title="bbox 71 1030 927 1106; baseline -0.002 -12"><span class='ocrx_word' id='word_1_149' title='bbox 71 1030 90 1063; x_wconf 62' lang='lat' dir='ltr'>p</span> <span class='ocrx_word' id='word_1_150' title='bbox 114 1063 325 1105; x_wconf 77' lang='lat' dir='ltr'>Pythagorae</span> <span class='ocrx_word' id='word_1_151' title='bbox 349 1074 450 1096; x_wconf 78' lang='lat' dir='ltr'>aurea</span> <span class='ocrx_word' id='word_1_152' title='bbox 477 1063 577 1097; x_wconf 78' lang='lat' dir='ltr'>verba</span> <span class='ocrx_word' id='word_1_153' title='bbox 604 1071 634 1096; x_wconf 86' lang='lat' dir='ltr'>et</span> <span class='ocrx_word' id='word_1_154' title='bbox 654 1062 798 1106; x_wconf 58' lang='lat' dir='ltr'>symbola</span> <span class='ocrx_word' id='word_1_155' title='bbox 819 1062 927 1094; x_wconf 87' lang='lat' dir='ltr'>adhae-</span> 
     </span>
     <span class='ocr_line' id='line_1_22' title="bbox 71 1107 925 1150; baseline -0.002 -12"><span class='ocrx_word' id='word_1_156' title='bbox 71 1115 138 1138; x_wconf 79' lang='lat' dir='ltr'>rent</span> <span class='ocrx_word' id='word_1_157' title='bbox 153 1107 220 1138; x_wconf 89' lang='lat' dir='ltr'>edd.</span> <span class='ocrx_word' id='word_1_158' title='bbox 235 1108 404 1140; x_wconf 78' lang='lat' dir='ltr'>Iambliclti</span> <span class='ocrx_word' id='word_1_159' title='bbox 419 1109 455 1139; x_wconf 88' lang='lat' dir='ltr'>de</span> <span class='ocrx_word' id='word_1_160' title='bbox 479 1110 623 1144; x_wconf 84' lang='lat' dir='ltr'>mysteriis</span> <span class='ocrx_word' id='word_1_161' title='bbox 637 1110 853 1150; x_wconf 79' lang='lat' dir='ltr'>Aegyptiorum</span> <span class='ocrx_word' id='word_1_162' title='bbox 870 1114 925 1137; x_wconf 83' lang='lat' dir='ltr'>ete.</span> 
     </span>
     <span class='ocr_line' id='line_1_23' title="bbox 71 1150 925 1193; baseline -0.005 -9"><span class='ocrx_word' id='word_1_163' title='bbox 71 1151 217 1188; x_wconf 77' lang='lat' dir='ltr'>Aldinis,</span> <span class='ocrx_word' id='word_1_164' title='bbox 240 1155 346 1182; x_wconf 87' lang='lat' dir='ltr'>Venet.</span> <span class='ocrx_word' id='word_1_165' title='bbox 364 1162 449 1191; x_wconf 86' lang='lat'>1497-</span> <span class='ocrx_word' id='word_1_166' title='bbox 464 1162 494 1183; x_wconf 89' lang='lat' dir='ltr'>et</span> <span class='ocrx_word' id='word_1_167' title='bbox 509 1157 584 1189; x_wconf 82' lang='lat'>1516.</span> <span class='ocrx_word' id='word_1_168' title='bbox 600 1152 653 1183; x_wconf 85' lang='lat' dir='ltr'>fol.</span> <span class='ocrx_word' id='word_1_169' title='bbox 685 1154 730 1184; x_wconf 92' lang='lat' dir='ltr'>De</span> <span class='ocrx_word' id='word_1_170' title='bbox 745 1154 846 1193; x_wconf 85' lang='lat' dir='ltr'>priore</span> <span class='ocrx_word' id='word_1_171' title='bbox 862 1150 925 1180; x_wconf 87' lang='lat' dir='ltr'>edi-</span> 
     </span>
     <span class='ocr_line' id='line_1_24' title="bbox 71 1193 923 1239; baseline -0.004 -12"><span class='ocrx_word' id='word_1_172' title='bbox 71 1197 154 1227; x_wconf 81' lang='lat' dir='ltr'>tione</span> <span class='ocrx_word' id='word_1_173' title='bbox 175 1195 236 1226; x_wconf 83' lang='lat' dir='ltr'>vid.</span> <span class='ocrx_word' id='word_1_174' title='bbox 253 1198 329 1226; x_wconf 89' lang='lat' dir='ltr'>Bure</span> <span class='ocrx_word' id='word_1_175' title='bbox 347 1195 570 1239; x_wconf 81' lang='lat' dir='ltr'>Bibliographie</span> <span class='ocrx_word' id='word_1_176' title='bbox 594 1197 767 1227; x_wconf 73' lang='lat' dir='ltr'>instrufflue</span> <span class='ocrx_word' id='word_1_177' title='bbox 785 1203 839 1225; x_wconf 92' lang='lat' dir='ltr'>etc.</span> <span class='ocrx_word' id='word_1_178' title='bbox 861 1193 923 1225; x_wconf 86' lang='lat' dir='ltr'>vol.</span> 
     </span>
     <span class='ocr_line' id='line_1_25' title="bbox 73 1237 926 1282; baseline -0.002 -12"><span class='ocrx_word' id='word_1_179' title='bbox 73 1239 109 1270; x_wconf 88' lang='lat' dir='ltr'>de</span> <span class='ocrx_word' id='word_1_180' title='bbox 132 1237 160 1270; x_wconf 81' lang='lat' dir='ltr'>la</span> <span class='ocrx_word' id='word_1_181' title='bbox 182 1241 305 1282; x_wconf 83' lang='lat' dir='ltr'>Iurispr.</span> <span class='ocrx_word' id='word_1_182' title='bbox 328 1249 357 1271; x_wconf 86' lang='lat' dir='ltr'>et</span> <span class='ocrx_word' id='word_1_183' title='bbox 378 1241 428 1270; x_wconf 76' lang='lat' dir='ltr'>des</span> <span class='ocrx_word' id='word_1_184' title='bbox 443 1240 545 1271; x_wconf 86' lang='lat' dir='ltr'>scienc.</span> <span class='ocrx_word' id='word_1_185' title='bbox 561 1249 590 1271; x_wconf 87' lang='lat' dir='ltr'>et</span> <span class='ocrx_word' id='word_1_186' title='bbox 603 1248 671 1271; x_wconf 86' lang='lat' dir='ltr'>arts.</span> <span class='ocrx_word' id='word_1_187' title='bbox 694 1251 738 1271; x_wconf 85' lang='lat' dir='ltr'>nr.</span> <span class='ocrx_word' id='word_1_188' title='bbox 755 1248 839 1277; x_wconf 85' lang='lat'>1270.</span> <span class='ocrx_word' id='word_1_189' title='bbox 858 1250 926 1280; x_wconf 93' lang='lat' dir='ltr'>pag.</span> 
     </span>
     <span class='ocr_line' id='line_1_26' title="bbox 73 1284 925 1327; baseline -0.001 -13"><span class='ocrx_word' id='word_1_190' title='bbox 73 1287 137 1314; x_wconf 76' lang='lat'>162.</span> <span class='ocrx_word' id='word_1_191' title='bbox 170 1300 213 1307; x_wconf 90' lang='lat'>—</span> <span class='ocrx_word' id='word_1_192' title='bbox 243 1285 283 1314; x_wconf 82' lang='lat' dir='ltr'>est</span> <span class='ocrx_word' id='word_1_193' title='bbox 303 1285 399 1315; x_wconf 81' lang='lat' dir='ltr'>verfio</span> <span class='ocrx_word' id='word_1_194' title='bbox 424 1285 526 1327; x_wconf 85' lang='lat' dir='ltr'>Mars.</span> <span class='ocrx_word' id='word_1_195' title='bbox 538 1284 654 1322; x_wconf 66' lang='lat' dir='ltr'>Ficini,</span> <span class='ocrx_word' id='word_1_196' title='bbox 684 1286 716 1315; x_wconf 90' lang='lat' dir='ltr'>in</span> <span class='ocrx_word' id='word_1_197' title='bbox 742 1286 825 1314; x_wconf 84' lang='lat' dir='ltr'>cuius</span> <span class='ocrx_word' id='word_1_198' title='bbox 845 1285 925 1325; x_wconf 83' lang='lat' dir='ltr'>Opp.</span> 
     </span>
     <span class='ocr_line' id='line_1_27' title="bbox 72 1326 859 1372; baseline -0.001 -13"><span class='ocrx_word' id='word_1_199' title='bbox 72 1326 156 1359; x_wconf 77' lang='lat' dir='ltr'>Bam.</span> <span class='ocrx_word' id='word_1_200' title='bbox 181 1332 256 1364; x_wconf 78' lang='lat'>1561.</span> <span class='ocrx_word' id='word_1_201' title='bbox 280 1327 332 1359; x_wconf 83' lang='lat' dir='ltr'>fol.</span> <span class='ocrx_word' id='word_1_202' title='bbox 363 1337 438 1359; x_wconf 90' lang='lat' dir='ltr'>tom.</span> <span class='ocrx_word' id='word_1_203' title='bbox 453 1331 491 1360; x_wconf 91' lang='lat' dir='ltr'>II.</span> <span class='ocrx_word' id='word_1_204' title='bbox 512 1341 542 1372; x_wconf 90' lang='lat' dir='ltr'>p.</span> <span class='ocrx_word' id='word_1_205' title='bbox 559 1334 640 1368; x_wconf 81' lang='lat'>¹978-</span> <span class='ocrx_word' id='word_1_206' title='bbox 663 1330 788 1371; x_wconf 88' lang='lat' dir='ltr'>repetita</span> <span class='ocrx_word' id='word_1_207' title='bbox 809 1328 859 1358; x_wconf 77' lang='lat' dir='ltr'>est.</span> 
     </span>
    </p>

    <p class='ocr_par' dir='ltr' id='par_1_7' title="bbox 72 1371 927 1503">
     <span class='ocr_line' id='line_1_28' title="bbox 117 1371 927 1415; baseline -0.004 -11"><span class='ocrx_word' id='word_1_208' title='bbox 117 1371 328 1413; x_wconf 66' lang='lat' dir='ltr'>Pythagoraa</span> <span class='ocrx_word' id='word_1_209' title='bbox 353 1373 383 1404; x_wconf 91' lang='lat' dir='ltr'>C.</span> <span class='ocrx_word' id='word_1_210' title='bbox 407 1372 448 1404; x_wconf 90' lang='lat' dir='ltr'>A.</span> <span class='ocrx_word' id='word_1_211' title='bbox 471 1385 513 1412; x_wconf 84' lang='lat' dir='ltr'>gr.</span> <span class='ocrx_word' id='word_1_212' title='bbox 535 1382 565 1403; x_wconf 89' lang='lat' dir='ltr'>et</span> <span class='ocrx_word' id='word_1_213' title='bbox 586 1372 634 1403; x_wconf 88' lang='lat' dir='ltr'>lat.</span> <span class='ocrx_word' id='word_1_214' title='bbox 654 1373 732 1415; x_wconf 85' lang='lat' dir='ltr'>apud</span> <span class='ocrx_word' id='word_1_215' title='bbox 755 1373 927 1402; x_wconf 82' lang='lat' dir='ltr'>Bern.1un-</span> 
     </span>
     <span class='ocr_line' id='line_1_29' title="bbox 72 1415 927 1453; baseline -0.002 -6"><span class='ocrx_word' id='word_1_216' title='bbox 72 1422 144 1447; x_wconf 81' lang='lat' dir='ltr'>tam.</span> <span class='ocrx_word' id='word_1_217' title='bbox 165 1415 185 1446; x_wconf 91' lang='lat' dir='ltr'>s.</span> <span class='ocrx_word' id='word_1_218' title='bbox 201 1415 221 1446; x_wconf 90' lang='lat' dir='ltr'>l.</span> <span class='ocrx_word' id='word_1_219' title='bbox 237 1424 265 1446; x_wconf 89' lang='lat' dir='ltr'>et</span> <span class='ocrx_word' id='word_1_220' title='bbox 288 1427 314 1446; x_wconf 92' lang='lat' dir='ltr'>a.</span> <span class='ocrx_word' id='word_1_221' title='bbox 331 1427 363 1453; x_wconf 76' lang='grc'>4.</span> <span class='ocrx_word' id='word_1_222' title='bbox 387 1419 416 1447; x_wconf 94' lang='lat' dir='ltr'>in</span> <span class='ocrx_word' id='word_1_223' title='bbox 440 1417 579 1448; x_wconf 86' lang='lat' dir='ltr'>biblioth.</span> <span class='ocrx_word' id='word_1_224' title='bbox 595 1417 770 1448; x_wconf 84' lang='lat' dir='ltr'>Vinarienfi.</span> <span class='ocrx_word' id='word_1_225' title='bbox 793 1433 830 1439; x_wconf 89' lang='lat'><em>-</em></span> <span class='ocrx_word' id='word_1_226' title='bbox 859 1426 927 1445; x_wconf 83' lang='lat' dir='ltr'>cum</span> 
     </span>
     <span class='ocr_line' id='line_1_30' title="bbox 72 1458 926 1503; baseline -0.004 -12"><span class='ocrx_word' id='word_1_227' title='bbox 72 1458 139 1491; x_wconf 69' lang='lat' dir='ltr'>aliis</span> <span class='ocrx_word' id='word_1_228' title='bbox 153 1471 196 1499; x_wconf 90' lang='lat' dir='ltr'>gr.</span> <span class='ocrx_word' id='word_1_229' title='bbox 212 1468 241 1490; x_wconf 87' lang='lat' dir='ltr'>et</span> <span class='ocrx_word' id='word_1_230' title='bbox 258 1459 307 1490; x_wconf 90' lang='lat' dir='ltr'>lat.</span> <span class='ocrx_word' id='word_1_231' title='bbox 331 1461 460 1492; x_wconf 78' lang='lat' dir='ltr'>Florem.</span> <span class='ocrx_word' id='word_1_232' title='bbox 476 1473 567 1503; x_wconf 85' lang='lat' dir='ltr'>opera</span> <span class='ocrx_word' id='word_1_233' title='bbox 585 1461 658 1492; x_wconf 83' lang='lat' dir='ltr'>Phil.</span> <span class='ocrx_word' id='word_1_234' title='bbox 669 1464 781 1492; x_wconf 86' lang='lat' dir='ltr'>Iuntae.</span> <span class='ocrx_word' id='word_1_235' title='bbox 799 1464 880 1496; x_wconf 83' lang='lat'>1506.</span> <span class='ocrx_word' id='word_1_236' title='bbox 895 1469 926 1496; x_wconf 86' lang='lat'>4.</span> 
     </span>
    </p>

    <p class='ocr_par' dir='ltr' id='par_1_8' title="bbox 72 1502 930 1765">
     <span class='ocr_line' id='line_1_31' title="bbox 117 1502 928 1548; baseline -0.002 -12"><span class='ocrx_word' id='word_1_237' title='bbox 117 1503 310 1547; x_wconf 76' lang='lat' dir='ltr'>Constantini</span> <span class='ocrx_word' id='word_1_238' title='bbox 342 1504 488 1547; x_wconf 81' lang='lat' dir='ltr'>Lascaris</span> <span class='ocrx_word' id='word_1_239' title='bbox 516 1506 730 1548; x_wconf 82' lang='lat' dir='ltr'>Institutiones</span> <span class='ocrx_word' id='word_1_240' title='bbox 766 1502 928 1546; x_wconf 72' lang='lat' dir='ltr'>uniuersae</span> 
     </span>
     <span class='ocr_line' id='line_1_32' title="bbox 72 1547 928 1591; baseline 0 -13"><span class='ocrx_word' id='word_1_241' title='bbox 72 1550 294 1589; x_wconf 60' lang='lat' dir='ltr'>complurimis</span> <span class='ocrx_word' id='word_1_242' title='bbox 310 1549 462 1581; x_wconf 54' lang='lat' dir='ltr'>augariis</span> <span class='ocrx_word' id='word_1_243' title='bbox 476 1550 656 1590; x_wconf 76' lang='lat' dir='ltr'>nuperrime</span> <span class='ocrx_word' id='word_1_244' title='bbox 670 1547 841 1591; x_wconf 77' lang='lat' dir='ltr'>impreffae,</span> <span class='ocrx_word' id='word_1_245' title='bbox 858 1552 928 1578; x_wconf 80' lang='lat' dir='ltr'>tan·</span> 
     </span>
     <span class='ocr_line' id='line_1_33' title="bbox 73 1592 930 1635; baseline 0 -13"><span class='ocrx_word' id='word_1_246' title='bbox 73 1596 109 1622; x_wconf 75' lang='lat' dir='ltr'>ta</span> <span class='ocrx_word' id='word_1_247' title='bbox 124 1592 290 1634; x_wconf 81' lang='lat' dir='ltr'>diligentia</span> <span class='ocrx_word' id='word_1_248' title='bbox 309 1598 338 1624; x_wconf 83' lang='lat' dir='ltr'>et</span> <span class='ocrx_word' id='word_1_249' title='bbox 352 1603 457 1624; x_wconf 83' lang='lat' dir='ltr'>rerum</span> <span class='ocrx_word' id='word_1_250' title='bbox 479 1595 568 1634; x_wconf 83' lang='lat' dir='ltr'>copia</span> <span class='ocrx_word' id='word_1_251' title='bbox 580 1615 590 1630; x_wconf 91' lang='lat'>‚</span> <span class='ocrx_word' id='word_1_252' title='bbox 612 1598 735 1635; x_wconf 79' lang='lat' dir='ltr'>quanta</span> <span class='ocrx_word' id='word_1_253' title='bbox 758 1601 930 1633; x_wconf 81' lang='lat' dir='ltr'>numquam</span> 
     </span>
     <span class='ocr_line' id='line_1_34' title="bbox 74 1636 928 1678; baseline -0.004 -10"><span class='ocrx_word' id='word_1_254' title='bbox 74 1636 169 1668; x_wconf 81' lang='lat' dir='ltr'>alias.</span> <span class='ocrx_word' id='word_1_255' title='bbox 226 1636 270 1666; x_wconf 84' lang='lat' dir='ltr'>Ad</span> <span class='ocrx_word' id='word_1_256' title='bbox 285 1636 417 1667; x_wconf 64' lang='lat' dir='ltr'>mitem:</span> <span class='ocrx_word' id='word_1_257' title='bbox 444 1638 634 1674; x_wconf 70' lang='lat' dir='ltr'>ferrariae,</span> <span class='ocrx_word' id='word_1_258' title='bbox 661 1647 720 1678; x_wconf 84' lang='lat' dir='ltr'>per</span> <span class='ocrx_word' id='word_1_259' title='bbox 743 1637 792 1668; x_wconf 88' lang='lat' dir='ltr'>Io.</span> <span class='ocrx_word' id='word_1_260' title='bbox 807 1636 928 1667; x_wconf 84' lang='lat' dir='ltr'>Mucio-</span> 
     </span>
     <span class='ocr_line' id='line_1_35' title="bbox 75 1677 929 1718; baseline -0.001 -8"><span class='ocrx_word' id='word_1_261' title='bbox 75 1677 175 1711; x_wconf 79' lang='lat' dir='ltr'>chium</span> <span class='ocrx_word' id='word_1_262' title='bbox 192 1678 384 1718; x_wconf 81' lang='lat' dir='ltr'>Bondenum,</span> <span class='ocrx_word' id='word_1_263' title='bbox 400 1683 494 1712; x_wconf 60' lang='lat' dir='ltr'>tei-tio</span> <span class='ocrx_word' id='word_1_264' title='bbox 509 1681 665 1713; x_wconf 81' lang='lat' dir='ltr'>Calendas</span> <span class='ocrx_word' id='word_1_265' title='bbox 678 1681 813 1714; x_wconf 74' lang='lat' dir='ltr'>Sextilis</span> <span class='ocrx_word' id='word_1_266' title='bbox 827 1681 929 1711; x_wconf 82' lang='lat' dir='ltr'>Mox.</span> 
     </span>
     <span class='ocr_line' id='line_1_36' title="bbox 75 1722 498 1765; baseline 0.012 -14"><span class='ocrx_word' id='word_1_267' title='bbox 75 1731 107 1759; x_wconf 83' lang='lat'>4.</span> <span class='ocrx_word' id='word_1_268' title='bbox 150 1722 242 1753; x_wconf 84' lang='lat' dir='ltr'>Index</span> <span class='ocrx_word' id='word_1_269' title='bbox 257 1723 359 1765; x_wconf 87' lang='lat' dir='ltr'>plenus</span> <span class='ocrx_word' id='word_1_270' title='bbox 375 1725 422 1754; x_wconf 84' lang='lat' dir='ltr'>hie</span> <span class='ocrx_word' id='word_1_271' title='bbox 440 1727 498 1756; x_wconf 79' lang='lat' dir='ltr'>est:</span> 
     </span>
    </p>

    <p class='ocr_par' dir='ltr' id='par_1_9' title="bbox 69 1765 929 2422">
     <span class='ocr_line' id='line_1_37' title="bbox 119 1765 929 1809; baseline -0.002 -10"><span class='ocrx_word' id='word_1_272' title='bbox 119 1765 338 1808; x_wconf 75' lang='lat' dir='ltr'>„Constantini</span> <span class='ocrx_word' id='word_1_273' title='bbox 360 1767 506 1809; x_wconf 79' lang='lat' dir='ltr'>Lascaris</span> <span class='ocrx_word' id='word_1_274' title='bbox 528 1779 650 1808; x_wconf 82' lang='lat' dir='ltr'>graecae</span> <span class='ocrx_word' id='word_1_275' title='bbox 675 1770 872 1800; x_wconf 79' lang='lat' dir='ltr'>institutiones</span> <span class='ocrx_word' id='word_1_276' title='bbox 899 1774 929 1797; x_wconf 85' lang='lat' dir='ltr'>et</span> 
     </span>
     <span class='ocr_line' id='line_1_38' title="bbox 75 1809 927 1852; baseline 0.004 -14"><span class='ocrx_word' id='word_1_277' title='bbox 75 1809 175 1851; x_wconf 84' lang='lat' dir='ltr'>primo</span> <span class='ocrx_word' id='word_1_278' title='bbox 185 1832 194 1846; x_wconf 92' lang='lat'>‚</span> <span class='ocrx_word' id='word_1_279' title='bbox 218 1810 252 1839; x_wconf 88' lang='lat' dir='ltr'>de</span> <span class='ocrx_word' id='word_1_280' title='bbox 267 1811 334 1840; x_wconf 61' lang='grc' dir='ltr'>οέὶο</span> <span class='ocrx_word' id='word_1_281' title='bbox 352 1813 484 1852; x_wconf 82' lang='lat' dir='ltr'>partibus</span> <span class='ocrx_word' id='word_1_282' title='bbox 497 1815 659 1850; x_wconf 84' lang='lat' dir='ltr'>orationis,</span> <span class='ocrx_word' id='word_1_283' title='bbox 683 1813 719 1843; x_wconf 89' lang='lat' dir='ltr'>de</span> <span class='ocrx_word' id='word_1_284' title='bbox 734 1813 927 1843; x_wconf 65' lang='lat' dir='ltr'>construetio-</span> 
     </span>
     <span class='ocr_line' id='line_1_39' title="bbox 75 1852 927 1898; baseline 0.004 -16"><span class='ocrx_word' id='word_1_285' title='bbox 75 1863 112 1883; x_wconf 85' lang='lat' dir='ltr'>ne</span> <span class='ocrx_word' id='word_1_286' title='bbox 123 1875 132 1889; x_wconf 94' lang='lat'>‚</span> <span class='ocrx_word' id='word_1_287' title='bbox 157 1852 191 1882; x_wconf 88' lang='lat' dir='ltr'>de</span> <span class='ocrx_word' id='word_1_288' title='bbox 207 1857 326 1883; x_wconf 83' lang='lat' dir='ltr'>nomine</span> <span class='ocrx_word' id='word_1_289' title='bbox 343 1862 372 1884; x_wconf 90' lang='lat' dir='ltr'>et</span> <span class='ocrx_word' id='word_1_290' title='bbox 389 1856 496 1893; x_wconf 78' lang='lat' dir='ltr'>verbo,</span> <span class='ocrx_word' id='word_1_291' title='bbox 519 1856 554 1886; x_wconf 91' lang='lat' dir='ltr'>de</span> <span class='ocrx_word' id='word_1_292' title='bbox 570 1859 751 1898; x_wconf 82' lang='lat' dir='ltr'>pronomine</span> <span class='ocrx_word' id='word_1_293' title='bbox 767 1856 927 1887; x_wconf 85' lang='lat' dir='ltr'>secundum</span> 
     </span>
     <span class='ocr_line' id='line_1_40' title="bbox 77 1895 927 1941; baseline 0.005 -15"><span class='ocrx_word' id='word_1_294' title='bbox 77 1907 180 1926; x_wconf 74' lang='lat' dir='ltr'>onnes</span> <span class='ocrx_word' id='word_1_295' title='bbox 189 1899 369 1927; x_wconf 76' lang='lat' dir='ltr'>Graecorum</span> <span class='ocrx_word' id='word_1_296' title='bbox 385 1895 531 1928; x_wconf 70' lang='grc' dir='ltr'>διαλὲκηε</span> <span class='ocrx_word' id='word_1_297' title='bbox 543 1908 759 1941; x_wconf 82' lang='lat' dir='ltr'>poetarumque</span> <span class='ocrx_word' id='word_1_298' title='bbox 772 1899 927 1930; x_wconf 87' lang='lat' dir='ltr'>consuetu-</span> 
     </span>
     <span class='ocr_line' id='line_1_41' title="bbox 78 1939 926 1982; baseline 0.005 -13"><span class='ocrx_word' id='word_1_299' title='bbox 78 1939 176 1970; x_wconf 80' lang='lat' dir='ltr'>dinem</span> <span class='ocrx_word' id='word_1_300' title='bbox 188 1965 196 1977; x_wconf 88' lang='lat'>,</span> <span class='ocrx_word' id='word_1_301' title='bbox 222 1941 329 1982; x_wconf 87' lang='lat' dir='ltr'>quibus</span> <span class='ocrx_word' id='word_1_302' title='bbox 347 1943 486 1972; x_wconf 83' lang='lat' dir='ltr'>omnibus</span> <span class='ocrx_word' id='word_1_303' title='bbox 499 1942 668 1973; x_wconf 73' lang='lat' dir='ltr'>altrinsecus</span> <span class='ocrx_word' id='word_1_304' title='bbox 691 1943 791 1973; x_wconf 82' lang='lat' dir='ltr'>addita</span> <span class='ocrx_word' id='word_1_305' title='bbox 807 1944 847 1973; x_wconf 90' lang='lat' dir='ltr'>est</span> <span class='ocrx_word' id='word_1_306' title='bbox 859 1942 926 1973; x_wconf 89' lang='lat' dir='ltr'>lati-</span> 
     </span>
     <span class='ocr_line' id='line_1_42' title="bbox 76 1983 929 2025; baseline 0.001 -10"><span class='ocrx_word' id='word_1_307' title='bbox 76 1995 115 2015; x_wconf 79' lang='lat' dir='ltr'>na</span> <span class='ocrx_word' id='word_1_308' title='bbox 127 1983 290 2015; x_wconf 78' lang='lat' dir='ltr'>translatio.</span> <span class='ocrx_word' id='word_1_309' title='bbox 337 1985 503 2020; x_wconf 78' lang='lat' dir='ltr'>symbolica</span> <span class='ocrx_word' id='word_1_310' title='bbox 525 1985 642 2018; x_wconf 83' lang='lat' dir='ltr'>Cebetis</span> <span class='ocrx_word' id='word_1_311' title='bbox 661 1986 760 2018; x_wconf 83' lang='lat' dir='ltr'>tabula</span> <span class='ocrx_word' id='word_1_312' title='bbox 775 1995 803 2017; x_wconf 89' lang='lat' dir='ltr'>et</span> <span class='ocrx_word' id='word_1_313' title='bbox 824 1997 929 2025; x_wconf 84' lang='lat' dir='ltr'>graece</span> 
     </span>
     <span class='ocr_line' id='line_1_43' title="bbox 76 2027 926 2072; baseline 0.004 -14"><span class='ocrx_word' id='word_1_314' title='bbox 76 2037 106 2059; x_wconf 84' lang='lat' dir='ltr'>et</span> <span class='ocrx_word' id='word_1_315' title='bbox 127 2027 217 2059; x_wconf 83' lang='lat' dir='ltr'>latine</span> <span class='ocrx_word' id='word_1_316' title='bbox 233 2029 386 2071; x_wconf 78' lang='lat' dir='ltr'>impreffa;</span> <span class='ocrx_word' id='word_1_317' title='bbox 410 2029 563 2071; x_wconf 83' lang='lat' dir='ltr'>Angelica</span> <span class='ocrx_word' id='word_1_318' title='bbox 580 2034 610 2060; x_wconf 82' lang='lat' dir='ltr'>et</span> <span class='ocrx_word' id='word_1_319' title='bbox 624 2030 764 2061; x_wconf 76' lang='lat' dir='ltr'>humana</span> <span class='ocrx_word' id='word_1_320' title='bbox 771 2029 926 2072; x_wconf 80' lang='lat' dir='ltr'>salutatio</span> 
     </span>
     <span class='ocr_line' id='line_1_44' title="bbox 76 2072 927 2116; baseline 0.004 -14"><span class='ocrx_word' id='word_1_321' title='bbox 76 2072 114 2103; x_wconf 76' lang='lat' dir='ltr'>ed</span> <span class='ocrx_word' id='word_1_322' title='bbox 140 2072 291 2115; x_wconf 78' lang='lat' dir='ltr'>deiparam</span> <span class='ocrx_word' id='word_1_323' title='bbox 321 2076 479 2112; x_wconf 76' lang='lat' dir='ltr'>virginem.</span> <span class='ocrx_word' id='word_1_324' title='bbox 540 2073 673 2113; x_wconf 78' lang='lat' dir='ltr'>Diligens</span> <span class='ocrx_word' id='word_1_325' title='bbox 696 2073 818 2116; x_wconf 76' lang='lat' dir='ltr'>Pisonis</span> <span class='ocrx_word' id='word_1_326' title='bbox 839 2074 927 2116; x_wconf 86' lang='lat' dir='ltr'>super</span> 
     </span>
     <span class='ocr_line' id='line_1_45' title="bbox 75 2116 926 2160; baseline 0.002 -14"><span class='ocrx_word' id='word_1_327' title='bbox 75 2119 187 2156; x_wconf 70' lang='lat' dir='ltr'>graecis</span> <span class='ocrx_word' id='word_1_328' title='bbox 203 2116 308 2147; x_wconf 86' lang='lat' dir='ltr'>litteris</span> <span class='ocrx_word' id='word_1_329' title='bbox 323 2119 533 2148; x_wconf 84' lang='lat' dir='ltr'>commentatio</span> <span class='ocrx_word' id='word_1_330' title='bbox 544 2141 552 2154; x_wconf 96' lang='lat'>‚</span> <span class='ocrx_word' id='word_1_331' title='bbox 575 2117 725 2160; x_wconf 83' lang='lat' dir='ltr'>multaque</span> <span class='ocrx_word' id='word_1_332' title='bbox 748 2118 785 2148; x_wconf 83' lang='lat' dir='ltr'>ad</span> <span class='ocrx_word' id='word_1_333' title='bbox 807 2128 869 2148; x_wconf 85' lang='lat' dir='ltr'>rem</span> <span class='ocrx_word' id='word_1_334' title='bbox 885 2117 926 2148; x_wconf 86' lang='lat' dir='ltr'>la-</span> 
     </span>
     <span class='ocr_line' id='line_1_46' title="bbox 75 2160 926 2200; baseline 0.001 -8"><span class='ocrx_word' id='word_1_335' title='bbox 75 2163 169 2192; x_wconf 81' lang='lat' dir='ltr'>tinam</span> <span class='ocrx_word' id='word_1_336' title='bbox 191 2160 328 2191; x_wconf 82' lang='lat' dir='ltr'>facientia</span> <span class='ocrx_word' id='word_1_337' title='bbox 351 2162 438 2200; x_wconf 81' lang='lat' dir='ltr'>digna</span> <span class='ocrx_word' id='word_1_338' title='bbox 462 2170 613 2192; x_wconf 83' lang='lat' dir='ltr'>annotatu.</span> <span class='ocrx_word' id='word_1_339' title='bbox 664 2162 797 2193; x_wconf 75' lang='lat' dir='ltr'>Luciam&#39;</span> <span class='ocrx_word' id='word_1_340' title='bbox 816 2161 926 2193; x_wconf 83' lang='lat' dir='ltr'>Samo-</span> 
     </span>
     <span class='ocr_line' id='line_1_47' title="bbox 69 2202 926 2247; baseline 0.001 -12"><span class='ocrx_word' id='word_1_341' title='bbox 69 2203 163 2247; x_wconf 80' lang='lat' dir='ltr'>satae</span> <span class='ocrx_word' id='word_1_342' title='bbox 188 2202 246 2237; x_wconf 73' lang='grc' dir='ltr'>δίκη</span> <span class='ocrx_word' id='word_1_343' title='bbox 268 2208 435 2241; x_wconf 55' lang='lat' dir='ltr'>(ponimns,</span> <span class='ocrx_word' id='word_1_344' title='bbox 460 2208 480 2235; x_wconf 90' lang='lat' dir='ltr'>i.</span> <span class='ocrx_word' id='word_1_345' title='bbox 497 2205 641 2235; x_wconf 85' lang='lat' dir='ltr'>iudicium</span> <span class='ocrx_word' id='word_1_346' title='bbox 656 2205 826 2242; x_wconf 79' lang='lat' dir='ltr'>vocalium,</span> <span class='ocrx_word' id='word_1_347' title='bbox 850 2208 926 2235; x_wconf 84' lang='lat' dir='ltr'>eius·</span> 
     </span>
     <span class='ocr_line' id='line_1_48' title="bbox 77 2248 924 2291; baseline 0.001 -13"><span class='ocrx_word' id='word_1_348' title='bbox 77 2259 134 2290; x_wconf 82' lang='lat' dir='ltr'>que</span> <span class='ocrx_word' id='word_1_349' title='bbox 157 2248 308 2280; x_wconf 78' lang='lat' dir='ltr'>translatio</span> <span class='ocrx_word' id='word_1_350' title='bbox 323 2249 428 2280; x_wconf 88' lang='lat' dir='ltr'>Coelio</span> <span class='ocrx_word' id='word_1_351' title='bbox 447 2249 625 2288; x_wconf 86' lang='lat' dir='ltr'>Calcagnino</span> <span class='ocrx_word' id='word_1_352' title='bbox 646 2252 817 2291; x_wconf 80' lang='lat' dir='ltr'>interprete.</span> <span class='ocrx_word' id='word_1_353' title='bbox 858 2249 924 2280; x_wconf 87' lang='lat' dir='ltr'>Do-</span> 
     </span>
     <span class='ocr_line' id='line_1_49' title="bbox 74 2292 925 2335; baseline -0.002 -11"><span class='ocrx_word' id='word_1_354' title='bbox 74 2294 189 2324; x_wconf 71' lang='lat' dir='ltr'>minim</span> <span class='ocrx_word' id='word_1_355' title='bbox 204 2294 326 2330; x_wconf 66' lang='lat' dir='ltr'>oraim,</span> <span class='ocrx_word' id='word_1_356' title='bbox 350 2293 567 2335; x_wconf 75' lang='lat' dir='ltr'>Apostolorum</span> <span class='ocrx_word' id='word_1_357' title='bbox 583 2292 759 2327; x_wconf 84' lang='lat' dir='ltr'>symbolum.</span> <span class='ocrx_word' id='word_1_358' title='bbox 804 2294 925 2324; x_wconf 86' lang='lat' dir='ltr'>Initium</span> 
     </span>
     <span class='ocr_line' id='line_1_50' title="bbox 75 2336 924 2379; baseline -0.001 -12"><span class='ocrx_word' id='word_1_359' title='bbox 75 2336 229 2375; x_wconf 78' lang='lat' dir='ltr'>Euangelii</span> <span class='ocrx_word' id='word_1_360' title='bbox 249 2338 376 2368; x_wconf 66' lang='lat' dir='ltr'>[oannis</span> <span class='ocrx_word' id='word_1_361' title='bbox 387 2336 528 2379; x_wconf 77' lang='lat' dir='ltr'>Apostoli.</span> <span class='ocrx_word' id='word_1_362' title='bbox 575 2336 717 2378; x_wconf 68' lang='lat' dir='ltr'>Pfizlmus</span> <span class='ocrx_word' id='word_1_363' title='bbox 729 2338 763 2368; x_wconf 88' lang='lat' dir='ltr'>L.</span> <span class='ocrx_word' id='word_1_364' title='bbox 780 2340 826 2366; x_wconf 89' lang='lat' dir='ltr'>cui</span> <span class='ocrx_word' id='word_1_365' title='bbox 844 2338 924 2378; x_wconf 90' lang='lat' dir='ltr'>prin-</span> 
     </span>
     <span class='ocr_line' id='line_1_51' title="bbox 77 2379 924 2422; baseline 0.001 -12"><span class='ocrx_word' id='word_1_366' title='bbox 77 2381 205 2422; x_wconf 72' lang='lat' dir='ltr'>cipium,</span> <span class='ocrx_word' id='word_1_367' title='bbox 230 2380 369 2411; x_wconf 75' lang='lat' dir='ltr'>Miserere</span> <span class='ocrx_word' id='word_1_368' title='bbox 384 2383 443 2411; x_wconf 86' lang='lat' dir='ltr'>mei</span> <span class='ocrx_word' id='word_1_369' title='bbox 466 2381 597 2411; x_wconf 68' lang='lat' dir='ltr'>dominei</span> <span class='ocrx_word' id='word_1_370' title='bbox 644 2379 790 2416; x_wconf 77' lang='lat' dir='ltr'>Philolai.</span> <span class='ocrx_word' id='word_1_371' title='bbox 814 2380 924 2411; x_wconf 79' lang='lat' dir='ltr'>Croto-</span> 
     </span>
    </p>
   </div>
   <div class='ocr_carea' id='block_1_6' title="bbox 62 2423 924 2466">
    <p class='ocr_par' dir='ltr' id='par_1_10' title="bbox 62 2423 924 2466">
     <span class='ocr_line' id='line_1_52' title="bbox 62 2423 924 2466; baseline 0 -11"><span class='ocrx_word' id='word_1_372' title='bbox 62 2426 184 2456; x_wconf 71' lang='lat' dir='ltr'>.niatae</span> <span class='ocrx_word' id='word_1_373' title='bbox 207 2427 350 2456; x_wconf 76' lang='lat' dir='ltr'>carmina</span> <span class='ocrx_word' id='word_1_374' title='bbox 374 2435 492 2461; x_wconf 80' lang='lat' dir='ltr'>aurea,</span> <span class='ocrx_word' id='word_1_375' title='bbox 515 2423 682 2466; x_wconf 69' lang='lat' dir='ltr'>qnaejizlso</span> <span class='ocrx_word' id='word_1_376' title='bbox 702 2424 847 2456; x_wconf 60' lang='lat' dir='ltr'>liaffcnus</span> <span class='ocrx_word' id='word_1_377' title='bbox 865 2424 924 2464; x_wconf 74' lang='lat' dir='ltr'>Py-</span> 
     </span>
    </p>
   </div>
   <div class='ocr_carea' id='block_1_7' title="bbox 78 2466 922 2511">
    <p class='ocr_par' dir='ltr' id='par_1_11' title="bbox 78 2466 922 2511">
     <span class='ocr_line' id='line_1_53' title="bbox 78 2466 922 2511; baseline 0.004 -12"><span class='ocrx_word' id='word_1_378' title='bbox 78 2466 235 2510; x_wconf 65' lang='lat' dir='ltr'>ssagorac</span> <span class='ocrx_word' id='word_1_379' title='bbox 248 2468 504 2511; x_wconf 63' lang='lat' dir='ltr'>adscriptasunt.</span> <span class='ocrx_word' id='word_1_380' title='bbox 546 2468 592 2501; x_wconf 70' lang='lat' dir='ltr'>Ad</span> <span class='ocrx_word' id='word_1_381' title='bbox 613 2468 687 2501; x_wconf 86' lang='lat' dir='ltr'>bene</span> <span class='ocrx_word' id='word_1_382' title='bbox 710 2468 922 2502; x_wconf 74' lang='lat' dir='ltr'>instituendum</span> 
     </span>
    </p>
   </div>
   <div class='ocr_carea' id='block_1_8' title="bbox 1010 323 1251 366">
    <p class='ocr_par' dir='ltr' id='par_1_12' title="bbox 1010 323 1251 366">
     <span class='ocr_line' id='line_1_54' title="bbox 1010 323 1251 366; baseline -0.004 -8"><span class='ocrx_word' id='word_1_383' title='bbox 1010 323 1086 358; x_wconf 85' lang='lat' dir='ltr'>Hh</span> <span class='ocrx_word' id='word_1_384' title='bbox 1113 323 1208 358; x_wconf 79' lang='lat' dir='ltr'>hhli</span> <span class='ocrx_word' id='word_1_385' title='bbox 1235 334 1251 366; x_wconf 80' lang='lat'><em>3</em></span> 
     </span>
    </p>
   </div>
   <div class='ocr_carea' id='block_1_9' title="bbox 970 401 1832 2553">
    <p class='ocr_par' dir='ltr' id='par_1_13' title="bbox 977 401 1663 489">
     <span class='ocr_line' id='line_1_55' title="bbox 977 401 1663 445; baseline -0.006 -10"><span class='ocrx_word' id='word_1_386' title='bbox 977 415 1076 435; x_wconf 85' lang='lat' dir='ltr'>mores</span> <span class='ocrx_word' id='word_1_387' title='bbox 1099 403 1316 434; x_wconf 78' lang='lat' dir='ltr'>adolescentum</span> <span class='ocrx_word' id='word_1_388' title='bbox 1340 401 1520 444; x_wconf 77' lang='lat' dir='ltr'>Phocylia&#39;is</span> <span class='ocrx_word' id='word_1_389' title='bbox 1545 410 1663 445; x_wconf 83' lang='lat' dir='ltr'>poema.</span> 
     </span>
     <span class='ocr_line' id='line_1_56' title="bbox 980 447 1448 489; baseline -0.002 -11"><span class='ocrx_word' id='word_1_390' title='bbox 980 459 1046 479; x_wconf 85' lang='lat' dir='ltr'>cum</span> <span class='ocrx_word' id='word_1_391' title='bbox 1062 447 1154 479; x_wconf 86' lang='lat' dir='ltr'>latina</span> <span class='ocrx_word' id='word_1_392' title='bbox 1168 449 1421 489; x_wconf 84' lang='lat' dir='ltr'>interpretatione.</span> <span class='ocrx_word' id='word_1_393' title='bbox 1432 454 1448 469; x_wconf 79' lang='lat'>‘¹</span> 
     </span>
    </p>

    <p class='ocr_par' dir='ltr' id='par_1_14' title="bbox 977 487 1832 842">
     <span class='ocr_line' id='line_1_57' title="bbox 1022 487 1830 530; baseline -0.009 -7"><span class='ocrx_word' id='word_1_394' title='bbox 1022 495 1128 523; x_wconf 89' lang='lat' dir='ltr'>Oratio</span> <span class='ocrx_word' id='word_1_395' title='bbox 1144 492 1290 523; x_wconf 87' lang='lat' dir='ltr'>dominica</span> <span class='ocrx_word' id='word_1_396' title='bbox 1309 494 1338 522; x_wconf 88' lang='lat' dir='ltr'>in</span> <span class='ocrx_word' id='word_1_397' title='bbox 1351 491 1452 522; x_wconf 82' lang='lat' dir='ltr'>versus</span> <span class='ocrx_word' id='word_1_398' title='bbox 1468 490 1614 526; x_wconf 63' lang='lat' dir='ltr'>adstricta,</span> <span class='ocrx_word' id='word_1_399' title='bbox 1633 487 1758 530; x_wconf 86' lang='lat' dir='ltr'>Caspare</span> <span class='ocrx_word' id='word_1_400' title='bbox 1773 488 1830 517; x_wconf 89' lang='lat' dir='ltr'>Vr-</span> 
     </span>
     <span class='ocr_line' id='line_1_58' title="bbox 981 532 1832 573; baseline -0.008 -6"><span class='ocrx_word' id='word_1_401' title='bbox 981 537 1042 567; x_wconf 85' lang='lat' dir='ltr'>fino</span> <span class='ocrx_word' id='word_1_402' title='bbox 1057 535 1144 567; x_wconf 90' lang='lat' dir='ltr'>Velio</span> <span class='ocrx_word' id='word_1_403' title='bbox 1160 538 1295 566; x_wconf 84' lang='lat' dir='ltr'>authore.</span> <span class='ocrx_word' id='word_1_404' title='bbox 1339 535 1450 568; x_wconf 83' lang='lat' dir='ltr'>Aurea</span> <span class='ocrx_word' id='word_1_405' title='bbox 1466 535 1610 566; x_wconf 79' lang='lat' dir='ltr'>carmina</span> <span class='ocrx_word' id='word_1_406' title='bbox 1625 532 1832 573; x_wconf 77' lang='lat' dir='ltr'>Pythagorae</span> 
     </span>
     <span class='ocr_line' id='line_1_59' title="bbox 978 576 1832 622; baseline -0.007 -12"><span class='ocrx_word' id='word_1_407' title='bbox 978 590 1102 622; x_wconf 77' lang='lat' dir='ltr'>graece.</span> <span class='ocrx_word' id='word_1_408' title='bbox 1127 590 1164 612; x_wconf 81' lang='lat' dir='ltr'>ac</span> <span class='ocrx_word' id='word_1_409' title='bbox 1179 580 1288 612; x_wconf 82' lang='lat' dir='ltr'>deinde</span> <span class='ocrx_word' id='word_1_410' title='bbox 1309 597 1352 603; x_wconf 91' lang='lat'>—-</span> <span class='ocrx_word' id='word_1_411' title='bbox 1371 580 1473 611; x_wconf 81' lang='lat' dir='ltr'>latina</span> <span class='ocrx_word' id='word_1_412' title='bbox 1491 578 1593 609; x_wconf 81' lang='lat' dir='ltr'>eodem</span> <span class='ocrx_word' id='word_1_413' title='bbox 1611 577 1721 619; x_wconf 68' lang='lat' dir='ltr'>Vrfino</span> <span class='ocrx_word' id='word_1_414' title='bbox 1737 576 1832 606; x_wconf 85' lang='lat' dir='ltr'>inter-</span> 
     </span>
     <span class='ocr_line' id='line_1_60' title="bbox 977 622 1830 665; baseline -0.009 -9"><span class='ocrx_word' id='word_1_415' title='bbox 977 628 1077 665; x_wconf 76' lang='lat' dir='ltr'>prete.</span> <span class='ocrx_word' id='word_1_416' title='bbox 1101 641 1144 648; x_wconf 97' lang='lat'><strong>—</strong></span> <span class='ocrx_word' id='word_1_417' title='bbox 1164 627 1197 655; x_wconf 86' lang='lat' dir='ltr'>In</span> <span class='ocrx_word' id='word_1_418' title='bbox 1214 624 1304 655; x_wconf 84' lang='lat' dir='ltr'>calce:</span> <span class='ocrx_word' id='word_1_419' title='bbox 1328 626 1461 656; x_wconf 89' lang='lat' dir='ltr'>Viennae</span> <span class='ocrx_word' id='word_1_420' title='bbox 1473 624 1605 653; x_wconf 84' lang='lat' dir='ltr'>Austriae</span> <span class='ocrx_word' id='word_1_421' title='bbox 1620 631 1673 663; x_wconf 88' lang='lat' dir='ltr'>per</span> <span class='ocrx_word' id='word_1_422' title='bbox 1690 622 1830 650; x_wconf 81' lang='lat' dir='ltr'>Ioannem</span> 
     </span>
     <span class='ocr_line' id='line_1_61' title="bbox 981 662 1832 707; baseline -0.008 -8"><span class='ocrx_word' id='word_1_423' title='bbox 981 670 1168 707; x_wconf 77' lang='lat' dir='ltr'>Singrenium</span> <span class='ocrx_word' id='word_1_424' title='bbox 1198 679 1275 699; x_wconf 79' lang='lat' dir='ltr'>anno</span> <span class='ocrx_word' id='word_1_425' title='bbox 1303 670 1426 700; x_wconf 84' lang='lat' dir='ltr'>XXIIII.</span> <span class='ocrx_word' id='word_1_426' title='bbox 1452 671 1560 703; x_wconf 74' lang='lat'>(1524.)</span> <span class='ocrx_word' id='word_1_427' title='bbox 1590 676 1620 702; x_wconf 86' lang='lat'>4.</span> <span class='ocrx_word' id='word_1_428' title='bbox 1653 663 1715 694; x_wconf 85' lang='lat' dir='ltr'>vid.</span> <span class='ocrx_word' id='word_1_429' title='bbox 1731 662 1832 694; x_wconf 80' lang='lat' dir='ltr'>Denis</span> 
     </span>
     <span class='ocr_line' id='line_1_62' title="bbox 981 707 1831 751; baseline -0.005 -8"><span class='ocrx_word' id='word_1_430' title='bbox 981 715 1085 743; x_wconf 83' lang='lat' dir='ltr'>Wiens</span> <span class='ocrx_word' id='word_1_431' title='bbox 1107 712 1317 744; x_wconf 80' lang='lat' dir='ltr'>Buchdrucker</span> <span class='ocrx_word' id='word_1_432' title='bbox 1332 732 1343 738; x_wconf 85' lang='lat'>-</span> <span class='ocrx_word' id='word_1_433' title='bbox 1361 711 1533 742; x_wconf 85' lang='lat' dir='ltr'>Geschichte</span> <span class='ocrx_word' id='word_1_434' title='bbox 1546 733 1556 748; x_wconf 92' lang='lat'><em>,</em></span> <span class='ocrx_word' id='word_1_435' title='bbox 1587 721 1616 751; x_wconf 89' lang='lat' dir='ltr'>p.</span> <span class='ocrx_word' id='word_1_436' title='bbox 1632 718 1687 744; x_wconf 79' lang='lat'>243</span> <span class='ocrx_word' id='word_1_437' title='bbox 1704 707 1765 748; x_wconf 83' lang='lat' dir='ltr'><strong>sqq·</strong></span> <span class='ocrx_word' id='word_1_438' title='bbox 1788 722 1831 732; x_wconf 86' lang='lat'><em>-</em></span> 
     </span>
     <span class='ocr_line' id='line_1_63' title="bbox 981 751 1828 788; baseline -0.008 -2"><span class='ocrx_word' id='word_1_439' title='bbox 981 756 1038 787; x_wconf 85' lang='lat' dir='ltr'>alia</span> <span class='ocrx_word' id='word_1_440' title='bbox 1068 756 1137 788; x_wconf 81' lang='lat' dir='ltr'>edit.</span> <span class='ocrx_word' id='word_1_441' title='bbox 1161 757 1335 788; x_wconf 88' lang='lat' dir='ltr'>eorumdem</span> <span class='ocrx_word' id='word_1_442' title='bbox 1357 757 1390 787; x_wconf 88' lang='lat' dir='ltr'>C.</span> <span class='ocrx_word' id='word_1_443' title='bbox 1410 758 1444 786; x_wconf 89' lang='grc' dir='ltr'>Λ.</span> <span class='ocrx_word' id='word_1_444' title='bbox 1475 766 1542 785; x_wconf 84' lang='lat' dir='ltr'>cnm</span> <span class='ocrx_word' id='word_1_445' title='bbox 1568 753 1634 783; x_wconf 82' lang='lat' dir='ltr'>aliis</span> <span class='ocrx_word' id='word_1_446' title='bbox 1655 751 1764 782; x_wconf 73' lang='lat' dir='ltr'>libellis</span> <span class='ocrx_word' id='word_1_447' title='bbox 1786 760 1828 788; x_wconf 86' lang='lat' dir='ltr'>gr.</span> 
     </span>
     <span class='ocr_line' id='line_1_64' title="bbox 977 799 1529 842; baseline -0.005 -11"><span class='ocrx_word' id='word_1_448' title='bbox 977 800 1050 831; x_wconf 85' lang='lat' dir='ltr'>ibid.</span> <span class='ocrx_word' id='word_1_449' title='bbox 1064 800 1131 831; x_wconf 88' lang='lat' dir='ltr'>eod.</span> <span class='ocrx_word' id='word_1_450' title='bbox 1146 811 1233 831; x_wconf 86' lang='lat' dir='ltr'>anno.</span> <span class='ocrx_word' id='word_1_451' title='bbox 1251 807 1274 834; x_wconf 80' lang='lat'>8.</span> <span class='ocrx_word' id='word_1_452' title='bbox 1299 799 1359 830; x_wconf 88' lang='lat' dir='ltr'>vid.</span> <span class='ocrx_word' id='word_1_453' title='bbox 1377 810 1443 842; x_wconf 82' lang='lat' dir='ltr'>pag.</span> <span class='ocrx_word' id='word_1_454' title='bbox 1461 808 1529 835; x_wconf 78' lang='lat'>245.</span> 
     </span>
    </p>

    <p class='ocr_par' dir='ltr' id='par_1_15' title="bbox 970 837 1831 1059">
     <span class='ocr_line' id='line_1_65' title="bbox 1023 837 1828 885; baseline -0.014 -8"><span class='ocrx_word' id='word_1_455' title='bbox 1023 844 1163 885; x_wconf 72' lang='lat' dir='ltr'>Pytlzag.</span> <span class='ocrx_word' id='word_1_456' title='bbox 1185 844 1226 876; x_wconf 89' lang='lat' dir='ltr'>A.</span> <span class='ocrx_word' id='word_1_457' title='bbox 1255 844 1285 876; x_wconf 88' lang='lat' dir='ltr'>C.</span> <span class='ocrx_word' id='word_1_458' title='bbox 1307 855 1373 875; x_wconf 81' lang='lat' dir='ltr'>cum</span> <span class='ocrx_word' id='word_1_459' title='bbox 1394 845 1468 875; x_wconf 76' lang='lat' dir='ltr'>Sixti</span> <span class='ocrx_word' id='word_1_460' title='bbox 1489 840 1661 873; x_wconf 77' lang='lat' dir='ltr'>Euchiridio</span> <span class='ocrx_word' id='word_1_461' title='bbox 1683 837 1702 869; x_wconf 85' lang='lat' dir='ltr'>s.</span> <span class='ocrx_word' id='word_1_462' title='bbox 1718 837 1828 868; x_wconf 84' lang='lat' dir='ltr'>senten-</span> 
     </span>
     <span class='ocr_line' id='line_1_66' title="bbox 979 882 1830 927; baseline -0.011 -8"><span class='ocrx_word' id='word_1_463' title='bbox 979 891 1088 919; x_wconf 84' lang='lat' dir='ltr'>tiarum</span> <span class='ocrx_word' id='word_1_464' title='bbox 1118 888 1239 926; x_wconf 87' lang='lat' dir='ltr'>libello,</span> <span class='ocrx_word' id='word_1_465' title='bbox 1276 891 1307 918; x_wconf 87' lang='lat' dir='ltr'>in</span> <span class='ocrx_word' id='word_1_466' title='bbox 1335 887 1452 918; x_wconf 86' lang='lat' dir='ltr'>officina</span> <span class='ocrx_word' id='word_1_467' title='bbox 1472 889 1592 927; x_wconf 72' lang='lat' dir='ltr'>vSimon.</span> <span class='ocrx_word' id='word_1_468' title='bbox 1611 882 1830 920; x_wconf 87' lang='lat' dir='ltr'>Grunenbergi,</span> 
     </span>
     <span class='ocr_line' id='line_1_67' title="bbox 979 926 1831 974; baseline -0.008 -12"><span class='ocrx_word' id='word_1_469' title='bbox 979 933 1057 974; x_wconf 87' lang='lat' dir='ltr'>apud</span> <span class='ocrx_word' id='word_1_470' title='bbox 1074 934 1308 972; x_wconf 81' lang='lat' dir='ltr'>Augustinianos.</span> <span class='ocrx_word' id='word_1_471' title='bbox 1322 932 1532 969; x_wconf 87' lang='lat' dir='ltr'>Wittenbergi‚</span> <span class='ocrx_word' id='word_1_472' title='bbox 1550 939 1626 965; x_wconf 84' lang='lat'>¹5¹4·</span> <span class='ocrx_word' id='word_1_473' title='bbox 1640 928 1722 964; x_wconf 84' lang='lat' dir='ltr'>(teste</span> <span class='ocrx_word' id='word_1_474' title='bbox 1732 926 1831 957; x_wconf 85' lang='lat' dir='ltr'>Man·</span> 
     </span>
     <span class='ocr_line' id='line_1_68' title="bbox 970 970 1830 1018; baseline -0.009 -11"><span class='ocrx_word' id='word_1_475' title='bbox 970 976 1019 1018; x_wconf 80' lang='lat' dir='ltr'>fio</span> <span class='ocrx_word' id='word_1_476' title='bbox 1033 979 1064 1006; x_wconf 89' lang='lat' dir='ltr'>in</span> <span class='ocrx_word' id='word_1_477' title='bbox 1080 978 1191 1008; x_wconf 86' lang='lat' dir='ltr'>Fabrie.</span> <span class='ocrx_word' id='word_1_478' title='bbox 1208 976 1346 1007; x_wconf 88' lang='lat' dir='ltr'>biblioth.</span> <span class='ocrx_word' id='word_1_479' title='bbox 1361 975 1411 1007; x_wconf 89' lang='lat' dir='ltr'>lat.</span> <span class='ocrx_word' id='word_1_480' title='bbox 1428 975 1521 1005; x_wconf 84' lang='lat' dir='ltr'>medii</span> <span class='ocrx_word' id='word_1_481' title='bbox 1538 975 1626 1010; x_wconf 82' lang='lat' dir='ltr'>aeui,</span> <span class='ocrx_word' id='word_1_482' title='bbox 1647 970 1709 1002; x_wconf 89' lang='lat' dir='ltr'>vol.</span> <span class='ocrx_word' id='word_1_483' title='bbox 1725 972 1778 1001; x_wconf 84' lang='lat' dir='ltr'>VI.</span> <span class='ocrx_word' id='word_1_484' title='bbox 1799 980 1830 1012; x_wconf 83' lang='lat' dir='ltr'>p.</span> 
     </span>
     <span class='ocr_line' id='line_1_69' title="bbox 979 1020 1102 1059; baseline -0.008 -9"><span class='ocrx_word' id='word_1_485' title='bbox 979 1025 1032 1059; x_wconf 80' lang='lat'>¹9⁶</span> <span class='ocrx_word' id='word_1_486' title='bbox 1047 1020 1064 1051; x_wconf 87' lang='lat' dir='ltr'>s</span> <span class='ocrx_word' id='word_1_487' title='bbox 1082 1024 1102 1056; x_wconf 92' lang='lat'>.)</span> 
     </span>
    </p>

    <p class='ocr_par' dir='ltr' id='par_1_16' title="bbox 977 1032 1832 2464">
     <span class='ocr_line' id='line_1_70' title="bbox 1024 1032 1832 1105; baseline -0.01 -10"><span class='ocrx_word' id='word_1_488' title='bbox 1024 1032 1165 1105; x_wconf 55' lang='lat' dir='ltr'>ngltliag.</span> <span class='ocrx_word' id='word_1_489' title='bbox 1187 1080 1231 1088; x_wconf 90' lang='lat'><em>-</em></span> <span class='ocrx_word' id='word_1_490' title='bbox 1253 1073 1320 1094; x_wconf 85' lang='lat' dir='ltr'>cum</span> <span class='ocrx_word' id='word_1_491' title='bbox 1335 1062 1454 1095; x_wconf 75' lang='lat' dir='ltr'>Cebetis</span> <span class='ocrx_word' id='word_1_492' title='bbox 1469 1060 1592 1097; x_wconf 80' lang='lat' dir='ltr'>tabula,</span> <span class='ocrx_word' id='word_1_493' title='bbox 1611 1069 1669 1100; x_wconf 83' lang='lat' dir='ltr'>per</span> <span class='ocrx_word' id='word_1_494' title='bbox 1684 1057 1832 1100; x_wconf 76' lang='lat' dir='ltr'>Christia-</span> 
     </span>
     <span class='ocr_line' id='line_1_71' title="bbox 978 1104 1830 1144; baseline -0.012 -5"><span class='ocrx_word' id='word_1_495' title='bbox 978 1118 1053 1139; x_wconf 83' lang='lat' dir='ltr'>num</span> <span class='ocrx_word' id='word_1_496' title='bbox 1070 1108 1118 1141; x_wconf 86' lang='lat' dir='ltr'><em>W</em></span> <span class='ocrx_word' id='word_1_497' title='bbox 1115 1107 1202 1140; x_wconf 82' lang='lat' dir='ltr'>echel.</span> <span class='ocrx_word' id='word_1_498' title='bbox 1227 1107 1314 1138; x_wconf 87' lang='lat' dir='ltr'>Paris.</span> <span class='ocrx_word' id='word_1_499' title='bbox 1331 1117 1399 1144; x_wconf 79' lang='lat'><em>¹53¹-</em></span> <span class='ocrx_word' id='word_1_500' title='bbox 1415 1107 1578 1143; x_wconf 84' lang='lat' dir='ltr'>(Maittaire</span> <span class='ocrx_word' id='word_1_501' title='bbox 1596 1106 1629 1134; x_wconf 82' lang='lat' dir='ltr'>A.</span> <span class='ocrx_word' id='word_1_502' title='bbox 1643 1104 1686 1134; x_wconf 90' lang='lat' dir='ltr'>T.</span> <span class='ocrx_word' id='word_1_503' title='bbox 1701 1105 1740 1132; x_wconf 72' lang='lat'>11.</span> <span class='ocrx_word' id='word_1_504' title='bbox 1755 1107 1830 1142; x_wconf 86' lang='lat' dir='ltr'>part.</span> 
     </span>
     <span class='ocr_line' id='line_1_72' title="bbox 978 1145 1831 1195; baseline -0.011 -12"><span class='ocrx_word' id='word_1_505' title='bbox 978 1154 1015 1183; x_wconf 88' lang='lat'>11.</span> <span class='ocrx_word' id='word_1_506' title='bbox 1040 1164 1068 1194; x_wconf 88' lang='lat' dir='ltr'>p.</span> <span class='ocrx_word' id='word_1_507' title='bbox 1085 1157 1166 1191; x_wconf 76' lang='lat'>732.)</span> <span class='ocrx_word' id='word_1_508' title='bbox 1190 1161 1266 1190; x_wconf 81' lang='lat'>1537·</span> <span class='ocrx_word' id='word_1_509' title='bbox 1283 1157 1308 1185; x_wconf 86' lang='lat'>8.</span> <span class='ocrx_word' id='word_1_510' title='bbox 1334 1161 1412 1190; x_wconf 75' lang='lat'>¹557-</span> <span class='ocrx_word' id='word_1_511' title='bbox 1427 1158 1451 1184; x_wconf 79' lang='lat'>8.</span> <span class='ocrx_word' id='word_1_512' title='bbox 1467 1161 1511 1189; x_wconf 88' lang='lat' dir='ltr'>gr.</span> <span class='ocrx_word' id='word_1_513' title='bbox 1529 1158 1606 1185; x_wconf 74' lang='lat'>1539.</span> <span class='ocrx_word' id='word_1_514' title='bbox 1623 1158 1666 1186; x_wconf 84' lang='lat' dir='ltr'>gr.</span> <span class='ocrx_word' id='word_1_515' title='bbox 1680 1153 1709 1176; x_wconf 86' lang='lat' dir='ltr'>et</span> <span class='ocrx_word' id='word_1_516' title='bbox 1724 1145 1774 1195; x_wconf 73' lang='lat' dir='ltr'>lat.</span> <span class='ocrx_word' id='word_1_517' title='bbox 1787 1159 1831 1167; x_wconf 91' lang='lat'>-·</span> 
     </span>
     <span class='ocr_line' id='line_1_73' title="bbox 978 1189 1830 1233; baseline -0.009 -7"><span class='ocrx_word' id='word_1_518' title='bbox 978 1196 1060 1227; x_wconf 84' lang='lat' dir='ltr'>Basil.</span> <span class='ocrx_word' id='word_1_519' title='bbox 1093 1206 1171 1233; x_wconf 82' lang='lat'>1543.</span> <span class='ocrx_word' id='word_1_520' title='bbox 1200 1207 1266 1226; x_wconf 91' lang='lat' dir='ltr'>cum</span> <span class='ocrx_word' id='word_1_521' title='bbox 1289 1195 1447 1231; x_wconf 82' lang='lat' dir='ltr'>Hierocle,</span> <span class='ocrx_word' id='word_1_522' title='bbox 1485 1197 1516 1224; x_wconf 91' lang='lat' dir='ltr'>in</span> <span class='ocrx_word' id='word_1_523' title='bbox 1546 1193 1677 1230; x_wconf 88' lang='lat' dir='ltr'>linguam</span> <span class='ocrx_word' id='word_1_524' title='bbox 1709 1189 1830 1219; x_wconf 77' lang='lat' dir='ltr'>latinam</span> 
     </span>
     <span class='ocr_line' id='line_1_74' title="bbox 977 1234 1829 1281; baseline -0.012 -10"><span class='ocrx_word' id='word_1_525' title='bbox 977 1239 1129 1271; x_wconf 83' lang='lat' dir='ltr'>translato.</span> <span class='ocrx_word' id='word_1_526' title='bbox 1160 1256 1202 1263; x_wconf 92' lang='lat'>—</span> <span class='ocrx_word' id='word_1_527' title='bbox 1234 1240 1349 1276; x_wconf 83' lang='lat' dir='ltr'>Paris,</span> <span class='ocrx_word' id='word_1_528' title='bbox 1378 1238 1458 1281; x_wconf 84' lang='lat' dir='ltr'>apud</span> <span class='ocrx_word' id='word_1_529' title='bbox 1480 1234 1754 1269; x_wconf 88' lang='lat' dir='ltr'>Guil.Morellum‚</span> <span class='ocrx_word' id='word_1_530' title='bbox 1785 1243 1829 1270; x_wconf 82' lang='lat' dir='ltr'>gr.</span> 
     </span>
     <span class='ocr_line' id='line_1_75' title="bbox 979 1280 1829 1327; baseline -0.012 -12"><span class='ocrx_word' id='word_1_531' title='bbox 979 1295 1048 1315; x_wconf 90' lang='lat' dir='ltr'>cum</span> <span class='ocrx_word' id='word_1_532' title='bbox 1069 1285 1208 1327; x_wconf 86' lang='lat' dir='ltr'>Stephani</span> <span class='ocrx_word' id='word_1_533' title='bbox 1229 1285 1320 1321; x_wconf 86' lang='lat' dir='ltr'>Nigri</span> <span class='ocrx_word' id='word_1_534' title='bbox 1350 1280 1621 1316; x_wconf 84' lang='lat' dir='ltr'>commentariolis,</span> <span class='ocrx_word' id='word_1_535' title='bbox 1653 1287 1727 1314; x_wconf 79' lang='lat'>1555.</span> <span class='ocrx_word' id='word_1_536' title='bbox 1751 1283 1776 1309; x_wconf 87' lang='lat'>8.</span> <span class='ocrx_word' id='word_1_537' title='bbox 1800 1282 1829 1306; x_wconf 82' lang='lat' dir='ltr'>et</span> 
     </span>
     <span class='ocr_line' id='line_1_76' title="bbox 981 1317 1830 1370; baseline -0.011 -11"><span class='ocrx_word' id='word_1_538' title='bbox 981 1334 1060 1364; x_wconf 81' lang='lat'>1582.</span> <span class='ocrx_word' id='word_1_539' title='bbox 1080 1339 1116 1358; x_wconf 81' lang='lat' dir='ltr'>ex</span> <span class='ocrx_word' id='word_1_540' title='bbox 1137 1337 1254 1370; x_wconf 83' lang='lat' dir='ltr'>typogr.</span> <span class='ocrx_word' id='word_1_541' title='bbox 1270 1327 1367 1369; x_wconf 85' lang='lat' dir='ltr'>Steph.</span> <span class='ocrx_word' id='word_1_542' title='bbox 1383 1327 1567 1358; x_wconf 85' lang='lat' dir='ltr'>Prevosteau.</span> <span class='ocrx_word' id='word_1_543' title='bbox 1592 1339 1633 1346; x_wconf 92' lang='lat'>-</span> <span class='ocrx_word' id='word_1_544' title='bbox 1656 1331 1724 1353; x_wconf 78' lang='lat' dir='ltr'>cum</span> <span class='ocrx_word' id='word_1_545' title='bbox 1743 1317 1830 1351; x_wconf 82' lang='lat' dir='ltr'>Cebe-</span> 
     </span>
     <span class='ocr_line' id='line_1_77' title="bbox 979 1369 1829 1412; baseline -0.014 -8"><span class='ocrx_word' id='word_1_546' title='bbox 979 1373 1023 1404; x_wconf 83' lang='lat' dir='ltr'>tis</span> <span class='ocrx_word' id='word_1_547' title='bbox 1044 1371 1172 1409; x_wconf 84' lang='lat' dir='ltr'>tabula,</span> <span class='ocrx_word' id='word_1_548' title='bbox 1210 1372 1326 1408; x_wconf 81' lang='lat' dir='ltr'>Paris,</span> <span class='ocrx_word' id='word_1_549' title='bbox 1356 1370 1433 1412; x_wconf 85' lang='lat' dir='ltr'>apud</span> <span class='ocrx_word' id='word_1_550' title='bbox 1463 1372 1626 1400; x_wconf 86' lang='lat' dir='ltr'>Martinum</span> <span class='ocrx_word' id='word_1_551' title='bbox 1654 1369 1829 1399; x_wconf 83' lang='lat' dir='ltr'>quencum‚</span> 
     </span>
     <span class='ocr_line' id='line_1_78' title="bbox 981 1413 1830 1458; baseline -0.019 -6"><span class='ocrx_word' id='word_1_552' title='bbox 981 1425 1060 1455; x_wconf 84' lang='lat'>¹557·</span> <span class='ocrx_word' id='word_1_553' title='bbox 1082 1423 1108 1450; x_wconf 87' lang='lat'>8.</span> <span class='ocrx_word' id='word_1_554' title='bbox 1134 1433 1173 1441; x_wconf 84' lang='lat'><em>-</em></span> <span class='ocrx_word' id='word_1_555' title='bbox 1196 1414 1308 1447; x_wconf 77' lang='lat' dir='ltr'>Aurea</span> <span class='ocrx_word' id='word_1_556' title='bbox 1332 1413 1415 1446; x_wconf 60' lang='lat' dir='ltr'>dieta</span> <span class='ocrx_word' id='word_1_557' title='bbox 1436 1413 1577 1454; x_wconf 76' lang='lat' dir='ltr'>Pythag.</span> <span class='ocrx_word' id='word_1_558' title='bbox 1599 1427 1641 1434; x_wconf 89' lang='lat'>—-</span> <span class='ocrx_word' id='word_1_559' title='bbox 1664 1420 1699 1440; x_wconf 83' lang='lat' dir='ltr'>ex</span> <span class='ocrx_word' id='word_1_560' title='bbox 1723 1417 1830 1458; x_wconf 81' lang='lat' dir='ltr'>graeco</span> 
     </span>
     <span class='ocr_line' id='line_1_79' title="bbox 978 1456 1829 1499; baseline -0.013 -8"><span class='ocrx_word' id='word_1_561' title='bbox 978 1463 1011 1491; x_wconf 91' lang='lat' dir='ltr'>in</span> <span class='ocrx_word' id='word_1_562' title='bbox 1024 1460 1150 1491; x_wconf 85' lang='lat' dir='ltr'>latinum</span> <span class='ocrx_word' id='word_1_563' title='bbox 1173 1470 1290 1490; x_wconf 88' lang='lat' dir='ltr'>carmen</span> <span class='ocrx_word' id='word_1_564' title='bbox 1310 1476 1354 1483; x_wconf 94' lang='lat'><strong>—</strong></span> <span class='ocrx_word' id='word_1_565' title='bbox 1373 1457 1513 1489; x_wconf 84' lang='lat' dir='ltr'>conuersa</span> <span class='ocrx_word' id='word_1_566' title='bbox 1535 1467 1587 1499; x_wconf 86' lang='lat' dir='ltr'>per</span> <span class='ocrx_word' id='word_1_567' title='bbox 1611 1457 1653 1486; x_wconf 86' lang='lat' dir='ltr'>M.</span> <span class='ocrx_word' id='word_1_568' title='bbox 1663 1456 1829 1491; x_wconf 80' lang='lat' dir='ltr'>Georgium</span> 
     </span>
     <span class='ocr_line' id='line_1_80' title="bbox 979 1496 1831 1540; baseline -0.014 -4"><span class='ocrx_word' id='word_1_569' title='bbox 979 1506 1158 1536; x_wconf 81' lang='lat' dir='ltr'>Prechtium.</span> <span class='ocrx_word' id='word_1_570' title='bbox 1184 1503 1342 1540; x_wconf 75' lang='lat' dir='ltr'>Viennae,</span> <span class='ocrx_word' id='word_1_571' title='bbox 1366 1509 1440 1539; x_wconf 81' lang='lat'>1558.</span> <span class='ocrx_word' id='word_1_572' title='bbox 1464 1513 1494 1539; x_wconf 86' lang='lat'>4.</span> <span class='ocrx_word' id='word_1_573' title='bbox 1524 1500 1584 1531; x_wconf 89' lang='lat' dir='ltr'>vid.</span> <span class='ocrx_word' id='word_1_574' title='bbox 1599 1496 1721 1530; x_wconf 77' lang='lat' dir='ltr'>Denisl.</span> <span class='ocrx_word' id='word_1_575' title='bbox 1739 1507 1778 1526; x_wconf 88' lang='lat' dir='ltr'>m.</span> <span class='ocrx_word' id='word_1_576' title='bbox 1799 1506 1831 1536; x_wconf 83' lang='lat' dir='ltr'>p.</span> 
     </span>
     <span class='ocr_line' id='line_1_81' title="bbox 981 1545 1830 1590; baseline -0.015 -9"><span class='ocrx_word' id='word_1_577' title='bbox 981 1555 1031 1585; x_wconf 82' lang='lat'>558</span> <span class='ocrx_word' id='word_1_578' title='bbox 1048 1548 1087 1590; x_wconf 92' lang='lat' dir='ltr'>sq.</span> <span class='ocrx_word' id='word_1_579' title='bbox 1119 1566 1160 1572; x_wconf 87' lang='lat'>——</span> <span class='ocrx_word' id='word_1_580' title='bbox 1193 1558 1259 1578; x_wconf 87' lang='lat' dir='ltr'>curn</span> <span class='ocrx_word' id='word_1_581' title='bbox 1279 1546 1398 1582; x_wconf 79' lang='lat' dir='ltr'>Phocyl.</span> <span class='ocrx_word' id='word_1_582' title='bbox 1423 1555 1451 1576; x_wconf 87' lang='lat' dir='ltr'>et</span> <span class='ocrx_word' id='word_1_583' title='bbox 1466 1545 1652 1576; x_wconf 84' lang='lat' dir='ltr'>Amerbachii</span> <span class='ocrx_word' id='word_1_584' title='bbox 1675 1545 1830 1589; x_wconf 61' lang='lat' dir='ltr'>interpret.</span> 
     </span>
     <span class='ocr_line' id='line_1_82' title="bbox 979 1585 1830 1633; baseline -0.012 -10"><span class='ocrx_word' id='word_1_585' title='bbox 979 1594 1189 1631; x_wconf 77' lang='lat' dir='ltr'>Argentorati‚</span> <span class='ocrx_word' id='word_1_586' title='bbox 1222 1596 1296 1628; x_wconf 77' lang='lat'><strong>¹⁵6¹·</strong></span> <span class='ocrx_word' id='word_1_587' title='bbox 1320 1597 1346 1624; x_wconf 87' lang='lat'>8.</span> <span class='ocrx_word' id='word_1_588' title='bbox 1381 1606 1424 1615; x_wconf 88' lang='lat'><em>-</em></span> <span class='ocrx_word' id='word_1_589' title='bbox 1463 1601 1528 1620; x_wconf 87' lang='lat' dir='ltr'>cum</span> <span class='ocrx_word' id='word_1_590' title='bbox 1551 1592 1573 1619; x_wconf 89' lang='lat'>1.</span> <span class='ocrx_word' id='word_1_591' title='bbox 1588 1589 1702 1618; x_wconf 84' lang='lat' dir='ltr'>Thom.</span> <span class='ocrx_word' id='word_1_592' title='bbox 1718 1585 1830 1633; x_wconf 75' lang='lat' dir='ltr'>Freigu.</span> 
     </span>
     <span class='ocr_line' id='line_1_83' title="bbox 980 1627 1832 1676; baseline -0.014 -9"><span class='ocrx_word' id='word_1_593' title='bbox 980 1647 1084 1676; x_wconf 83' lang='lat' dir='ltr'>graeca</span> <span class='ocrx_word' id='word_1_594' title='bbox 1104 1638 1312 1675; x_wconf 85' lang='lat' dir='ltr'>grammatica,</span> <span class='ocrx_word' id='word_1_595' title='bbox 1343 1636 1469 1665; x_wconf 85' lang='lat' dir='ltr'>Homeri</span> <span class='ocrx_word' id='word_1_596' title='bbox 1497 1627 1832 1665; x_wconf 75' lang='lat' dir='ltr'>Batrachomyomachin</span> 
     </span>
     <span class='ocr_line' id='line_1_84' title="bbox 982 1673 1830 1722; baseline -0.014 -11"><span class='ocrx_word' id='word_1_597' title='bbox 982 1688 1011 1711; x_wconf 88' lang='lat' dir='ltr'>et</span> <span class='ocrx_word' id='word_1_598' title='bbox 1026 1680 1134 1722; x_wconf 86' lang='lat' dir='ltr'>Aesopi</span> <span class='ocrx_word' id='word_1_599' title='bbox 1153 1679 1280 1717; x_wconf 83' lang='lat' dir='ltr'>fabulis,</span> <span class='ocrx_word' id='word_1_600' title='bbox 1304 1685 1383 1716; x_wconf 80' lang='lat'>1580.</span> <span class='ocrx_word' id='word_1_601' title='bbox 1407 1685 1431 1712; x_wconf 88' lang='lat'>8.</span> <span class='ocrx_word' id='word_1_602' title='bbox 1456 1695 1498 1701; x_wconf 89' lang='lat'>-·</span> <span class='ocrx_word' id='word_1_603' title='bbox 1521 1687 1587 1706; x_wconf 86' lang='lat' dir='ltr'>cum</span> <span class='ocrx_word' id='word_1_604' title='bbox 1610 1673 1760 1708; x_wconf 85' lang='lat' dir='ltr'>Hesiodo,</span> <span class='ocrx_word' id='word_1_605' title='bbox 1783 1680 1830 1709; x_wconf 73' lang='lat' dir='ltr'>gr.</span> 
     </span>
     <span class='ocr_line' id='line_1_85' title="bbox 980 1720 1828 1766; baseline -0.013 -11"><span class='ocrx_word' id='word_1_606' title='bbox 980 1726 1131 1766; x_wconf 79' lang='lat' dir='ltr'>Antwerp.</span> <span class='ocrx_word' id='word_1_607' title='bbox 1156 1731 1226 1760; x_wconf 80' lang='lat'>1581.</span> <span class='ocrx_word' id='word_1_608' title='bbox 1252 1730 1277 1757; x_wconf 89' lang='lat'>8.</span> <span class='ocrx_word' id='word_1_609' title='bbox 1308 1740 1351 1746; x_wconf 92' lang='lat'>—-</span> <span class='ocrx_word' id='word_1_610' title='bbox 1389 1733 1458 1752; x_wconf 80' lang='lat' dir='ltr'>cum</span> <span class='ocrx_word' id='word_1_611' title='bbox 1475 1720 1628 1753; x_wconf 78' lang='lat' dir='ltr'>Hieroclis</span> <span class='ocrx_word' id='word_1_612' title='bbox 1648 1722 1828 1748; x_wconf 84' lang='lat' dir='ltr'>commenta·</span> 
     </span>
     <span class='ocr_line' id='line_1_86' title="bbox 981 1759 1827 1807; baseline -0.013 -8"><span class='ocrx_word' id='word_1_613' title='bbox 981 1770 1049 1805; x_wconf 86' lang='lat' dir='ltr'>rio,</span> <span class='ocrx_word' id='word_1_614' title='bbox 1073 1769 1186 1799; x_wconf 83' lang='lat' dir='ltr'>Parifiis</span> <span class='ocrx_word' id='word_1_615' title='bbox 1215 1775 1243 1798; x_wconf 88' lang='lat' dir='ltr'>et</span> <span class='ocrx_word' id='word_1_616' title='bbox 1271 1766 1401 1798; x_wconf 87' lang='lat' dir='ltr'>Londini</span> <span class='ocrx_word' id='word_1_617' title='bbox 1431 1765 1607 1807; x_wconf 85' lang='lat' dir='ltr'>aliquoties,</span> <span class='ocrx_word' id='word_1_618' title='bbox 1640 1761 1689 1798; x_wconf 89' lang='lat' dir='ltr'>(de</span> <span class='ocrx_word' id='word_1_619' title='bbox 1718 1759 1827 1802; x_wconf 73' lang='lat' dir='ltr'>quibu·</span> 
     </span>
     <span class='ocr_line' id='line_1_87' title="bbox 981 1803 1830 1855; baseline -0.012 -12"><span class='ocrx_word' id='word_1_620' title='bbox 981 1812 1064 1843; x_wconf 88' lang='lat' dir='ltr'>editt.</span> <span class='ocrx_word' id='word_1_621' title='bbox 1085 1811 1186 1855; x_wconf 88' lang='lat' dir='ltr'>paullo</span> <span class='ocrx_word' id='word_1_622' title='bbox 1209 1812 1274 1854; x_wconf 83' lang='lat' dir='ltr'>post</span> <span class='ocrx_word' id='word_1_623' title='bbox 1294 1813 1404 1842; x_wconf 83' lang='lat' dir='ltr'>erimus</span> <span class='ocrx_word' id='word_1_624' title='bbox 1425 1809 1626 1851; x_wconf 75' lang='lat' dir='ltr'>copiofiorcs.)</span> <span class='ocrx_word' id='word_1_625' title='bbox 1653 1821 1696 1829; x_wconf 91' lang='lat'>—·</span> <span class='ocrx_word' id='word_1_626' title='bbox 1717 1803 1830 1853; x_wconf 65' lang='lat' dir='ltr'>Aurea</span> 
     </span>
     <span class='ocr_line' id='line_1_88' title="bbox 982 1847 1828 1897; baseline -0.013 -9"><span class='ocrx_word' id='word_1_627' title='bbox 982 1856 1259 1897; x_wconf 77' lang='lat' dir='ltr'>Pythagoreorum</span> <span class='ocrx_word' id='word_1_628' title='bbox 1281 1855 1440 1890; x_wconf 80' lang='lat' dir='ltr'>carmina,</span> <span class='ocrx_word' id='word_1_629' title='bbox 1462 1854 1511 1883; x_wconf 83' lang='lat' dir='ltr'>lat.</span> <span class='ocrx_word' id='word_1_630' title='bbox 1533 1849 1691 1886; x_wconf 78' lang='lat' dir='ltr'>conuersa,</span> <span class='ocrx_word' id='word_1_631' title='bbox 1713 1847 1828 1879; x_wconf 79' lang='lat' dir='ltr'>multis·</span> 
     </span>
     <span class='ocr_line' id='line_1_89' title="bbox 980 1892 1827 1942; baseline -0.013 -11"><span class='ocrx_word' id='word_1_632' title='bbox 980 1911 1039 1942; x_wconf 89' lang='lat' dir='ltr'>que</span> <span class='ocrx_word' id='word_1_633' title='bbox 1054 1902 1084 1931; x_wconf 87' lang='lat' dir='ltr'>in</span> <span class='ocrx_word' id='word_1_634' title='bbox 1107 1899 1179 1930; x_wconf 86' lang='lat' dir='ltr'>locis</span> <span class='ocrx_word' id='word_1_635' title='bbox 1201 1899 1373 1936; x_wconf 86' lang='lat' dir='ltr'>emendata,</span> <span class='ocrx_word' id='word_1_636' title='bbox 1395 1897 1596 1938; x_wconf 83' lang='lat' dir='ltr'>illustrataque</span> <span class='ocrx_word' id='word_1_637' title='bbox 1612 1892 1827 1924; x_wconf 73' lang='lat' dir='ltr'>obseruationi-</span> 
     </span>
     <span class='ocr_line' id='line_1_90' title="bbox 980 1939 1830 1985; baseline -0.012 -10"><span class='ocrx_word' id='word_1_638' title='bbox 980 1945 1052 1981; x_wconf 85' lang='lat' dir='ltr'>bus,</span> <span class='ocrx_word' id='word_1_639' title='bbox 1082 1944 1190 1985; x_wconf 83' lang='lat' dir='ltr'>quibus</span> <span class='ocrx_word' id='word_1_640' title='bbox 1216 1945 1303 1974; x_wconf 83' lang='lat' dir='ltr'>etiam</span> <span class='ocrx_word' id='word_1_641' title='bbox 1328 1941 1476 1974; x_wconf 75' lang='lat' dir='ltr'>Hieroclis</span> <span class='ocrx_word' id='word_1_642' title='bbox 1504 1939 1741 1981; x_wconf 84' lang='lat' dir='ltr'>interpretationi</span> <span class='ocrx_word' id='word_1_643' title='bbox 1768 1945 1830 1984; x_wconf 68' lang='lat' dir='ltr'>non</span> 
     </span>
     <span class='ocr_line' id='line_1_91' title="bbox 979 1981 1830 2031; baseline -0.011 -13"><span class='ocrx_word' id='word_1_644' title='bbox 979 1999 1086 2031; x_wconf 84' lang='lat' dir='ltr'>parum</span> <span class='ocrx_word' id='word_1_645' title='bbox 1108 1987 1180 2017; x_wconf 88' lang='lat' dir='ltr'>lucis</span> <span class='ocrx_word' id='word_1_646' title='bbox 1199 1986 1341 2018; x_wconf 83' lang='lat' dir='ltr'>adfertur.</span> <span class='ocrx_word' id='word_1_647' title='bbox 1391 1987 1502 2016; x_wconf 78' lang='lat' dir='ltr'>Autore</span> <span class='ocrx_word' id='word_1_648' title='bbox 1528 1982 1687 2016; x_wconf 80' lang='lat' dir='ltr'>Theodoro</span> <span class='ocrx_word' id='word_1_649' title='bbox 1707 1981 1830 2012; x_wconf 76' lang='lat' dir='ltr'>Marci·</span> 
     </span>
     <span class='ocr_line' id='line_1_92' title="bbox 980 2026 1827 2073; baseline -0.007 -11"><span class='ocrx_word' id='word_1_650' title='bbox 980 2033 1030 2063; x_wconf 83' lang='lat' dir='ltr'>lio.</span> <span class='ocrx_word' id='word_1_651' title='bbox 1084 2033 1237 2066; x_wconf 76' lang='lat' dir='ltr'>Lutetiae,</span> <span class='ocrx_word' id='word_1_652' title='bbox 1268 2029 1346 2073; x_wconf 83' lang='lat' dir='ltr'>apud</span> <span class='ocrx_word' id='word_1_653' title='bbox 1372 2028 1472 2060; x_wconf 88' lang='lat' dir='ltr'>Nicol.</span> <span class='ocrx_word' id='word_1_654' title='bbox 1490 2026 1669 2059; x_wconf 84' lang='lat' dir='ltr'>Niuellinm.</span> <span class='ocrx_word' id='word_1_655' title='bbox 1701 2030 1777 2060; x_wconf 76' lang='lat'>1585·</span> <span class='ocrx_word' id='word_1_656' title='bbox 1799 2028 1827 2056; x_wconf 85' lang='grc'>8-</span> 
     </span>
     <span class='ocr_line' id='line_1_93' title="bbox 979 2067 1829 2113; baseline -0.009 -8"><span class='ocrx_word' id='word_1_657' title='bbox 979 2074 1070 2106; x_wconf 84' lang='lat' dir='ltr'>reeus.</span> <span class='ocrx_word' id='word_1_658' title='bbox 1086 2086 1152 2105; x_wconf 81' lang='lat' dir='ltr'>cum</span> <span class='ocrx_word' id='word_1_659' title='bbox 1168 2074 1317 2113; x_wconf 87' lang='lat' dir='ltr'>Sylburgii</span> <span class='ocrx_word' id='word_1_660' title='bbox 1339 2075 1417 2104; x_wconf 69' lang='lat' dir='ltr'>notit</span> <span class='ocrx_word' id='word_1_661' title='bbox 1438 2075 1469 2102; x_wconf 90' lang='lat' dir='ltr'>in</span> <span class='ocrx_word' id='word_1_662' title='bbox 1485 2071 1527 2103; x_wconf 86' lang='lat' dir='ltr'>A.</span> <span class='ocrx_word' id='word_1_663' title='bbox 1544 2071 1575 2103; x_wconf 89' lang='lat' dir='ltr'>C.</span> <span class='ocrx_word' id='word_1_664' title='bbox 1591 2082 1657 2102; x_wconf 83' lang='lat' dir='ltr'>cum</span> <span class='ocrx_word' id='word_1_665' title='bbox 1673 2067 1829 2103; x_wconf 83' lang='lat' dir='ltr'>Hierocle,</span> 
     </span>
     <span class='ocr_line' id='line_1_94' title="bbox 979 2111 1826 2155; baseline -0.009 -6"><span class='ocrx_word' id='word_1_666' title='bbox 979 2118 1128 2155; x_wconf 85' lang='lat' dir='ltr'>Londini‚</span> <span class='ocrx_word' id='word_1_667' title='bbox 1153 2122 1237 2154; x_wconf 81' lang='lat'>1654.</span> <span class='ocrx_word' id='word_1_668' title='bbox 1257 2128 1298 2148; x_wconf 89' lang='lat'>12.</span> <span class='ocrx_word' id='word_1_669' title='bbox 1326 2134 1370 2140; x_wconf 89' lang='lat'>——</span> <span class='ocrx_word' id='word_1_670' title='bbox 1391 2116 1511 2152; x_wconf 76' lang='lat' dir='ltr'>eadem,</span> <span class='ocrx_word' id='word_1_671' title='bbox 1535 2125 1630 2154; x_wconf 85' lang='lat' dir='ltr'>graec.</span> <span class='ocrx_word' id='word_1_672' title='bbox 1651 2118 1683 2146; x_wconf 78' lang='lat' dir='ltr'>in</span> <span class='ocrx_word' id='word_1_673' title='bbox 1706 2111 1826 2143; x_wconf 84' lang='lat' dir='ltr'>libello:</span> 
     </span>
     <span class='ocr_line' id='line_1_95' title="bbox 979 2155 1826 2199; baseline -0.006 -8"><span class='ocrx_word' id='word_1_674' title='bbox 979 2164 1192 2199; x_wconf 73' lang='grc' dir='ltr'>Σταχυολσχιίι</span> <span class='ocrx_word' id='word_1_675' title='bbox 1209 2158 1404 2198; x_wconf 44' lang='lat' dir='ltr'>regulo-seni,</span> <span class='ocrx_word' id='word_1_676' title='bbox 1425 2163 1529 2191; x_wconf 66' lang='lat' dir='ltr'>Venet.</span> <span class='ocrx_word' id='word_1_677' title='bbox 1547 2163 1632 2197; x_wconf 76' lang='lat'>1694.</span> <span class='ocrx_word' id='word_1_678' title='bbox 1649 2165 1675 2194; x_wconf 83' lang='grc'>8.</span> <span class='ocrx_word' id='word_1_679' title='bbox 1698 2174 1740 2181; x_wconf 94' lang='grc'>--</span> <span class='ocrx_word' id='word_1_680' title='bbox 1763 2155 1826 2187; x_wconf 66' lang='lat' dir='ltr'>Sal·</span> 
     </span>
     <span class='ocr_line' id='line_1_96' title="bbox 978 2201 1826 2241; baseline -0.009 -4"><span class='ocrx_word' id='word_1_681' title='bbox 978 2207 1151 2241; x_wconf 66' lang='lat' dir='ltr'>marianam,</span> <span class='ocrx_word' id='word_1_682' title='bbox 1177 2206 1372 2236; x_wconf 83' lang='lat' dir='ltr'>Omeifianam</span> <span class='ocrx_word' id='word_1_683' title='bbox 1384 2228 1392 2241; x_wconf 94' lang='lat'><strong><em>,</em></strong></span> <span class='ocrx_word' id='word_1_684' title='bbox 1417 2205 1601 2235; x_wconf 85' lang='lat' dir='ltr'>Dietzianam</span> <span class='ocrx_word' id='word_1_685' title='bbox 1617 2212 1647 2234; x_wconf 87' lang='lat' dir='ltr'>et</span> <span class='ocrx_word' id='word_1_686' title='bbox 1666 2201 1826 2232; x_wconf 76' lang='lat' dir='ltr'>Zehneria·</span> 
     </span>
     <span class='ocr_line' id='line_1_97' title="bbox 978 2244 1826 2280; baseline -0.006 0"><span class='ocrx_word' id='word_1_687' title='bbox 978 2262 1045 2280; x_wconf 84' lang='lat' dir='ltr'>nam</span> <span class='ocrx_word' id='word_1_688' title='bbox 1061 2252 1120 2279; x_wconf 88' lang='lat' dir='ltr'>iam</span> <span class='ocrx_word' id='word_1_689' title='bbox 1135 2249 1282 2280; x_wconf 82' lang='lat' dir='ltr'>Fabricius</span> <span class='ocrx_word' id='word_1_690' title='bbox 1299 2248 1440 2279; x_wconf 85' lang='lat' dir='ltr'>laudauit.</span> <span class='ocrx_word' id='word_1_691' title='bbox 1465 2264 1504 2270; x_wconf 91' lang='lat'><strong>—</strong></span> <span class='ocrx_word' id='word_1_692' title='bbox 1529 2259 1594 2277; x_wconf 88' lang='lat' dir='ltr'>cum</span> <span class='ocrx_word' id='word_1_693' title='bbox 1610 2247 1714 2279; x_wconf 80' lang='lat' dir='ltr'>Andr.</span> <span class='ocrx_word' id='word_1_694' title='bbox 1730 2244 1826 2276; x_wconf 73' lang='grc' dir='ltr'><em>Βασε-</em></span> 
     </span>
     <span class='ocr_line' id='line_1_98' title="bbox 979 2290 1827 2331; baseline -0.007 -8"><span class='ocrx_word' id='word_1_695' title='bbox 979 2296 1018 2324; x_wconf 68' lang='lat' dir='ltr'>rf&#39;z</span> <span class='ocrx_word' id='word_1_696' title='bbox 1034 2294 1167 2323; x_wconf 84' lang='lat' dir='ltr'>vcrficnt·</span> <span class='ocrx_word' id='word_1_697' title='bbox 1183 2292 1285 2331; x_wconf 78' lang='lat' dir='ltr'>gallica</span> <span class='ocrx_word' id='word_1_698' title='bbox 1308 2301 1336 2323; x_wconf 83' lang='lat' dir='ltr'>et</span> <span class='ocrx_word' id='word_1_699' title='bbox 1356 2291 1495 2323; x_wconf 86' lang='lat' dir='ltr'>Hierocle</span> <span class='ocrx_word' id='word_1_700' title='bbox 1511 2291 1614 2330; x_wconf 81' lang='lat' dir='ltr'>gallice</span> <span class='ocrx_word' id='word_1_701' title='bbox 1629 2290 1715 2322; x_wconf 86' lang='lat' dir='ltr'>verso</span> <span class='ocrx_word' id='word_1_702' title='bbox 1735 2297 1827 2330; x_wconf 84' lang='lat' dir='ltr'>atque</span> 
     </span>
     <span class='ocr_line' id='line_1_99' title="bbox 977 2333 1825 2377; baseline -0.007 -10"><span class='ocrx_word' id='word_1_703' title='bbox 977 2336 1137 2367; x_wconf 86' lang='lat' dir='ltr'>illustrato:</span> <span class='ocrx_word' id='word_1_704' title='bbox 1155 2339 1201 2367; x_wconf 83' lang='lat' dir='ltr'>in:</span> <span class='ocrx_word' id='word_1_705' title='bbox 1224 2336 1272 2367; x_wconf 74' lang='lat' dir='ltr'>La</span> <span class='ocrx_word' id='word_1_706' title='bbox 1288 2338 1336 2368; x_wconf 76' lang='lat' dir='ltr'>vie</span> <span class='ocrx_word' id='word_1_707' title='bbox 1351 2338 1388 2367; x_wconf 82' lang='lat' dir='ltr'>de</span> <span class='ocrx_word' id='word_1_708' title='bbox 1398 2335 1597 2377; x_wconf 72' lang='lat' dir='ltr'>Pythagora,</span> <span class='ocrx_word' id='word_1_709' title='bbox 1609 2335 1653 2366; x_wconf 88' lang='lat' dir='ltr'>ses</span> <span class='ocrx_word' id='word_1_710' title='bbox 1665 2333 1825 2370; x_wconf 83' lang='lat' dir='ltr'>symboles,</span> 
     </span>
     <span class='ocr_line' id='line_1_100' title="bbox 977 2379 1824 2413; baseline -0.004 -3"><span class='ocrx_word' id='word_1_711' title='bbox 977 2380 1020 2410; x_wconf 82' lang='lat' dir='ltr'>ses</span> <span class='ocrx_word' id='word_1_712' title='bbox 1041 2391 1108 2410; x_wconf 83' lang='lat' dir='ltr'>vers</span> <span class='ocrx_word' id='word_1_713' title='bbox 1130 2380 1219 2410; x_wconf 83' lang='lat' dir='ltr'>dorez</span> <span class='ocrx_word' id='word_1_714' title='bbox 1245 2389 1273 2410; x_wconf 82' lang='lat' dir='ltr'>et</span> <span class='ocrx_word' id='word_1_715' title='bbox 1300 2379 1328 2410; x_wconf 85' lang='lat' dir='ltr'>la</span> <span class='ocrx_word' id='word_1_716' title='bbox 1349 2383 1397 2412; x_wconf 79' lang='lat' dir='ltr'>vie</span> <span class='ocrx_word' id='word_1_717' title='bbox 1421 2381 1448 2411; x_wconf 82' lang='lat' dir='ltr'>d’</span> <span class='ocrx_word' id='word_1_718' title='bbox 1465 2379 1618 2411; x_wconf 84' lang='lat' dir='ltr'>Hierocles</span> <span class='ocrx_word' id='word_1_719' title='bbox 1640 2388 1695 2409; x_wconf 90' lang='lat' dir='ltr'>etc.</span> <span class='ocrx_word' id='word_1_720' title='bbox 1731 2379 1824 2413; x_wconf 77' lang='lat' dir='ltr'>Paris,</span> 
     </span>
     <span class='ocr_line' id='line_1_101' title="bbox 977 2426 1270 2464; baseline -0.003 -9"><span class='ocrx_word' id='word_1_721' title='bbox 977 2428 1061 2464; x_wconf 84' lang='lat'>1706.</span> <span class='ocrx_word' id='word_1_722' title='bbox 1080 2434 1121 2453; x_wconf 85' lang='lat'>12.</span> <span class='ocrx_word' id='word_1_723' title='bbox 1142 2426 1179 2454; x_wconf 88' lang='lat'>11.</span> <span class='ocrx_word' id='word_1_724' title='bbox 1198 2433 1270 2454; x_wconf 84' lang='lat' dir='ltr'>tom.</span> 
     </span>
    </p>

    <p class='ocr_par' dir='ltr' id='par_1_17' title="bbox 1020 2462 1825 2511">
     <span class='ocr_line' id='line_1_102' title="bbox 1020 2462 1825 2511; baseline -0.006 -12"><span class='ocrx_word' id='word_1_725' title='bbox 1020 2470 1120 2510; x_wconf 65' lang='lat' dir='ltr'>vaat&#39;e&#39;</span> <span class='ocrx_word' id='word_1_726' title='bbox 1136 2471 1185 2501; x_wconf 72' lang='grc' dir='ltr'>ἔπη</span> <span class='ocrx_word' id='word_1_727' title='bbox 1201 2470 1235 2499; x_wconf 64' lang='lat' dir='ltr'>‘ti</span> <span class='ocrx_word' id='word_1_728' title='bbox 1251 2466 1418 2511; x_wconf 58' lang='grc' dir='ltr'>Πνθαγόρε,</span> <span class='ocrx_word' id='word_1_729' title='bbox 1435 2466 1466 2501; x_wconf 75' lang='lat' dir='ltr'>lt·</span> <span class='ocrx_word' id='word_1_730' title='bbox 1481 2478 1507 2500; x_wconf 72' lang='grc' dir='ltr'>ε.</span> <span class='ocrx_word' id='word_1_731' title='bbox 1518 2465 1729 2509; x_wconf 69' lang='lat' dir='ltr'>Pythagoras</span> <span class='ocrx_word' id='word_1_732' title='bbox 1745 2462 1825 2495; x_wconf 61' lang='lat' dir='ltr'>chri*</span> 
     </span>
    </p>

    <p class='ocr_par' dir='ltr' id='par_1_18' title="bbox 1702 2510 1825 2553">
     <span class='ocr_line' id='line_1_103' title="bbox 1702 2510 1825 2553; baseline -0.024 -12"><span class='ocrx_word' id='word_1_733' title='bbox 1702 2510 1825 2553; x_wconf 72' lang='lat' dir='ltr'>flicmus</span> 
     </span>
    </p>
   </div>
   <div class='ocr_carea' id='block_1_10' title="bbox 1696 327 1830 367">
    <p class='ocr_par' dir='ltr' id='par_1_19' title="bbox 1696 327 1830 367">
     <span class='ocr_line' id='line_1_104' title="bbox 1696 327 1830 367; baseline -0.007 -15"><span class='ocrx_word' id='word_1_734' title='bbox 1696 327 1830 367; x_wconf 62' lang='lat' dir='ltr'>ptoreln</span> 
     </span>
    </p>
   </div>
   <div class='ocr_carea' id='block_1_11' title="bbox 1721 399 1833 430">
    <p class='ocr_par' dir='ltr' id='par_1_20' title="bbox 1721 399 1833 430">
     <span class='ocr_line' id='line_1_105' title="bbox 1721 399 1833 430; baseline -0.018 0"><span class='ocrx_word' id='word_1_735' title='bbox 1721 399 1833 430; x_wconf 80' lang='lat' dir='ltr'>Omnia</span> 
     </span>
    </p>
   </div>
  </div>
 </body>
</html>
