2183 2747
405 132 618 171 Mvsm-:vs
672 130 986 169 ATHENffiNsss.
1119 130 1194 167 Lib.
1212 131 1240 167 J.
1268 143 1334 177 cap.
1353 130 1465 167 XVI.
1731 141 1790 176 ιη

27 240 114 278 2833.
141 229 219 268 coll.
244 230 463 277 Montfaucon
493 228 598 264 Catal.
615 230 711 264 MSS.
735 228 815 264 Bibl.
838 243 869 278 p.
887 240 955 273 771.
979 228 1021 263 D.
1050 241 1082 276 p.
1097 239 1184 263 1010.
1205 228 1247 262 D.
1273 246 1323 253 —
1376 229 1414 262 Iu
1435 227 1637 262 Bibliotheca
1660 229 1788 264 Veneta

25 288 69 325 D.
85 287 192 323 Marci
216 281 291 318 cod.
317 295 381 328 522.
411 281 516 317 Catal.
541 282 676 317 Zanetti
699 292 730 317 et
761 282 990 329 Bongiouanni
1011 293 1087 330 pag.
1113 286 1185 320 282.
1209 293 1248 315 ex
1271 292 1338 328 quo
1369 278 1448 316 loco
1478 282 1578 314 etiam
1602 290 1714 328 patet,
1754 284 1788 317 in

24 338 269 385 Honffancunii
291 334 444 370 Biblioth.
471 333 695 370 bibliothecar.
716 335 812 370 MSS.
835 334 887 369 vbi
914 331 1004 368 idem
1033 331 1138 368 codex
1164 346 1238 383 pag.
1260 343 1335 376 474.
1364 335 1402 367 A.
1425 345 1474 367 nr.
1496 345 1536 368 11.
1568 344 1788 376 memoratur,

21 387 108 430 falso
124 386 322 438 exscriptum
340 385 420 429 esse,
450 400 476 421 Μ
489 401 511 421 ν
525 400 539 420 s
552 401 573 422 A
587 400 603 421 r:
616 401 636 422 v
650 400 663 421 s
693 401 708 421 s
721 402 728 421 1
743 400 761 422 c
775 401 796 422 v
809 401 826 422 L
839 400 862 421 v
875 400 908 428 S,
946 385 1104 433 Musaeus
1125 386 1215 419 Hero
1231 392 1260 419 et
1278 386 1444 425 Leandcm·
1472 385 1569 428 loco,
1615 398 1641 419 m
1654 397 1674 420 o
1686 397 1700 419 s
1712 398 1730 426 c
1744 399 1764 419 Η
1776 400 1787 420 1

20 443 121 480 Siculi
142 443 299 487 Europa,
334 440 466 488 [Musaei
489 439 526 474 de
547 441 680 474 Herone
701 447 731 474 ct
752 440 913 475 Leandro,
939 458 991 465 -—
1044 440 1081 473 In
1105 437 1258 474 Biblioth.
1276 434 1404 473 Caesar.
1426 440 1456 472 V
1459 436 1570 473 indob.
1590 436 1677 486 apud
1693 439 1790 473 Lam-

22 496 90 532 bec.
114 507 197 532 tom.
223 497 279 530 lv.
305 506 380 543 pag.
404 505 471 537 507.
499 492 577 527 coll.
603 490 792 528 Montsauc.
821 492 842 528 l.
866 505 893 526 c.
918 505 950 542 p.
966 494 1032 536 561.
1054 493 1091 526 E.
1121 511 1172 517 —
1227 493 1264 526 In
1288 491 1528 538 Montfauconii
1551 489 1655 526 Catal.
1686 504 1788 527 mem.

20 562 98 600 pag.
118 561 189 594 303.
208 548 242 582 B.
267 560 316 582 nr.
332 559 360 590 7.
385 548 420 582 in
441 544 516 580 bibl.
542 544 705 581 Medic-ea.
734 566 785 573 —
838 545 921 582 Ibid.
948 558 980 593 p.
1007 555 1074 588 502.
1095 546 1134 579 C.
1159 546 1192 578 in
1216 542 1292 578 bibl.
1316 541 1458 579 Mediol.
1483 541 1710 579 Ambrossana.
1740 563 1792 572 —

19 603 109 638 lbid.
130 614 205 652 pag.
225 604 296 644 641.
316 601 354 635 C.
378 612 426 633 nr.
445 600 498 641 46.
523 609 554 633 et
574 612 605 633 n.
625 601 678 643 64.
703 611 780 647 pag.
801 601 876 641 642.
891 599 934 633 D.
963 600 996 631 in
1017 596 1091 634 bibl.
1113 594 1302 632 Bodleiana.
1331 614 1383 623 —-
1437 596 1522 634 Ibid.
1546 609 1622 646 pag.
1648 598 1724 640 676.
1749 598 1789 632 A.

20 669 54 690 11.
73 667 159 698 2²²3·
189 672 240 680 —
291 655 330 687 In
352 650 506 686 Biblioth.
532 649 685 700 Lugdun.
704 652 736 685 B.
753 650 914 699 ,Cat-alog.
936 663 967 699 p.
983 656 1056 695 398.
1077 663 1109 685 n.
1126 662 1175 696 59.
1199 652 1283 684 inter
1300 649 1396 685 MSS.
1426 647 1572 686 Voffian.
1593 647 1689 685 Adde
1703 647 1792 686 infra

20 710 56 744 in
77 704 212 743 censura
239 703 391 741 editionis
414 706 642 739 Roeuerianae
663 714 880 739 memoratos.

53 809 199 836 editiones.
261 791 313 829 Ad
336 791 496 828 editiones
520 789 722 826 veniendum
747 790 809 826 est:
838 803 981 840 quarum
1000 802 1084 839 quae
1107 791 1215 840 prima
1237 788 1275 825 sit
1294 788 1461 833 habenda,
1488 788 1580 840 quod
1603 788 1688 826 duae
1705 800 1794 825 vete-

288 859 338 880 res
361 844 520 880 editiones
541 854 620 878 nota
647 847 722 878 anni
751 841 824 878 sunt
854 842 1022 878 destitutae
1037 871 1047 882 .
1081 856 1150 878 non
1172 842 1277 893 potest
1299 854 1390 880 certo
1413 842 1554 879 deliniri.
1637 845 1791 892 Princeps

18 899 161 936 habetur
183 911 200 933 a
221 899 380 933 Roeuero
403 893 537 946 aliisque
561 896 686 932 Aldina
709 899 810 946 prior.
865 896 994 943 Illusaei
1012 898 1191 941 poemation
1212 895 1250 930 de
1265 895 1394 931 Herone
1414 904 1444 931 et
1465 895 1638 937 Leandro,
1682 908 1732 944 gr.
1759 904 1791 931 et

19 951 77 989 lat.
100 965 179 987 cum
203 949 279 986 Aldi
304 946 510 999 praefatione
533 961 661 997 graeca.
683 961 713 993 4.
770 951 898 984 Primus
921 950 975 983 hic
1004 947 1086 983 liber
1113 947 1158 983 est
1185 946 1266 993 (nisi
1287 948 1442 996 Lascaris
1467 948 1726 985 Institutionibus
1750 948 1791 982 ab

20 1003 112 1042 Aldo
133 1015 227 1049 1494·
252 1002 371 1038 vltimo
394 1002 484 1037 Febr.
510 1001 602 1036 editis
623 1003 847 1051 principatum
869 1000 1026 1036 vindicari
1050 999 1187 1045 1113113.)
1211 1014 1249 1036 cx
1267 1000 1402 1036 officina
1424 1000 1563 1043 Aldina.¹
1598 1012 1695 1051 atque
1711 1013 1791 1050 pro-

20 1056 168 1093 babiliter
188 1069 215 1090 a.
234 1067 327 1100 1494.
346 1051 498 1089 excusus:
527 1067 606 1089 nam
628 1056 661 1089 in
686 1051 891 1103 praefatione
913 1067 1030 1102 graeca
1051 1051 1092 1088 ad
1114 1056 1263 1102 primum
1281 1053 1462 1090 Aristotelis
1478 1053 1640 1089 volumen
1663 1066 1790 1099 a.1495.

19 1109 214 1160 profitetur,
242 1105 274 1142 se
291 1104 482 1144 Musaeum.
498 1116 670 1155 tamquam
693 1105 922 1155 praeludium,
951 1104 1150 1154 praemiliffe
1172 1106 1356 1141 Aristoteli:
1384 1107 1542 1146 Meo-03⁶2·
1558 1103 1614 1144 τὸν
1635 1103 1790 1145 vazmo'-

20 1178 134 1201 τατον
151 1155 291 1204 ποιητήν
306 1157 467 1204 ἠθέλησα
489 1155 722 1210 προοιμιάζειν
740 1160 791 1211 τῷ
807 1175 847 1197 τε
862 1156 1071 1209 'Aege-rina
1089 1169 1148 1193 etc.
1171 1172 1201 1192 v.
1224 1159 1399 1195 fllaittoire
1419 1159 1539 1194 Annal.
1564 1170 1699 1208 typogr.
1722 1159 1789 1194 vol.

19 1217 78 1252 lV.
102 1223 184 1264 part.
201 1215 224 1248 1.
248 1209 291 1258 (s.
320 1224 403 1248 tom.
420 1214 443 1247 Ι.
468 1222 550 1261 part.
567 1225 595 1248 2.
626 1211 786 1255 Amstel.)
815 1224 890 1261 pag.
908 1224 961 1255 70.
980 1222 1010 1245 et
1026 1221 1108 1260 part.
1129 1213 1167 1245 11.
1185 1223 1260 1260 pag.
1279 1223 1343 1257 575.
1368 1222 1399 1247 et
1419 1211 1561 1246 Orlandi
1575 1214 1713 1260 Origeni
1728 1223 1788 1247 etc.

18 1282 52 1318 p.
69 1269 118 1314 56.
177 1265 338 1311 Quirinus
359 1276 490 1307 tamen,
524 1267 573 1299 vir
593 1275 812 1314 purpuratus,
847 1267 880 1298 in
899 1263 1047 1313 Epistola
1072 1262 1113 1298 ad
1135 1264 1271 1298 Saxium
1293 1277 1367 1312 pag.
1385 1276 1415 1308 7.
1436 1263 1476 1299 ad
1493 1263 1618 1299 calcem
1641 1264 1792 1310 Philippi

17 1319 176 1366 Argclati
196 1317 418 1353 Bibliothecae
440 1316 684 1352 Mediolanens.
708 1328 791 1353 tom.
810 1319 848 1351 11.
865 1315 1007 1351 Mediol.
1024 1327 1110 1360 1745.
1132 1326 1241 1365 putat,
1270 1317 1366 1351 verba
1387 1316 1461 1357 illa,
1488 1317 1604 1365 quibus
1621 1318 1791 1352 inchoauit

18 1371 124 1408 Aldus
138 1373 270 1406 Manut.
290 1384 445 1419 graecam
474 1369 566 1405 illam
582 1367 845 1419 praefationem,
873 1383 943 1404 11011
964 1371 1135 1411 euincere,
1164 1371 1360 1418 poemation
1387 1368 1469 1404 illud
1495 1371 1608 1418 primo
1633 1369 1790 1404 Aristote-

16 1423 57 1460 lis
78 1424 264 1465 volumini,
292 1421 358 1458 scil.
391 1425 555 1472 Logicae,
583 1418 772 1472 praeiuisse,
808 1436 913 1472 quum
935 1418 1032 1456 facile
1054 1418 1168 1456 referri
1194 1419 1314 1470 possint
1337 1419 1379 1456 ad
1400 1418 1585 1456 vniuersam
1608 1420 1790 1456 Aristotelis

16 1479 171 1527 Operum
191 1476 447 1518 collecffionem,
480 1489 627 1525 quorum
650 1475 858 1525 postremum
884 1485 1018 1510 tomum
1037 1487 1126 1508 anno
1146 1472 1287 1509 demum
1304 1479 1392 1519 ¹498·
1420 1476 1533 1519 (hunc
1554 1476 1644 1509 enim
1661 1487 1790 1509 annum

14 1529 135 1580 procul
155 1528 256 1564 dubio
277 1532 310 1563 in
334 1531 449 1564 animo
471 1529 628 1563 habuerat
649 1529 830 1578 Qirinus)
868 1526 973 1563 Aldus
999 1526 1180 1574 euulgauit.
1234 1529 1420 1561 Enimuero
1447 1529 1594 1575 argutiae
1616 1528 1700 1562 mihi
1725 1528 1790 1562 hae

16 1580 80 1619 esse
100 1581 268 1618 videntur:
294 1580 319 1616 fi
339 1579 379 1616 ad
397 1581 555 1616 vltimum
568 1592 703 1617 tomum
719 1594 930 1630 annumque,
958 1593 1026 1629 quo
1049 1582 1073 1613 is
1091 1577 1196 1614 editus
1216 1579 1278 1621 est,
1307 1575 1430 1614 referre
1445 1578 1555 1621 malis,
1572 1592 1630 1613 cur
1649 1576 1788 1627 scripsis-

13 1633 62 1671 set
82 1634 185 1670 Aldus
209 1632 556 1678 MgeoeTov‘riSe‘Anooe
580 1630 813 1685 πραιμιοίζων
841 1632 891 1687 τᾷ
913 1648 954 1671 τε
980 1630 1187 1683 Ἀςι-τοτέλει
1212 1643 1271 1666 etc.
1302 1634 1412 1667 etcur
1439 1634 1473 1666 in
1497 1630 1553 1666 illa
1579 1629 1789 1680 praefatione

17 1699 163 1724 emtores
186 1687 318 1723 allicere
341 1686 481 1722 demum
503 1685 672 1729 voluillet,
707 1686 861 1736 equfdem
885 1699 954 1721 non
982 1685 1081 1734 plane
1107 1681 1279 1733 perspicio.
1333 1684 1456 1719 Fabric.
1481 1682 1592 1719 noster
1615 1682 1683 1719 vol.
1699 1685 1786 1719 XIII.

15 1754 93 1792 pag.
109 1743 186 1782 608.
209 1753 283 1775 eam
304 1743 389 1775 circa
411 1753 439 1775 a.
459 1751 548 1785 1495.
574 1752 604 1784 4.
624 1737 802 1789 suspicatus
823 1739 868 1775 est
889 1738 1001 1773 lucem
1026 1734 1212 1786 adspexiss'e.

185 1817 307 1854 Altera
326 1816 426 1853 editio
448 1815 515 1852 fine
541 1817 560 1852 l.
586 1828 617 1853 et
637 1831 665 1853 a.
687 1828 786 1860 nota,
814 1820 848 1852 in
868 1814 980 1853 forma
997 1827 1026 1860 4.
1051 1815 1095 1851 est
1113 1828 1175 1850 vna
1199 1827 1237 1849 ex
1261 1813 1322 1848 illis
1345 1815 1508 1863 quinque,
1536 1825 1620 1862 quae
1645 1812 1788 1859 quadra-

17 1873 62 1907 tis
79 1872 195 1906 littem's
216 1867 351 1905 excusae
373 1867 465 1905 sunt:
501 1870 647 1912 Gipomae
667 1869 881 1917 Momsticboi
909 1882 949 1904 ex
971 1869 1104 1916 diuersis·
1130 1870 1234 1912 poetis
1248 1866 1426 1912 fhcuna'um
1451 1868 1594 1900 ordimm
1615 1865 1790 1911 alphabeti-

15 1937 110 1960 cum:
136 1921 177 1958 ad
202 1936 343 1972 quarum
365 1921 492 1957 calcem
514 1925 658 1958 reiicitur
677 1925 893 1971 poem-arion,
920 1923 1072 1961 Μεσαίε
1088 1916 1139 1959 τοὶ
1154 1915 1240 1958 καθ’
1258 1913 1348 1969 Ἡρα)
1367 1913 1425 1966 1ῳή
1441 1913 1619 1969 Λέανδρον.
1674 1915 1786 1953 Lasca-

18 1980 60 2013 ris
87 1973 210 2012 curasse
233 1977 319 2010 hanc
349 1973 549 2018 editionem,
589 1986 619 2010 et
642 1974 777 2024 quidem
801 1986 876 2012 ante
897 1988 1024 2009 annum
1049 1985 1136 2019 1495.
1160 1971 1314 2007 credibile
1341 1970 1385 2006 est
1402 1999 1412 2013 ,
1453 1974 1615 2020 quoniam
1642 1968 1786 2006 Lascaris

17 2030 170 2079 reliquis,
198 2031 231 2062 111
253 2028 368 2077 quibus
391 2027 545 2076 capitales
568 2027 645 2062 illae
666 2028 791 2063 litterae
813 2026 976 2062 adhibitae
1000 2024 1091 2068 sunt,
1119 2020 1292 2074 pracfuiffe
1318 2022 1465 2066 videtur,
1506 2034 1538 2059 et
1561 2021 1653 2073 quod
1680 2022 1785 2058 Aldus

17 2080 148 2119 easdem
172 2082 322 2116 Gnomas
344 2079 424 2114 calci
445 2082 620 2116 Theocriti
643 2092 740 2130 atque
759 2078 895 2115 Hesiodi
917 2094 944 2114 a.
961 2091 1049 2125 1495.
1072 2076 1178 2114 excusl
1196 2075 1366 2112 adiecerat.
1390 2090 1420 2110 v.
1439 2077 1622 2111 Roeucrum
1641 2078 1677 2111 ἰι
1692 2088 1785 2124 prae-

16 2133 144 2172 fatione
166 2131 206 2168 ad
229 2130 321 2168 suam
345 2131 420 2167 edit.
442 2133 569 2168 vberius
592 2132 633 2168 de
662 2135 728 2168 hoc
754 2143 955 2181 argumento
984 2130 1230 2181 disputantem,
1268 2139 1299 2164 et
1328 2129 1505 2164 Maittairc
1536 2127 1656 2165 Annal.
1687 2129 1783 2177 Typ-

18 2190 176 2224 tom.1V.
193 2196 276 2234 part.
293 2198 316 2219 1.
334 2198 409 2233 pag.
426 2197 490 2220 101.
516 2197 548 2221 et
567 2197 633 2231 105.
661 2189 716 2235 qui
743 2185 864 2221 ibidem
887 2198 963 2234 pag.
982 2196 1045 2228 105.
1074 2198 1105 2218 11.
1133 2195 1162 2226 7.
1184 2193 1215 2217 et
1241 2188 1271 2222 8.
1293 2179 1437 2223 dubitat,
1475 2194 1517 2215 an
1539 2181 1586 2216 H.
1602 2181 1786 2226 Stephanus

16 2240 111 2276 illam
134 2238 251 2275 viderit
271 2236 478 2272 editionem:
518 2249 664 2273 attamen
688 2240 844 2287 Stephan.
866 2248 992 2273 textum
1016 2236 1124 2277 illius,
1164 2237 1219 2283 qui
1237 2233 1346 2269 multo
1372 2236 1517 2269 curatior
1539 2243 1570 2268 et
1590 2233 1712 2268 melior
1726 2231 1782 2276 est,

18 2307 119 2343 quam
142 2295 175 2327 in
197 2293 345 2340 principe
367 2289 506 2332 Aldina,
534 2289 691 2326 reddidit:
720 2288 832 2325 forsan
858 2293 958 2339 igitur
984 2302 1022 2324 ex
1045 2288 1106 2323 alia
1129 2286 1291 2328 editione,
1326 2283 1536 2321 Lascarianae
1557 2285 1624 2320 filia
1647 2283 1784 2320 describi

18 2359 98 2382 eum
121 2343 208 2380 fecit.
264 2346 308 2378 At
330 2345 491 2392 quoniam
514 2345 546 2378 in
567 2344 630 2378 hac
651 2342 813 2386 editione,
851 2357 934 2392 quae
958 2340 1037 2377 basis
1069 2338 1137 2375 sere
1166 2339 1369 2388 reliquarum
1398 2338 1580 2373 meliorum
1604 2335 1690 2373 facia
1717 2337 1782 2381 est,

18 2409 191 2434 contextus
215 2395 326 2431 multo
347 2394 536 2443 diligentius
560 2393 742 2445 rec‘liusque
772 2393 936 2445 expreffus
959 2396 1116 2443 repetitur
1132 2421 1141 2434 ,
1177 2406 1217 2427 eo
1251 2391 1413 2427 lubentius
1440 2389 1540 2425 credo
1556 2419 1566 2431 ,
1605 2389 1780 2433 Aldinam,

17 2454 128 2489 minus
157 2459 364 2491 accuratam,
389 2445 599 2498 praeceffiss'e.
651 2449 838 2486 fabricium
859 2461 960 2490 vero,
987 2449 1044 2497 qui
1067 2445 1162 2482 illam
1178 2448 1272 2490 1468.
1290 2443 1403 2482 lucem
1422 2439 1622 2495 adspexiss'e,
1648 2439 1780 2492 scripse-

1720 2505 1783 2540 rat,
