2071 2747
30 2180 45 2408 l

583 67 947 104 rmesaexottvm
979 66 1109 104 Lintea
1137 66 1163 103 ι.
1194 67 1263 104 ΕΤ
1291 67 1322 103 11
1387 68 1521 108 ΜΗ.
1535 65 1728 105 axa-111.
1780 79 1836 117 535

74 167 126 201 nis
151 161 316 201 accensuit
339 165 411 210 (art.
428 161 546 200 medic.
565 166 706 214 princip.
732 175 815 201 tom.
833 166 856 200 l.
874 178 948 215 pag.
964 165 1051 210 ¹93.)
1070 176 1238 214 quemque
1257 162 1384 214 sequuti
1403 163 1477 202 sunt
1497 166 1674 201 Grunerm
1691 163 1834 212 (censur.

72 218 144 254 libr.
163 219 330 267 Hippocr.
349 231 380 267 p.
401 219 464 262 57.)
480 229 511 253 et
527 218 711 252 Grimmius
726 219 974 267 (Hippokrates
994 218 1120 253 VVerke
1135 217 1224 254 Band
1243 219 1265 253 Ι.
1286 232 1318 267 p.
1338 223 1408 261 168.
1435 229 1466 255 et
1489 222 1523 254 in
1544 229 1660 255 annot.
1683 216 1725 254 ad
1743 220 1835 255 hune

71 271 144 308 libr.
162 271 250 307 Band
269 273 306 305 Π.
323 284 354 319 p.
373 272 478 317 496.)
496 284 600 306 nemo
617 284 757 310 eorum,
787 275 842 320 qui
862 273 1077 320 Hippocratis
1095 270 1196 307 libros
1215 271 1452 315 diiudicarunt,
1479 275 1632 322 genuinis
1659 269 1833 310 accensuit.

73 324 258 360 Erotianus
272 321 408 372 (expos.
424 335 498 360 voc.
514 325 619 373 Hipp.
638 336 670 372 p.
690 337 738 359 22.
755 323 831 360 edit.
849 326 981 368 Franz.)
997 334 1173 372 vtrumque
1196 338 1263 359 non
1293 326 1507 374 Hippocratis
1533 324 1597 361 effe
1619 322 1765 373 expresse
1783 322 1833 360 di.

72 380 129 413 cit.
185 374 320 413 Possunt
336 388 448 413 tamen
465 388 496 413 et
515 378 616 412 verba
631 379 717 412 eius:
744 373 963 427 προρρητικὲν
980 373 1008 415 οἱ
1023 373 1080 425 »φή
1096 373 1135 420 β’
1150 376 1194 416 ῶς
1209 375 1253 417 ἐκ
1272 381 1339 418 {w
1355 374 1609 429 Ἰππσκςοὶτες,
1639 380 1670 415 ἔν
1695 374 1826 417 ἄλλοις

13 454 15 479 1
72 425 240 481 δείξομεν,
263 433 306 466 ita
325 443 463 480 quoque
479 430 639 479 intelligi,
664 440 700 465 vt
715 430 935 479 posteriorem
952 431 1111 466 duntaxat
1130 432 1341 479 Hippocratis
1360 430 1422 467 effe
1437 443 1545 480 neget.
1601 430 1748 466 Eosdem
1766 432 1830 467 hot

29 487 32 490 ’
72 483 174 521 libros
189 485 356 533 genuinos
371 497 442 519 non
459 481 542 526 esse,
568 481 623 519 sed
641 498 658 518 a
675 482 872 532 quibusdam
888 485 1059 523 Draconi,
1088 485 1302 533 Hippocratis
1320 484 1410 527 filio,
1437 499 1453 521 a
1476 484 1673 534 quibusdam
1687 481 1829 519 Thess‘a.

15 578 17 583 .
70 536 107 574 lo
123 534 278 580 adscn‘bi,
306 536 474 580 Galenus,
501 547 533 572 et
547 549 618 572 non
634 549 702 572 vno
719 534 855 585 quidem
871 537 950 572 loco
974 538 1129 581 (Comm.
1159 539 1192 572 in
1209 539 1232 571 1.
1255 536 1410 587 praedici.
1428 539 1467 575 11.
1492 548 1567 573 text.
1587 550 1634 583 5²·
1662 549 1735 585 pag.
1752 539 1827 582 736.

71 600 155 626 tom.
175 590 263 625 Vlll.
281 599 313 624 et
328 592 467 625 Comm.
489 592 522 624 in
538 591 563 625 l.
582 588 736 637 praedici.
754 593 777 625 1.
797 600 876 625 text.
893 602 923 633 4.
939 603 970 638 p.
988 593 1068 636 699.
1097 601 1176 626 text.
1195 602 1226 636 15
1261 604 1289 639 p.
1308 603 1371 635 711.
1397 602 1481 627 tom.
1500 592 1591 627 Vlll.
1616 591 1747 635 Chart.)
1770 588 1827 625 ad-

69 639 155 679 serit.
210 644 252 678 Et
267 641 404 691 quidem
422 644 485 677 hos
499 641 603 677 libros
618 640 781 678 conflatos
801 640 864 678 esse
882 653 992 691 putat,
1020 642 1130 678 multis
1149 654 1259 678 tamen
1275 641 1360 679 falsis
1377 642 1593 692 interspersis,
1619 656 1659 679 ex
1676 654 1825 692 progno-

18 707 19 710 ’
69 694 166 739 ssico,
191 692 388 743 aphorismis
407 704 437 731 et
451 694 696 744 epidemiorum
713 694 816 731 libris.
835 697 991 743 (Comm.
1006 697 1031 730 1.
1052 699 1085 731 in
1102 697 1153 731 111.
1173 698 1337 745 Hippocr.
1355 696 1441 746 epid.
1460 707 1536 733 text.
1553 710 1605 744 29.
1622 710 1654 745 p.
1664 708 1733 740 227.
1748 701 1823 736 228.

69 759 154 784 toni.
174 748 231 785 lx.
249 748 380 793 Chart.)
433 750 538 784 Hunc
556 759 667 784 tamen
685 748 808 784 librum
823 746 894 794 (seu
919 750 1031 798 potius
1056 750 1117 784 hos
1142 749 1260 796 libros)
1279 750 1535 799 praediffliuum,
1559 762 1659 798 quem
1683 752 1825 799 πςορῤη·

69 798 162 840 τικόν
179 800 359 850 adpellauit
376 802 621 851 Hippocrates,
649 801 779 838 Caelius
793 801 997 837 Aurelianus
1015 803 1154 847 (acutor.
1172 804 1320 842 morbor,
1336 804 1411 839 libr.
1427 806 1452 838 1.
1469 816 1540 852 cap.
1559 815 1605 841 12.
1621 815 1699 852 pag.
1714 815 1768 849 39.
1790 809 1824 837 et

67 854 141 892 libr.
157 855 213 890 111.
229 865 357 891 acutor.
375 867 446 904 cap.
464 867 507 903 ¹5·
520 867 554 904 p.
571 855 659 900 227.)
683 866 744 890 ceu
766 867 839 890 vere
861 856 1143 904 Hippocraticum
1167 858 1252 892 citat.

172 932 289 968 Libros
306 933 371 968 hos
386 933 485 968 habet
498 942 553 968 aut
566 945 632 982 pro
651 932 791 970 talibus.
818 934 851 969 in
868 933 985 982 quibus
1002 944 1057 967 aut
1075 936 1240 982 germanis
1261 930 1367 983 spuria
1387 932 1564 969 intermista
1586 930 1649 968 lint
1664 932 1820 980 plurima,

66 996 121 1023 aut
134 998 196 1035 pro
213 985 302 1021 libris
323 999 341 1021 a
359 984 495 1034 posteris
513 987 727 1035 Hippocratis
744 983 956 1035 discipulisue
977 985 1068 1021 editis
1093 997 1123 1021 et
1149 998 1299 1036 tempore
1323 987 1593 1022 Ptolemaeorum
1613 983 1670 1020 sub
1688 987 1819 1033 Hippo-

66 1040 165 1076 cratis
180 1037 276 1075 titulo
287 1038 440 1080 venditis,
457 1039 681 1087 Hieronymus
695 1039 915 1081 Mercurialis,
941 1036 1085 1085 (census.
1102 1052 1193 1088 oper.
1212 1042 1374 1089 Hippocr.
1392 1053 1466 1089 pag.
1485 1053 1531 1085 27.
1550 1039 1626 1074 edit.
1643 1042 1716 1084 cit.)
1735 1050 1818 1086 quo-

64 1105 142 1129 rum
168 1101 280 1128 tamen
301 1093 448 1128 auctores
474 1091 617 1141 plurima
638 1105 713 1128 vera
735 1092 774 1127 ab
795 1090 1017 1141 aphorismis,
1049 1091 1266 1141 prognostico
1300 1104 1332 1128 et
1363 1093 1554 1143 epitlcmicis
1581 1092 1817 1126 mutuanefiit..

65 1144 232 1191 Lemostus
254 1148 288 1180 in
313 1144 438 1181 iudicio
462 1144 519 1181 sno
541 1145 582 1181 de
602 1146 655 1180 his
675 1145 763 1180 libris
783 1146 882 1194 plane
904 1145 1068 1181 Galenum
1091 1143 1246 1194 sequitur.
1271 1145 1387 1191 (iudic.
1407 1159 1497 1193 oper.
1517 1147 1630 1187 magni
1652 1147 1706 1189 ΙέξΔ
1726 1174 1731 1189 3
1748 1156 1813 1177 (cr.

67 1211 136 1246 cap.
154 1199 210 1234 lX.
229 1195 290 1234 fol.
307 1201 374 1243 34.)
426 1199 558 1248 Foqfius
571 1201 722 1247 primum
738 1197 945 1248 alterumque
968 1199 1089 1233 librum
1109 1198 1149 1233 ad
1166 1200 1409 1248 Hippocratem
1434 1196 1553 1240 refert,
1579 1197 1672 1231 n‘lnm
1686 1228 1694 1235 ,,
1749 1194 1812 1228 imi

65 1253 280 1299 Hippocratis
299 1249 522 1293 maiestatem,
545 1251 670 1294 verbis,
696 1249 884 1296 sententiis,
908 1251 996 1293 stilo,
1022 1252 1192 1294 breuitate,
1218 1252 1360 1296 testetur,
1388 1255 1490 1293 hunc,
1515 1250 1605 1299 quod
1627 1251 1733 1297 Cesar
1751 1252 1816 1283 iam

0 1328 3 1336 .
65 1302 226 1353 plurimas
248 1316 286 1339 ex
302 1316 344 1339 eo
359 1301 532 1341 sententias
546 1304 660 1340 latinas
675 1301 799 1341 fecerit.
825 1303 979 1353 (praefat.
998 1304 1038 1339 ad
1057 1304 1214 1353 praedici.
1232 1304 1284 1340 lib.
1306 1307 1329 1340 l.
1357 1307 1457 1354 Oper.
1473 1303 1547 1340 sect.
1565 1305 1606 1339 11.
1631 1316 1663 1351 p.
1680 1314 1731 1347 43.
1746 1302 1816 1346 44.)

64 1357 249 1393 Audiorem
266 1367 377 1393 tamen
395 1360 561 1408 vtriusque
575 1357 649 1394 libri
664 1356 823 1394 eumdem
839 1355 903 1394 effe
919 1371 992 1394 uon
1008 1356 1122 1407 poffe,
1149 1356 1296 1407 expresse
1314 1357 1403 1395 dicit.

165 1445 317 1481 Primum
337 1425 462 1482 lilirum
487 1444 544 1481 etsi
568 1444 700 1481 Foefius
725 1459 802 1481 cum
826 1444 953 1481 Galeno
976 1447 1074 1481 etiam
1097 1445 1261 1493 Draconi,
1297 1445 1348 1482 vel
1371 1442 1533 1482 Thessalo
1554 1441 1689 1479 adscribi
1713 1437 1817 1489 posse,

20 1494 22 1496 ¹
63 1510 133 1533 non
156 1507 267 1534 tamen
290 1497 434 1534 alienum
460 1493 500 1534 ab
522 1500 728 1548 Hippocrate
750 1496 812 1534 esse
834 1508 946 1547 putat3
983 1511 1045 1546 pro
1073 1512 1148 1534 vere
1173 1501 1403 1550 Hippocrateo
1426 1499 1544 1534 habere
1570 1497 1672 1531 multa
1697 1503 1815 1530 vetant.

63 1549 176 1587 Multa
193 1554 226 1586 in
243 1564 285 1586 eo
302 1548 439 1587 obscura
454 1549 537 1593 esse,
561 1555 671 1587 minus
691 1551 786 1586 firma
803 1553 937 1594 omnia,
961 1549 1122 1587 diffiniilis
1137 1555 1268 1601 generis
1293 1549 1519 1600 symptomata
1546 1559 1755 1590 coaceruata‚
1775 1547 1814 1581 li-

62 1602 225 1652 brumque
247 1603 332 1640 adeo
350 1602 459 1655 ipsum
483 1600 710 1655 compositum
733 1602 796 1640 effe
816 1603 951 1654 quidem
977 1618 995 1639 a
1009 1603 1162 1647 medico,
1189 1619 1306 1641 verum
1322 1615 1389 1640 arte
1405 1616 1436 1640 et
1460 1602 1586 1639 scientia
1605 1603 1815 1649 Hippocrate

62 1655 164 1706 longe
191 1654 370 1701 inferiore,
395 1660 461 1694 iam
486 1655 629 1694 Galenus
656 1660 803 1700 notauit,
837 1659 894 1706 qui
917 1669 1028 1693 tamen
1048 1659 1140 1693 hunc
1167 1657 1290 1694 librum
1314 1658 1469 1707 peculiari
1496 1655 1743 1692 commentario
1765 1654 1813 1686 in·

64 1707 190 1746 struxit.
212 1711 270 1757 (11.
287 1713 428 1747 Comm.
451 1713 485 1746 in
508 1713 531 1749 Ι,
554 1712 720 1760 prorrhet.
747 1712 911 1759 Hippocr.
935 1720 1011 1746 text.
1030 1713 1081 1754 36.
1101 1724 1176 1761 pag.
1194 1724 1266 1757 724.
1291 1720 1374 1746 tom.
1391 1711 1480 1745 Vlll.
1505 1720 1537 1745 et
1555 1709 1596 1742 ΙΙ.
1612 1707 1754 1743 Cot‘nm.
1775 1707 1812 1739 in

62 1762 175 1800 eumd.
193 1763 267 1799 libr.
283 1775 361 1800 text.
377 1776 423 1809 52.
438 1777 471 1813 p.
485 1769 560 1808 736.
575 1774 661 1800 tom.
681 1764 772 1800 vm.
790 1765 921 1808 Chart.)
977 1765 1020 1799 Et
1041 1763 1176 1812 quidem
1194 1766 1299 1806 varia,
1326 1776 1411 1811 quae
1432 1766 1464 1797 in
1488 1758 1561 1812 ipso
1583 1760 1668 1796 libro
1695 1758 1813 1806 legun-

3 1832 11 1841 ⁴
55 1823 131 1859 flur,
164 1816 329 1865 probant,
363 1830 439 1853 eum
460 1829 515 1852 aut
535 1815 762 1866 compositum
784 1814 847 1853 effe
867 1816 906 1851 ab
930 1818 1157 1865 Hippocrate,
1183 1830 1298 1853 verum
1314 1816 1497 1865 plurimum
1515 1813 1756 1850 exercitationis
1777 1812 1812 1845 in

63 1855 330 1906 isbseruationum
356 1882 424 1906 arte
446 1869 600 1905 nondum
624 1869 784 1913 habente,
808 1880 863 1905 aut
882 1870 921 1905 ab
939 1870 1006 1905 alio
1029 1869 1175 1906 medico.
1224 1867 1296 1918 Ipse
1318 1868 1401 1904 adeo
1417 1870 1601 1904 Grimmius
1627 1864 1811 1912 (Hippokr.

0 1936 14 1971 :'
62 1921 189 1959 Werke
203 1923 244 1959 ll.
260 1922 348 1958 Band
368 1936 396 1972 p.
417 1926 502 1968 568.)
520 1933 627 1972 putat,
653 1924 743 1958 hunc
760 1922 882 1958 librum
899 1920 939 1957 ad
954 1924 1017 1958 hos
1032 1920 1238 1971 pertinuisse,
1265 1922 1379 1970 quibus
1402 1925 1434 1956 in
1448 1917 1629 1968 Aesculapii
1649 1920 1712 1953 Coi
1730 1928 1811 1952 tem·

62 1973 120 2025 plo
137 1971 300 2011 afferuatis
319 1978 541 2024 Hippocrates
562 1972 633 2011 vsus
649 1973 768 2013 fuerat.
821 1977 954 2010 Etenim
970 1975 1165 2025 generaliter
1178 1978 1210 2010 in
1227 1975 1386 2024 pierisque
1401 1985 1453 2009 aut
1469 1977 1502 2008 in
1520 1971 1674 2008 omnibus
1697 1982 1812 2018 aegro-

35 2039 37 2046 *
64 2026 199 2064 rantibus
216 2042 291 2064 vera
303 2026 486 2078 praesagia,
515 2041 602 2077 quae
627 2030 660 2063 in
686 2027 756 2064 aliis
779 2027 868 2064 libris
884 2030 1108 2077 Hippocrates
1123 2026 1314 2077 proposuit,
1343 2039 1555 2076 quorumque
1571 2026 1681 2066 initia,
1708 2033 1741 2057 vt
1761 2019 1810 2057 su-

0 2096 3 2107 ι
63 2090 119 2127 pra
133 2081 198 2116 iarn
213 2079 379 2121 diximus,
406 2084 441 2116 in
458 2079 533 2130 ipsis
551 2081 574 2115 Ι.
591 2092 623 2116 et
640 2082 694 2116 111.
713 2076 892 2131 ἐπιδημῶν
908 2081 998 2117 libris
1016 2080 1122 2122 dedit,
1147 2083 1180 2115 in
1196 2082 1260 2116 hoc
1278 2079 1364 2115 libro
1378 2092 1447 2115 non
1465 2078 1640 2127 leguntur,
1666 2073 1719 2111 sed
1737 2087 1810 2125 par-

63 2132 238 2169 titulariter
254 2147 350 2178 vera,
375 2136 458 2170 etin
475 2132 674 2183 quibusdam
699 2144 829 2170 tantum
849 2136 955 2183 aegris
975 2135 1170 2169 euenientia.
1223 2131 1322 2182 Qod
1346 2130 1413 2182 ipse
1432 2133 1548 2168 auctor
1571 2127 1698 2166 sensisse
1721 2126 1809 2163 vide-

64 2191 132 2236 ΙΨ,
157 2188 213 2235 qui
229 2189 370 2223 nomina
385 2199 589 2236 aegrorum,
614 2189 648 2221 in
674 2186 802 2236 quibus,
824 2200 907 2235 quae
927 2184 1069 2235 scripsit,
1095 2183 1236 2222 euenisse
1259 2184 1357 2230 vidit,
1382 2182 1652 2230 Thrasynontis,
1688 2183 1808 2217 Arche-

64 2240 174 2282 tratis,
197 2236 363 2284 Dysodis‚
390 2241 588 2288 Hermippi‚
613 2238 837 2284 Didymarchi
854 2242 939 2282 Coi,
966 2236 1090 2287 Aspafii
1106 2238 1186 2281 filii,
1209 2235 1459 2284 Thrasynontis
1475 2235 1702 2278 consobrinae,
1723 2236 1810 2269 Dor-

63 2288 163 2335 fldia,
190 2304 274 2342 quae
294 2295 436 2329 nomina
460 2305 531 2328 non
550 2291 637 2328 libro
659 2295 867 2328 conueniunt
889 2289 1083 2333 semioffco,
1112 2294 1144 2326 in
1170 2291 1316 2326 aliorum
1341 2288 1434 2327 vsutn
1456 2288 1595 2340 scripto,
1619 2287 1674 2325 sed
1698 2289 1807 2336 potius

64 2337 301 2395 ᾇπομνῆματι,
327 2359 399 2395 quo
421 2343 454 2381 se
474 2343 583 2394 ipsum
604 2346 722 2381 auctor
741 2358 881 2382 monere
902 2344 1027 2384 voluit,
1053 2344 1144 2394 quod
1171 2354 1203 2379 et
1223 2343 1366 2380 Galenus
1392 2347 1521 2380 notauit
1540 2345 1679 2380 Comm.
1698 2342 1720 2375 1.
1735 2341 1807 2375 inl.

20 2392 46 2424 ἶ·
65 2397 222 2444 ptorrhet.
238 2408 316 2436 text.
333 2406 366 2441 8.
379 2411 416 2450 p.
432 2401 513 2444 706.
529 2398 715 2436 ton1.vul.
731 2399 866 2443 Chare,
884 2395 1049 2448 adposuit,
1075 2406 1107 2434 et
1121 2409 1193 2434 non
1210 2410 1287 2434 raro
1300 2410 1342 2433 ex
1355 2397 1592 2448 particulariter
1606 2398 1690 2432 veris
1710 2395 1807 2442 phae-

1650 2448 1808 2484 nomenis
