2183 2747
438 156 755 195 PYTHAGORAE
784 154 944 193 AETAS.
998 154 1396 194 EPIMETRON1.11.
1477 158 1549 193 Lib.
1569 159 1616 195 11.
1633 172 1657 195 ι.
1673 173 1712 197 ιι.
1796 177 1854 211 753

100 250 245 296 diisec'ta,
270 252 312 290 de
329 255 397 290 eius
412 252 572 290 doctrinis
587 264 619 290 et
635 254 762 303 placitis
777 249 911 302 copiose
925 251 1118 302 eruditeque
1133 251 1287 302 disputat.
1324 255 1362 289 ln
1377 252 1463 290 haud
1479 259 1589 303 paucis
1602 257 1694 293 rebus
1709 258 1802 296 aliter
1818 277 1856 300 ac

99 305 258 343 Meiners.
279 305 372 344 sentit
385 309 437 344 lo.
449 309 567 343 Gillics
585 309 616 342 in
628 307 770 352 Hillory
788 305 830 343 of
841 308 964 343 Greece
981 320 1012 356 p.
1027 318 1082 354 391
1094 303 1162 356 sqq.
1180 309 1280 342 autin
1294 305 1444 343 versione
1462 312 1653 357 germanica
1668 325 1700 360 p.
1719 326 1776 349 102
1785 312 1852 365 sqq.

101 370 188 396 tom.
205 361 246 397 11.
263 359 390 409 Lipsiae
410 369 500 405 1787.
518 363 583 396 11131
600 368 631 402 3.
660 360 711 394 vbi
729 362 886 408 interpres
905 362 936 395 in
953 362 1039 395 notis
1058 360 1163 395 multa
1180 359 1299 396 melius
1321 360 1472 409 explicat,
1497 361 1538 398 dc
1558 363 1760 414 Pythagora,
1784 370 1854 404 eius

99 411 310 463 philosophia
325 425 358 450 et
379 411 501 460 schola,
531 415 708 463 praecipue
723 412 764 448 de
780 415 846 448 eius
865 413 966 459 1116111,
990 411 1152 452 institutis,
1183 412 1317 462 politiae
1334 416 1511 462 principiis,
1526 412 1693 462 sodalitio,
1719 430 1751 454 et
1770 418 1856 456 caus-

99 464 152 507 sis,
171 480 228 502 cur
244 467 284 502 ad
308 477 431 503 tantam
452 469 640 516 peruenerit
662 467 912 508 auctoritatem,
945 465 985 501 de
1008 464 1148 501 meliore
1170 465 1369 514 reipublicae
1389 469 1533 504 Croton.
1550 466 1679 514 forma,
1707 471 1747 507 de
1764 473 1854 511 bello

100 519 338 556 Crotoniatum
361 533 440 556 cum
459 520 619 565 Sybaritis
642 533 679 555 ac
705 514 834 554 iuteriiu
860 518 994 568 collegii
1021 520 1231 568 pythagorici
1249 517 1348 554 (1οὲ10
1365 517 1514 568 disputat.
1569 521 1666 558 Alios
1681 523 1721 560 de
1736 526 1854 563 nostro

99 570 306 623 philosopho
337 571 510 622 scriptores
529 571 640 622 postea
664 572 926 610 nominabimus,
1006 572 1137 608 Auc‘lor
1163 571 1257 607 libri:
1297 571 1496 621 Expofition
1526 571 1670 612 succinte
1698 588 1731 613 et
1759 592 1855 616 com.

99 623 252 674 paraison
267 625 308 661 de
323 625 354 662 la
369 624 522 662 doctrine
537 625 594 661 des
614 628 744 661 anciens
761 635 792 660 et
807 624 863 660 des
879 638 1055 661 nouveaux
1070 623 1287 674 philolophes
1302 635 1388 661 tom.
1407 628 1432 662 I.
1459 628 1563 673 (Paris
1579 635 1669 673 1787.
1687 631 1739 676 8.)
1766 646 1799 681 p,
1816 646 1854 680 50

98 675 146 728 sq.
161 680 389 728 Pythagoram
404 689 496 728 putat
511 676 606 715 fuiffe
619 676 815 727 discipulum
826 676 1009 714 Zoroastris
1025 679 1197 720 intimum,
1225 677 1517 728 praestigiatorem,
1536 691 1755 719 veteratorem
1771 685 1855 722 astu-

100 741 174 767 tum
191 743 223 766 et
238 735 368 780 imperii
387 730 557 780 cupidum,
580 733 757 767 hominem
774 728 951 766 ventosum
966 740 1028 766 etc.
1055 733 1147 766 cuius
1165 730 1349 766 calumniae
1372 729 1631 769 fundamentum
1655 734 1700 770 est
1724 736 1782 785 ipfi
1806 737 1855 775 fa-

100 783 175 820 bula
191 783 277 833 apud
290 787 482 826 Diogenem
501 785 668 821 Laertium
682 782 723 819 de
735 780 890 818 descensu
906 785 1115 832 Pythagorae
1139 782 1178 818 ad
1195 781 1332 826 inferos.
1348 787 1483 833 eiusque
1499 787 1662 831 iactantia,
1692 787 1723 825 se
1740 789 1854 827 vixitse

100 839 168 872 iam
185 847 336 886 tempore
351 829 425 873 belli
446 838 604 873 Troiani.
632 835 695 872 Sed
713 836 832 872 auc‘lor
846 833 910 885 ipse
930 838 1040 871 homo
1060 833 1121 871 etse
1138 834 1267 872 videtur
1284 834 1440 872 ventosus
1455 848 1552 888 atque
1561 840 1725 877 Lucienus
1740 845 1806 880 iam
1823 847 1857 880 in

100 888 245 926 Somnio
264 887 286 925 s.
305 890 417 932 Gallo,
445 892 478 925 in
493 902 562 938 quo
581 887 719 938 dialogo
743 887 866 924 multus
891 888 937 924 cst
961 887 1001 924 de
1023 890 1215 938 Pythagora
1243 891 1407 938 huiusque
1428 890 1570 927 instituta
1594 902 1625 927 et
1646 892 1856 945 disciplinam

99 945 214 977 acriter
231 953 337 989 110131,
363 956 434 992 cap.
456 955 488 986 4.
517 952 600 977 tom.
615 943 671 977 111.
690 943 796 977 Reitz.
815 955 845 988 p.
858 954 922 987 707
938 939 984 991 sq.
1001 942 1074 990 (vbi
1091 941 1157 977 vid.
1175 944 1380 991 interpretes)
1409 954 1504 979 vocat
1518 944 1781 994 eumsbplzistam
1801 949 1856 995 (fi.

99 997 164 1030 cuti
180 997 300 1030 iterum
316 1007 386 1043 cap.
402 1002 463 1035 18.)
489 995 708 1042 etsuperbum
724 991 940 1043 (οἱλοὶζονα);
966 1005 998 1030 01
1015 1007 1086 1043 cap.
1105 1006 1148 1038 13.
1164 997 1232 1030 auri
1248 1007 1427 1038 amantem,
1455 1009 1533 1032 011111
1549 999 1750 1046 Euphorbus
1764 1000 1854 1040 effer.

97 1045 181 1084 adde
196 1045 345 1083 eiusdem
359 1049 501 1083 vitarum
514 1047 701 1087 exustionem,
730 1060 801 1095 cap.
817 1060 836 1083 a
850 1068 895 1075 -—
911 1050 944 1084 6.
972 1061 1005 1096 p.
1024 1059 1076 1094 541
1097 1044 1164 1096 sqq.
1183 1059 1267 1086 tom.
1289 1049 1311 1084 1.
1336 1049 1389 1084 vbi
1406 1047 1524 1085 dicitur
1538 1051 1746 1102 Pythagoras
1763 1054 1856 1092 noffe

97 1102 354 1144 arithmeticam,
379 1099 632 1139 astronomiam,
659 1099 856 1150 praestigias,
882 1102 1126 1149 geometriam,
1160 1099 1339 1143 musicam,
1376 1111 1533 1151 vatesque
1554 1108 1750 1142 nominatur
1769 1105 1856 1144 sum.

98 1166 187 1194 mus.
212 1163 244 1189 et
259 1153 364 1189 multa
379 1153 440 1188 alia
455 1153 496 1189 de
512 1167 554 1190 eo
568 1152 676 1202 lepide
691 1163 875 1189 narrantur.
903 1155 1017 1189 Immo
1040 1166 1120 1188 vero
1136 1155 1202 1188 iam
1219 1153 1452 1203 Aristophanes
1471 1157 1504 1190 in
1513 1157 1693 1194 comoedia
1710 1159 1855 1208 quadam

99 1205 285 1255 deperdita,
312 1203 547 1257 Πυθαγόρειοι
581 1204 667 1256 apud
691 1207 921 1250 Athenaeum,
949 1216 1005 1242 aut
1021 1205 1242 1252 Aristophon,
1268 1205 1351 1254 (vid.
1375 1208 1526 1255 Menagii
1544 1219 1616 1244 not.
1639 1209 1679 1246 ad
1703 1213 1852 1263 Diogen.

98 1261 203 1296 Laert.
221 1260 312 1296 vm.
329 1260 400 1303 38.)
425 1263 517 1296 cuius
531 1257 761 1309 fragmentum
779 1256 944 1295 seruatum
958 1260 1092 1309 legitur,
1121 1260 1351 1308 Pythagoreos
1369 1261 1559 1310 horumque
1583 1259 1789 1312 disciplinam
1811 1269 1855 1303 ir.

98 1310 218 1354 riserat,
246 1322 279 1348 vt
293 1311 375 1349 alios
395 1315 546 1357 mittam3
573 1327 604 1351 v.
620 1313 724 1359 Diog.
741 1313 847 1349 Laert.
866 1314 954 1347 vm.
971 1325 1021 1358 37.
1037 1319 1088 1357 38.
1116 1314 1237 1347 Athen.
1255 1314 1312 1348 IV.
1330 1325 1375 1357 17.
1396 1320 1445 1354 18.
1473 1326 1576 1362 quare
1592 1316 1679 1351 Galli
1706 1316 1790 1354 illius
1807 1321 1855 1355 iu-

99 1364 240 1408 dicium,
266 1362 368 1415 perse
384 1368 550 1415 iniquum,
577 1377 648 1401 non
666 1378 798 1401 nouum
819 1364 882 1409 est3
909 1363 964 1401 sed
978 1368 1045 1400 iam
1062 1363 1218 1400 vetustate
1233 1367 1347 1400 tritum
1367 1375 1399 1400 et
1415 1378 1494 1401 vero
1513 1366 1752 1408 oblitteratum.
1805 1373 1854 1408 Ita

98 1418 200 1454 Stolle
216 1421 270 1455 in:
289 1416 434 1454 Hislorie
449 1417 507 1454 der
535 1415 750 1455 heidnischen
771 1418 885 1454 Moral
910 1417 940 1469 §.
958 1429 1023 1464 119.
1042 1428 1104 1453 etc.
1131 1431 1162 1467 p.
1180 1429 1241 1462 205
1258 1415 1324 1467 sqq.
1349 1416 1477 1467 colligit
1491 1416 1616 1456 fabulas
1633 1436 1747 1470 eaque,
1770 1437 1855 1473 quae

96 1472 306 1521 Pythagoras
319 1469 359 1507 ad
375 1470 590 1521 decipiendos
607 1472 762 1507 homines
775 1468 889 1507 dixisse
903 1483 935 1507 et
959 1468 1070 1507 fecisse
1091 1469 1230 1513 dicitur,
1264 1484 1325 1506 nec
1348 1472 1499 1507 recedere
1521 1471 1649 1510 videtur
1670 1476 1709 1510 ab
1730 1478 1854 1514 iudicio

97 1537 230 1566 eorum,
260 1527 317 1574 qui
331 1525 560 1574 Pythagoram
576 1524 762 1560 habuerunt
776 1524 1007 1573 impostorem.
1039 1520 1219 1558 Subscribit
1234 1523 1314 1559 huic
1330 1520 1446 1559 seuero
1461 1523 1586 1561 iudicio
1598 1528 1755 1565 Brut-ker.
1767 1530 1854 1566 Hist.

98 1581 168 1613 crit.
183 1577 264 1627 phil.
282 1580 302 1613 Ι.
321 1590 351 1626 p.
370 1590 456 1614 1010.
471 1589 601 1624 et1015.
656 1578 701 1613 At
710 1575 781 1625 ⁸late
793 1577 935 1614 vindicat
955 1577 1182 1626 Pythagoram
1210 1576 1250 1611 ab
1269 1589 1390 1614 eorum
1411 1577 1585 1615 calumniis
1609 1580 1805 1618 Tiedemann
1820 1596 1854 1635 p.

94 1641 156 1677 ²57
169 1651 219 1659 -—
236 1632 312 1675 267.
339 1630 443 1666 Harl.

794 1738 1082 1771 EPIMETRON
1106 1740 1150 1770 11.

207 1804 351 1855 Qando
367 1806 574 1857 Pythagoras
589 1816 684 1844 natus
699 1816 732 1843 et
747 1816 899 1843 mortuus
915 1804 966 1854 fit,
994 1816 1026 1842 et
1042 1815 1125 1855 quot
1139 1818 1246 1841 annos
1263 1807 1390 1849 vixerit,
1415 1804 1503 1841 haud
1518 1806 1647 1856 liquido
1672 1808 1778 1858 potest
1798 1810 1852 1849 de·

101 1857 201 1900 finiri,
229 1861 303 1907 quia
317 1857 536 1907 antiquissima
551 1857 666 1895 desunt
689 1869 931 1901 monumenta,
966 1869 997 1895 et
1018 1861 1060 1901 ii,
1097 1861 1151 1908 qui
1175 1872 1192 1894 e
1214 1858 1373 1894 veteribus
1397 1862 1497 1894 vitam
1522 1862 1590 1895 eius
1614 1859 1852 1911 exposuerunt,

100 1922 156 1947 aut
172 1910 256 1945 illius
278 1913 386 1946 aetatis
405 1908 552 1946 feceruut
566 1914 788 1951 mentionem,
815 1911 927 1947 multo
943 1911 1017 1961 post
1039 1913 1202 1951 vixerunt,
1228 1920 1283 1946 aut
1299 1914 1502 1947 narrationes
1519 1915 1653 1949 incertas
1671 1925 1724 1950 aut
1738 1913 1852 1953 secum

100 1973 285 2014 pugnantes
300 1960 464 1998 fabulasue
480 1960 554 1999 sunt
571 1961 710 2012 sequuti.
737 1965 803 1999 vid.
820 1964 979 1999 Bruckcri
996 1963 1123 2000 Histor.
1144 1966 1213 1999 crit.
1232 1960 1351 2011 philos.
1370 1966 1394 1999 Ι.
1411 1977 1442 2013 p.
1453 1968 1534 2012 996.
1563 1966 1718 2015 lisleineis
1735 1967 1757 2003 l.
1777 1983 1804 2005 c.
1819 1983 1852 2019 p.

101 2028 161 2063 305
176 2014 246 2065 sqq.
299 2017 426 2051 Interea
441 2017 530 2051 iuuat
545 2019 694 2065 potiores
715 2015 875 2066 colligere
888 2012 1074 2062 sententias,
1100 2026 1197 2065 atque
1220 2017 1331 2065 paucis
1354 2014 1568 2065 significabo,
1605 2031 1684 2068 quas
1707 2024 1851 2059 rationes

101 2069 259 2107 nonnulli
275 2071 334 2104 viri
351 2067 453 2115 docti,
475 2071 646 2116 (omnium
662 2071 753 2104 enim
768 2070 944 2118 opiniones
959 2069 1119 2119 colligere
1139 2078 1236 2118 atque
1251 2077 1410 2117 repetere,
1434 2066 1523 2106 foret
1538 2069 1709 2108 infinitum
1723 2083 1755 2109 et
1770 2088 1850 2112 vero

103 2122 315 2167 moleslum,)
343 2121 486 2157 breuiter
500 2117 722 2162 subduxerint,
738 2119 778 2156 ad
793 2131 918 2158 certam
926 2123 1135 2171 Pythagorae
1151 2131 1289 2156 aetatem
1306 2120 1563 2170 quodammodo
1575 2124 1851 2165 constituendam.

101 2175 197 2213 Nolo
214 2176 312 2224 igitur
329 2173 456 2210 vberius
477 2176 642 2222 inquirere
661 2177 693 2209 in
709 2175 852 2209 rationes
868 2170 996 2210 Eusebii
1015 2184 1047 2210 et
1064 2176 1284 2217 Hieronymi,
1313 2174 1352 2208 ab
1366 2173 1435 2209 aliis
1452 2177 1516 2211 iam
1533 2179 1745 2215 examinatas.
1781 2182 1851 2216 Eu.

14 2207 19 2269 Ι,
91 2229 302 2278 fibinis-enim
318 2228 351 2262 in
367 2227 540 2262 Chronico
558 2239 590 2276 p.
602 2229 673 2272 164.
691 2224 767 2263 edit.
783 2227 1009 2284 11.§faligeri‚
1037 2225 1180 2275 Olymp.
1198 2224 1255 2276 ξὲ,
1283 2223 1525 2279 Πυθαγὲξοις,
1553 2231 1609 2277 ait,
1636 2228 1779 2277 φυσικός
1794 2241 1851 2284 Qi-

101 2288 256 2338 λὸσοφσς
281 2286 478 2340 ἔγνωξίζετο
494 2299 525 2324 et
542 2301 574 2337 p.
593 2291 666 2324 166.
683 2287 824 2336 Olymp.
842 2295 885 2326 O.
912 2287 966 2323 vlt.
977 2287 1070 2326 Πυθ.
1088 2286 1103 2325 ὃ
1118 2295 1195 2336 φιλ.
1212 2286 1373 2331 τέθνηκεν
1396 2290 1478 2327 ἒτὸἷν
1497 2290 1558 2338 ςέ,
1584 2294 1612 2330 οἱ
1627 2287 1661 2330 ds*
1676 2295 1719 2331 ὂε.
1751 2294 1850 2344 Apud

102 2344 339 2390 Hieronymum
356 2344 446 2391 Opp.
466 2353 548 2377 torn.
565 2341 656 2376 VIII.
677 2353 709 2389 p.
726 2350 818 2387 4353,
845 2339 897 2375 vbi
916 2354 948 2375 v.
964 2338 1175 2379 Vallarsium‚
1201 2339 1306 2375 clarus
1321 2339 1439 2377 dicitur
1462 2344 1603 2393 Olymp.
1619 2345 1736 2384 LXIII.
1758 2360 1790 2393 4.
1819 2359 1851 2385 et

103 2406 255 2433 mortuus
273 2394 414 2443 Olymp.
431 2396 528 2430 LXX.
547 2405 579 2439 4.
634 2394 672 2430 111
689 2391 835 2431 editione
850 2406 930 2430 vero
945 2391 1102 2442 Scaligeri
1116 2405 1234 2436 annm,
1263 2405 1332 2442 quo
1350 2394 1502 2434 inclaruit
1518 2397 1732 2448 Pythagoras,
1747 2398 1852 2451 figna-

103 2458 157 2485 tur
175 2448 312 2498 Olymp.
336 2448 438 2485 LXV.
456 2460 480 2486 1.

169 2525 241 2560 Vol.
256 2524 284 2557 I.
1053 2513 1083 2548 C
1095 2525 1114 2549 c
1141 2524 1159 2549 c
1173 2525 1190 2548 c
1205 2525 1223 2549 θ
1665 2520 1854 2558 Lambecim
