2183 2747
28 165 88 195 vot.
99 167 118 194 1.
138 173 162 200 ρ.
175 173 221 197 τις
232 167 254 200 P
270 165 315 195 516
661 164 1114 204 PYTHAGORlCORVM.
1380 171 1452 207 Lib.
1465 173 1513 208 II.
1530 185 1552 208 t.
1573 186 1612 222 13.
1718 182 1777 225 865

28 263 129 301 Polus
144 265 305 308 Lucanus,
332 275 374 299 ex
393 265 483 299 cuius
500 261 585 298 libro
603 262 643 298 de
663 262 778 298 iustitia
795 261 1020 312 fragmentum
1037 262 1138 300 exstat
1152 263 1238 314 apud
1253 266 1423 302 stobaeum
1443 266 1535 304 serm.
1553 282 1584 317 9.
1612 268 1729 318 [serm.
1748 286 1777 320 5¹

129 316 171 352 de
186 317 313 358 iullitia,
341 330 370 365 p,
388 323 441 358 88.
467 313 561 351 llura
579 314 652 352 vide
668 330 701 352 ιιι
715 317 922 364 Morrgitoris
938 317 1013 352 bibl.
1029 317 1137 353 Sicula
1154 330 1187 366 p.
1206 325 1263 360 188
1281 316 1323 369 sq.
1352 320 1468 368 Harl]

26 383 190 430 Polyclor
208 387 347 434 Aegeus.

24 452 258 499 Polymnassus
275 451 441 490 Phliasius.
469 451 542 489 vide
563 450 656 502 supr-a
673 454 705 488 in
722 454 885 489 Phanton.

26 523 215 570 Polymnis‚
243 523 400 557 Simmiae
416 522 572 558 Thebani
592 534 693 570 pater,
721 520 837 571 hospes
855 519 992 566 Lysidis,
1019 520 1245 572 Pythagoricis
1263 519 1490 561 adscribendus
1507 524 1641 564 videtur.
1692 531 1784 568 Com·

127 573 197 610 sule
210 575 427 610 Plutarchum
448 575 489 610 de
504 578 604 623 genio
622 575 765 610 Socratis
787 588 817 623 p.
833 583 900 619 583.

25 645 232 693 Porphyrius
248 645 455 692 Pythagorae
471 646 571 678 vitam
590 646 631 678 ita
653 640 786 691 scripsit,
801 654 834 678 vt
851 640 921 678 satis
944 654 1106 691 appareat,
1127 657 1204 679 cum
1221 657 1318 692 quam
1336 644 1520 693 plurimum
1536 646 1674 686 tribuisse
1697 650 1784 688 illiue

127 693 367 746 philosophiae.
423 697 474 730 De
490 697 667 744 Porphyrii
685 693 808 743 seriptis
826 694 899 745 poss
917 695 1132 732 Holllenium
1149 709 1213 746 ago
1230 695 1314 733 infra
1331 697 1389 734 lib.
1409 700 1467 736 IV.

25 763 127 802 Pollis
147 767 296 812 Arquus.
349 766 451 812 Supra
469 766 501 798 in
519 761 697 799 Miltiades.

27 832 310 918 Praxidamantem
327 830 506 920 quemdang
531 833 750 881 Pythagoreis
772 828 921 868 adscribit
942 832 1105 882 Reinefius
1120 831 1174 870 lib.
1191 833 1215 869 I.
1233 835 1370 884 cap.XI.
1387 836 1465 873 Var.
1481 835 1556 874 leel.
1571 852 1606 889 p.
1621 851 1673 886 39.
1701 839 1787 879 Vide

131 896 241 921 tamen
280 897 318 918 on
345 897 395 918 um
409 897 441 933 p.
458 897 477 928 7
504 912 512 919 .

26 953 402 1042 Proclffi·L⁸fflicc¹¹u⁵’
439 955 495 1003 qui
522 951 599 990 teste
622 951 721 989 Suida
742 949 908 1002 scripserat
930 954 962 989 in
983 953 1102 1005 Χςυσοῖ
1125 953 1210 999 ἔπη,
1245 964 1277 991 et
1297 954 1497 994 Nicomachi
1517 959 1785 1007 Arithmeticam,

164 1018 271 1054 laque.

26 1073 163 1112 rroclus
177 1075 438 1123 Metapontinus.

27 1145 147 1182 Prorus
165 1144 344 1187 Sicyonius
369 1145 400 1180 ἕν
427 1142 478 1197 τῷ
495 1142 572 1194 περὶ
594 1137 789 1191 ἑβδομάδος
817 1140 970 1179 laudatur
988 1156 1006 1178 a
1029 1139 1186 1193 scriptore
1209 1141 1526 1192 Theologumenon
1552 1147 1787 1188 Arithmctieae

129 1209 162 1245 p.
178 1206 234 1239 44.
288 1196 341 1231 De
358 1196 462 1232 Proro
478 1197 668 1243 Cyrenaeo,
683 1194 809 1231 Cliniae
817 1196 994 1232 Tarentini
1011 1196 1133 1232 miram
1153 1194 1257 1232 fidem
1274 1208 1411 1247 experto
1420 1199 1535 1235 Iambl.
1551 1211 1620 1248 cap.
1636 1212 1684 1244 33.

25 1266 195 1302 Proxenus
210 1261 418 1300 Posidonius.

26 1335 195 1370 Proxenus
208 1331 369 1376 Sybarita.

27 1401 238 1438 Ptolemaeus
258 1396 488 1448 Philadelphus
514 1396 733 1449 philosophus
749 1400 988 1450 pythagoricus
1003 1401 1109 1449 Ionsto
1131 1413 1163 1450 p.
1182 1413 1235 1445 77.
1257 1411 1288 1436 et
1313 1413 1376 1445 114.
1402 1401 1459 1449 [ff]
1482 1415 1709 1450 memoratur,
1731 1421 1788 1444 au.

132 1453 225 1488 flore
242 1450 335 1487 Beda.
387 1451 450 1488 Sed
466 1449 586 1488 falsum
601 1450 696 1489 fuisse
712 1452 846 1497 Bedam,
874 1463 907 1489 et
929 1465 992 1502 pro
1019 1451 1163 1489 Claudio
1186 1452 1376 1489 Ptolemaeo
1401 1456 1690 1495 Harmonicorum
1713 1458 1788 1496 scri.

130 1515 259 1607 Ξὲἒτειᾏ
292 1506 555 1592 ξ’ζῑξιξὲοιῐευιῃ
584 1504 755 1555 quendam
785 1506 1018 1543 Ptolemaeum
1039 1504 1294 1556 Philadelphum
1320 1504 1445 1543 finxiss'e
1467 1505 1709 1550 obseruauilib.
1727 1515 1788 1553 lv.

29 1625 236 1663 Ptolemaeus
250 1624 409 1669 Sybarita.

28 1695 184 1741 Pyrihon
206 1686 470 1743 Metapontinus.

29 1764 134 1801 rYT
147 1762 181 1797 H
193 1762 404 1798 AGORAS
429 1759 665 1812 philosophus,
679 1758 784 1799 seaestae
799 1762 893 1798 huius
907 1764 1069 1811 princeps,
1088 1760 1129 1798 de
1145 1764 1237 1799 cuius
1253 1763 1515 1813 praeceptoribus
1532 1774 1562 1801 et
1578 1762 1709 1801 familia·
1721 1768 1788 1805 iam

135 1811 229 1863 supra
245 1816 384 1862 egimus.
437 1815 582 1860 Succeffio
598 1815 730 1862 scholae
743 1813 842 1863 ipfius
864 1817 952 1850 varie
974 1813 1125 1851 refertur.
1189 1818 1249 1851 Per
1279 1817 1439 1866 Telaugen
1461 1816 1597 1865 quidem
1621 1819 1689 1854 hoc
1711 1831 1786 1855 mo·

133 1864 191 1908 do,
218 1875 252 1900 vt
268 1865 414 1913 Telaugi
433 1865 505 1900 filio
519 1864 700 1903 successerit
715 1868 949 1915 Xenophanes,
976 1868 1052 1902 huic
1069 1869 1291 1910 Parmenides,
1319 1870 1363 1905 illi
1384 1872 1474 1904 Leno
1492 1870 1630 1913 Eleates,
1658 1872 1788 1908 Zenoni

135 1919 328 1965 Leucippus.
355 1918 432 1951 huie
449 1918 677 1961 Democritus,
702 1920 902 1954 Democrito
917 1918 1155 1968 Naufiphancs,
1177 1919 1414 1969 Naucidesque,
1442 1922 1489 1956 his
1513 1924 1687 1970 Epicurus.
1739 1926 1788 1959 Ita

137 1971 249 2005 Laert.
266 1981 421 2017 prooem.
437 1966 511 2004 sest.
529 1982 574 2014 15.
627 1973 686 2006 Per
703 1970 887 2018 Aristaeum
900 1985 1063 2020 generum
1080 1971 1142 2006 sic:
1165 1971 1308 2008 Aristaeo
1325 1971 1466 2008 successit
1481 1971 1708 2017 Mnesarchus,
1736 1973 1787 2011 isti

135 2021 328 2071 Bulagoras‚
354 2020 535 2070 Bulagorae
551 2021 670 2065 Tydas
690 2023 919 2065 Crotoniates,
949 2022 1075 2069 Tydae
1097 2021 1280 2059 Oresander
1307 2026 1475 2067 Lucanus,
1515 2027 1592 2061 huic
1615 2026 1787 2063 Diodorus

133 2071 329 2123 Aspendius.
382 2074 427 2107 ita
449 2074 640 2108 lamblichus
660 2087 730 2122 cap.
748 2075 805 2110 vlt.
830 2077 996 2120 Archytas
1023 2077 1159 2112 octauus
1183 2073 1245 2110 suit
1268 2091 1285 2111 a
1310 2078 1516 2125 Pythagora,
1548 2078 1641 2114 Plato
1667 2091 1786 2124 nonus.

137 2124 327 2162 Aristoteles
345 2123 509 2164 decimus,
534 2136 568 2161 vt
587 2137 739 2162 notatum
757 2131 945 2172 Anonymo
965 2126 1051 2176 apud
1070 2129 1226 2163 Photium
1244 2127 1474 2164 cod.CCL1x.
1504 2129 1755 2168 Vndeuicesima
1769 2147 1788 2169 a

134 2180 325 2227 Pythagora
335 2178 548 2223 generatione
558 2175 623 2213 siue
633 2175 831 2215 succeffione
841 2177 989 2215 defecisse
1006 2178 1094 2215 illius
1105 2177 1251 2214 scholam
1262 2181 1350 2229 legas
1365 2180 1453 2229 apud
1463 2183 1630 2218 Laertium
1640 2185 1787 2231 v1¹1.45.

133 2230 198 2267 Sed
217 2234 327 2279 vtique
340 2228 520 2278 legendum
537 2230 630 2268 ἐινὲοι
646 2226 705 2278 1ῳή
720 2226 804 2269 δέκα
819 2244 837 2267 e
851 2230 949 2280 Lipsii
967 2229 1209 2274 emendatione,
1236 2245 1336 2282 quam
1357 2232 1475 2269 Codex
1498 2237 1605 2284 regius
1625 2234 1700 2272 teste
1715 2238 1789 2273 Me·

1687 2291 1788 2338 nagio

75 2364 112 2401 y)
131 2361 244 2390 Pariter
257 2368 402 2396 errorem,
418 2357 615 2402 probabiliter
623 2359 882 2401 typographiam,
935 2358 992 2391 ess'e
1011 2359 1098 2402 Pyfis
1112 2361 1350 2400 Pythagoreus.“
1394 2361 1501 2393 Forsan
1514 2373 1530 2393 a
1545 2363 1702 2395 Lambecio
1719 2364 1788 2396 seri-

37 2402 93 2434 effe
107 2403 256 2440 arbitror,
284 2402 403 2444 quando
427 2405 457 2434 in
481 2403 637 2435 Lambecii
657 2405 823 2434 Coinmcnt.
847 2404 883 2433 de
937 2412 1019 2446 ptum
1039 2412 1112 2441 erat,
1133 2413 1184 2434 etit
1197 2407 1226 2434 in
1242 2408 1341 2446 priore
1359 2405 1490 2437 editione
1507 2409 1585 2450 typis
1611 2407 1789 2452 expressum,

35 2445 109 2477 bibl.
127 2445 206 2478 Caes.
224 2446 276 2476 lib.
292 2449 358 2478 vu.
373 2445 435 2477 ind.
451 2448 474 2477 1.
491 2457 521 2488 p.
541 2449 606 2481 636.
622 2445 692 2476 edit.
711 2445 821 2477 Kollar.
843 2446 884 2476 le·
937 2448 1034 2490 Lysis.
1057 2446 1159 2479 conset
1177 2447 1262 2490 supra
1276 2447 1301 2490 §.
1317 2450 1368 2481 v1.
1392 2449 1488 2482 Harl.

0 2489 1 2493 ’
36 2491 128 2529 fitur,
149 2491 340 2524 „carminum
353 2500 515 2522 aureorum
527 2500 616 2521 verus
631 2490 735 2521 audior
755 2489 886 2522 ereditur

103 2541 220 2576 Vahl.
1025 2534 1087 2573 Rr
1115 2547 1190 2571 rrr
