2183 2747
343 120 403 158 338
483 114 555 150 Lib.
569 113 622 152 11.
646 123 670 150 c.
684 124 713 148 ε.
817 111 1008 149 noMEm
1049 111 1617 149 BATRACHomomach.
1907 111 2094 148 voi-tua
2161 125 2166 130 ·

346 209 440 258 gibus
452 219 664 260 vtrarumque
680 208 908 260 pereuntibus:
937 209 1100 245 Gabrielis
1118 208 1381 256 Rollcnhagenii,
1409 210 1562 245 Rectoris
1583 207 1744 259 Magdeb.
1759 208 2097 258 Frofih-Mffufilaer·
2116 200 2117 203 Ἴ
2150 233 2158 243 .

348 262 515 310 Amttsen-
531 263 598 298 und
612 262 850 310 Miickcnkrieg.
880 264 1012 310 Argent.
1031 265 1115 298 1612.
1133 268 1162 303 8.
1216 263 1347 311 Specffat
1361 272 1392 297 et
1409 263 1474 297 huc
1489 261 1565 298 licet
1587 258 1658 298 serii
1682 265 1788 312 magis
1807 265 1995 313 argumenti
2019 275 2099 313 poe·

347 328 403 350 ma
422 316 473 351 Io.
490 314 616 363 Piffilii
635 313 973 366 αἰετοκοςὼιομαχία
989 312 1030 350 de
1049 313 1184 350 castello
1202 315 1336 350 lautino
1359 314 1574 361 [Germanice
1591 315 1705 359 Raab,
1732 314 1822 366 quod
1846 328 1976 352 coruum
1997 313 2099 353 deno-
2164 335 2167 339 >

348 369 409 416 tat]
425 381 482 418 per
500 367 721 418 Rudolphum
737 370 776 404 11.
792 378 900 418 capto.
928 366 1089 403 Rostoch.
1111 369 1206 411 1604.
1229 381 1263 412 4.
1282 366 1339 414 [lf]

373 435 635 464 Eunomianam.
691 438 748 474 111.
775 438 841 484 [De
856 434 1022 472 codicibus
1045 433 1130 471 infra
1155 434 1320 485 quaedam
1345 432 1546 480 inseremus,
1578 437 1630 474 vbi
1653 436 1695 475 de
1717 437 1885 475 codicibus
1913 440 2005 474 mstis
2028 438 2102 474 Ho-
2131 479 2135 484 ,

353 492 481 526 mericis
497 487 606 525 sermo
632 493 703 526 erit.
754 493 861 540 Atque
879 489 1078 526 Maittarius
1099 487 1235 524 editioni
1261 486 1335 525 suae
1358 489 1526 539 praemisit
1547 493 1700 527 notitiam
1723 503 1890 528 instoruiu
1915 502 2014 540 atque
2037 488 2102 527 edi-

354 545 496 579 tionum.
556 544 707 593 Princeps
732 541 832 578 editio
855 542 1235 589 Batrachomyomachiac
1258 541 1303 578 est
1324 554 1374 592 gr.
1393 553 1424 578 et
1444 543 1500 580 lat.
1523 540 1604 580 sace.
1620 546 1692 580 XV.
1717 547 1750 580 in
1774 556 1805 588 4.
1838 543 1906 580 sine
1924 542 1990 580 vlla
2012 554 2104 580 nota.

353 597 462 631 Huius
493 592 665 638 editionis,
705 596 856 645 plurimis
889 597 1098 643 incognitae,
1137 594 1309 645 exemplar
1328 594 1371 631 cl.
1386 596 1551 632 Morellus
1581 599 1615 632 in
1639 608 1718 633 nota
1741 596 1782 633 ad
1805 597 1927 633 Pirum
1950 596 2105 646 Catalog.

355 647 422 684 vol.
441 649 479 683 ΙΙ.
507 662 540 697 p.
555 654 625 689 281.
651 645 784 698 copiose
805 646 983 697 dextreque
1005 643 1166 684 describit.
1217 647 1311 685 Folia
1333 644 1386 684 sex
1409 662 1448 684 ac
1472 652 1589 698 viginti
1611 653 1754 686 omnino
1776 647 1868 686 sunt:
1905 649 2034 686 nullam
2056 651 2106 685 in.

355 698 567 750 scriptionem
583 714 704 750 poema
722 699 804 743 fert;
830 710 958 736 textum
973 713 1133 749 graecum
1158 704 1384 752 interpretatio
1406 701 1508 738 latina
1529 701 1653 753 duplex
1676 706 1873 748 comitatur3
1907 702 2009 738 altera
2030 714 2106 753 pro-

356 750 438 789 saica
463 753 697 797 interlinearis,
723 757 814 789 cuius
840 756 991 790 initium:
1021 755 1178 800 Incipiens
1195 757 1340 800 primum
1360 754 1525 802 mufizrum
1546 756 1675 792 thorum
1699 768 1738 792 ex
1761 756 1896 792 helicone
1918 767 1980 792 etc.
2006 754 2108 792 alter·

357 809 504 843 carmine
520 803 624 854 heta,
649 821 665 842 e
680 810 816 856 regione
842 805 965 856 posita,
989 819 1090 856 quarn
1107 806 1217 845 Caroli
1235 806 1450 855 Mmsuppini
1465 811 1592 844 Aretini
1614 806 1677 846 effe
1695 811 1859 858 cognouit
1876 808 1920 845 cl.
1939 809 2086 844 Morem.
2102 831 2106 834 -

461 859 598 896 Homeri
612 867 728 906 poetae
752 860 1110 909 Batrachomyonmchia
1134 872 1197 906 per
1216 860 1375 895 Karolum
1401 861 1599 902 Antinum,
1627 862 1781 898 traduffa
1799 861 1965 908 foeliciter
1988 862 2109 908 incipit.

357 922 390 956 4.
415 911 534 961 absque
548 911 626 948 loco
643 923 675 948 et
689 925 778 948 anno
792 941 804 958 ,
831 910 884 949 sed
902 923 977 948 ante
995 926 1022 948 a.
1038 925 1129 960 1500.
1148 910 1262 949 excusa
1275 941 1286 956 ,
1311 912 1441 950 constat
1463 915 1542 950 odio
1557 927 1659 965 pagg.

461 967 558 1000 initio
577 965 676 1001 libelli
693 965 735 1002 est
752 965 888 1014 epistola
904 964 1039 1003 Aretim‘
1054 967 1088 1000 in
1110 966 1505 1002 uatliracliomiomaclziam
1520 967 1659 1003 Homeri
1676 967 1720 1003 ad
1736 966 1942 1013 Marqffium,
1957 965 2110 1016 ficulnu-

359 1014 424 1052 vid.
442 1018 530 1052 Bure
549 1017 706 1067 Bibliogr.
733 1017 879 1056 instruet.
898 1020 932 1058 B.
949 1021 984 1055 L.
1001 1021 1026 1054 1.
1050 1031 1100 1057 nr.
1114 1030 1207 1066 2510.
1267 1018 1409 1056 Videtur
1428 1021 1510 1056 haec
1533 1021 1666 1056 Aretim‘
1686 1019 1792 1057 versio
1816 1022 1944 1070 poetica
1963 1016 2111 1070 separata
2135 1022 2137 1025 '

358 1066 421 1104 effe
439 1070 597 1120 particula
622 1070 773 1108 editionis
793 1074 948 1122 principis
969 1081 1196 1119 memoratae,
1221 1082 1277 1109 aut
1291 1073 1390 1108 Burin·
1408 1072 1580 1124 exemplar
1604 1072 1795 1110 destitutum
1818 1070 1882 1109 effe
1907 1082 1998 1108 textu
2019 1084 2112 1121 grae-

357 1134 409 1158 co.
438 1143 486 1150 ——
514 1125 675 1160 fabricius
700 1127 733 1160 in
756 1138 814 1161 ora
836 1122 884 1161 sui
904 1125 1104 1175 exemplaris
1128 1138 1168 1162 ex
1184 1124 1344 1162 Giornale
1356 1125 1506 1170 d'ltalia,
1531 1138 1613 1164 tom.
1629 1129 1668 1164 X.
1692 1140 1724 1177 p.
1738 1134 1818 1171 480.
1843 1135 1975 1162 notarat
1996 1123 2111 1162 editio-

357 1188 436 1211 nem
452 1174 662 1214 Pan-mensem
682 1189 775 1225 1492.
794 1190 825 1223 4.
2127 1189 2130 1191 “

462 1229 622 1276 Princeps
637 1229 714 1266 edit.
731 1230 814 1266 olim
832 1231 1031 1273 habebatur,
1058 1244 1142 1281 quae
1155 1244 1274 1280 graece
1288 1229 1411 1281 prodiit
1429 1244 1505 1267 cum
1522 1229 1633 1280 gloffis
1650 1231 1926 1274 interlinearibus,
1951 1231 2113 1268 charnac*

361 1293 394 1315 re
408 1282 508 1317 rubro
525 1280 680 1320 dissinc'lis
695 1297 753 1333 per
768 1285 944 1319 Lamn'cum
963 1284 1162 1332 Cretensem,
1190 1287 1306 1320 Venet.
1322 1288 1415 1329 1486.
1433 1296 1463 1328 4.
1516 1286 1653 1335 Neque,
1678 1287 1722 1320 vti
1744 1281 1913 1334 scripserat
1939 1284 2113 1327 Feb-iciam,

359 1331 471 1369 litteris
487 1336 676 1385 capitalibus
692 1339 780 1386 typis
795 1333 953 1386 descripta
971 1336 1036 1379 est,
1062 1350 1170 1387 neque
1192 1334 1321 1374 Musaei
1344 1350 1466 1387 poema
1492 1338 1590 1374 habet
1611 1336 1822 1380 adiunctum,
1855 1349 2016 1372 monente
2038 1335 2113 1372 illu-

362 1384 452 1422 ssriss'.
470 1388 595 1424 comite
610 1390 649 1424 de
666 1388 828 1438 Rericzky
843 1392 876 1424 in
890 1389 1057 1439 Catalogo
1077 1387 1098 1425 s.
1115 1389 1195 1425 Bibl.
1210 1403 1261 1440 gr.
1275 1401 1307 1426 et
1323 1390 1377 1425 lat.
1395 1403 1427 1439 p.
1442 1401 1471 1428 2.
1521 1391 1635 1432 Alter,
1663 1394 1716 1440 qui
1731 1388 2024 1426 Harwoodianam
2072 1389 2098 1418 ·'

363 1440 495 1475 tionum
514 1444 666 1476 notitiam
681 1445 872 1491 germanice
888 1446 984 1478 vertit
1001 1455 1032 1478 et
1048 1446 1138 1478 auxit
1154 1457 1185 1492 p.
1202 1455 1228 1485 3.
1246 1439 1376 1486 nescio,
1402 1442 1511 1479 vnde?
1537 1442 1718 1479 editionem
1744 1456 1793 1492 gr.
1818 1456 1896 1478 cum
1919 1441 2036 1477 litteris
2058 1453 2114 1476 ru-

364 1490 427 1526 bris
442 1506 478 1528 ac
494 1496 594 1542 nigris
608 1494 794 1530 alternatim
811 1493 990 1545 impressis,
1016 1494 1203 1532 Mediolani
1232 1502 1316 1541 1485.
1339 1508 1375 1543 4.
1396 1493 1522 1538 adfert3
1555 1507 1653 1546 atque
1668 1496 1736 1543 Ios.
1752 1495 1838 1530 Ant.
1854 1496 1977 1530 Saxeus
1997 1496 2030 1530 in
2051 1494 2114 1530 Hi·

363 1542 438 1583 flor.
457 1545 586 1582 litterar.
607 1550 850 1598 typographica
870 1547 1115 1584 Mediolanensi
1132 1563 1162 1598 p.
1177 1549 1359 1587 DLXXXI.
1383 1562 1423 1584 ex
1448 1547 1571 1585 indicio
1592 1559 1721 1583 tantum
1745 1545 1934 1590 cuiusdam,
1968 1549 2022 1596 qui
2046 1542 2116 1596 ips

362 1598 541 1634 nobiliores
558 1598 715 1636 editiones
734 1598 999 1637 Mediolanenses
1013 1599 1214 1651 collegilset,
1240 1600 1334 1637 illam
1354 1612 1624 1637 commemorat:
1652 1601 1706 1635 alii
1726 1599 1895 1643 dubitant,
1919 1612 2001 1635 num
2023 1613 2061 1635 ex
2092 1601 2099 1608 '

361 1653 434 1686 terit
456 1665 641 1702 vmquani:
670 1667 772 1703 quam
793 1653 885 1690 litem
912 1651 1092 1690 secundum
1117 1654 1225 1690 vllum
1250 1653 1425 1699 dirimere,
1459 1652 1567 1690 audeo
1590 1652 1709 1689 nullus.
1737 1649 1828 1689 cons.
1843 1653 1938 1689 Bure
1952 1651 2059 1689 Biblio

359 1702 564 1747 inllruciive,
590 1707 623 1742 B.
641 1708 677 1753 L,
691 1718 776 1742 tom.
792 1709 814 1742 1.
838 1720 886 1745 nr.
902 1714 995 1752 2508.
1019 1722 1050 1757 p.
1070 1721 1132 1754 2¹5·

464 1757 562 1793 Hom.
581 1759 735 1795 erach.
760 1758 903 1796 Florent.
922 1766 1013 1801 1488-
1039 1774 1078 1796 ex
1101 1758 1223 1796 indicio
1243 1758 1302 1795 cel.
1321 1758 1523 1807 Adelungii:
1549 1757 1608 1794 nili
1627 1757 1665 1794 sit
1689 1757 1797 1795 addita
1820 1758 1985 1810 Operibus
2006 1759 2092 1795 Ηοι-

360 1806 504 1844 Florent.
533 1810 592 1846 illo
609 1825 699 1847 anno
717 1811 828 1854 editis;
856 1809 908 1848 sed
934 1811 975 1848 de
1001 1811 1198 1848 editionibus
1220 1811 1325 1863 plenis
1350 1816 1540 1848 carminum
1566 1814 1710 1848 Homer.
1735 1813 1852 1863 quibus
1873 1809 2008 1861 adiungi
2032 1808 2069 1848 so

359 1859 506 1900 Batrach.
530 1861 615 1899 infra
632 1878 692 1915 cap
717 1867 769 1901 Ill.
787 1864 878 1901 locus
895 1867 954 1900 crit
973 1863 1158 1901 differendi.

461 1915 559 1950 Hom.
578 1917 866 1966 Batrachigmece
881 1914 999 1953 excusa
1015 1915 1111 1954 Paris.
1130 1930 1216 1964 ¹507·
1234 1928 1369 1954 curante
1385 1917 1558 1966 Franz-isco
1581 1916 1723 1967 Tiffard.
1750 1916 1815 1954 vid.
1827 1915 1997 1952 Clieviller
2011 1916 2044 1951 Ο
2080 1954 2095 1964 ,r

359 1962 399 1999 de
419 1964 658 2015 l'lmpiimerie
679 1969 720 2005 de
740 1973 835 2006 Paris.
860 1984 893 2020 p.
914 1982 989 2016 249.

463 2018 561 2054 Hom.
582 2023 735 2058 Bari-ach.
759 2043 810 2049 —-
828 2035 878 2072 gr.
900 2034 931 2059 et
951 2022 1008 2060 lat.
1049 2022 1222 2058 Thilonino
1241 2023 1412 2070 Philymno
1434 2025 1629 2070 interprete,
1657 2032 1734 2065 ¹5¹3-
1751 2032 1782 2066 4.
1809 2018 1921 2058 Editio
1941 2022 2021 2056 rar*

360 2066 427 2104 sine
442 2074 625 2109 accentibue
641 2073 803 2125 impress‘a.
829 2074 891 2113 vid.
909 2074 1015 2112 Catal.
1032 2075 1153 2110 Askew
1169 2089 1200 2125 p.
1217 2078 1273 2119 69.
1300 2074 1455 2111 Biblioth.
1473 2073 1605 2120 Ernesti
1619 2087 1649 2122 p.
1666 2085 1731 2118 142.
1764 2073 1920 2120 (Ersurti
1935 2070 2017 2124 suspi
2067 2093 2071 2103 =.

361 2123 484 2158 Ernesti
509 2128 539 2160 in
556 2124 760 2176 praefatione
775 2127 894 2165 editam
910 2126 973 2165 esse
989 2140 1067 2178 ¹5¹5·
1095 2142 1112 2163 a
1131 2128 1309 2163 Thelunino
1326 2128 1498 2166 Curii-ado,
1524 2139 1623 2177 poeta
1638 2126 1805 2173 laureato,
1832 2125 1874 2163 de
1891 2139 1958 2177 quo
1971 2140 2028 2177 pa·
2046 2145 2057 2153 -

360 2177 501 2221 narrat.)

467 2230 563 2264 Hom.
590 2231 741 2268 notram.
759 2247 808 2282 gr.
826 2244 856 2270 et
873 2233 980 2270 latine.
1009 2234 1057 2277 (in
1073 2232 1180 2270 calce:
1208 2235 1424 2283 Epitaphium
1439 2236 1471 2268 in
1488 2234 1683 2268 Homerum
1704 2235 1865 2283 Antipatri
1882 2229 2044 2275 Sidonii).

361 2292 437 2316 cum
460 2278 578 2331 Aesopi
606 2281 742 2325 fabum,
769 2284 927 2333 Musam,
962 2289 1134 2336 Agapeto,
1163 2287 1490 2332 Galconiyomachia
1511 2296 1569 2322 etc.
1594 2286 1655 2330 (ita
1681 2296 1813 2327 tamen,
1841 2295 1874 2321 vt
1896 2282 2015 2333 singuli
2069 2303 2071 2308 v
2108 2310 2113 2315 -

360 2333 536 2382 peculiares
565 2337 701 2372 habeant
727 2336 796 2373 suas
825 2337 1069 2388 iiiscriptiotieS‚
1104 2336 1326 2389 praefationes
1346 2350 1377 2375 et
1400 2340 1553 2388 paginas,
1586 2351 1623 2373 ac
1653 2336 1773 2387 singuli
1793 2335 1968 2388 separatim
2000 2341 2050 2366 ··'

359 2389 562 2437 compingi.)
580 2387 719 2425 Balileae
734 2390 821 2439 apud
839 2394 884 2426 lo.
902 2392 1114 2428 Frobenium.
1146 2400 1227 2432 15¹8.
1243 2397 1271 2433 8.
1300 2411 1351 2419 —
1379 2391 1456 2426 ibid.
1474 2403 1558 2436 ¹530.
1581 2397 1612 2432 8.
1636 2401 1696 2426 etc.

461 2439 558 2476 Hom.
578 2440 732 2477 Butram.
748 2456 826 2479 cum
844 2441 985 2481 Musaeo
1001 2454 1032 2480 et
1050 2446 1201 2494 Orpheo.
1228 2444 1374 2482 Florem.
1401 2442 1489 2494 apud
1510 2441 1646 2480 heredes
1663 2445 1787 2479 luntae.
1816 2454 1898 2490 1519.
1922 2447 1955 2483 8.
