2183 2747
98 155 162 186 Vol.
171 156 193 186 Ῑ.
210 163 236 191 ρ.
253 156 300 188 536
309 156 332 190 P
341 161 387 188 537

94 196 213 208 ——-

840 151 1125 192 CATANAEVS
1426 153 1500 190 Lib.
1511 154 1560 191 II.
1575 167 1599 190 c.
1613 153 1725 197 XIV.

1833 170 1866 196 n·

96 255 297 306 probaturus
315 254 354 289 ab
371 255 437 289 hoc
451 249 656 303 philosopho
673 250 857 288 libertatem
875 249 1076 287 vindicatam
1105 248 1164 298 [if]
1190 248 1374 286 ciuitatibus
1391 252 1554 296 Crotoni,
1572 254 1611 295 Ῑς)
1639 254 1773 299 Sybari,
1797 257 1859 292 Ca.

96 318 211 351 tanae,
248 309 402 356 Rhe-gio,
435 309 617 350 Himerae,
651 309 856 356 Agrigento,
891 307 1148 347 Tauromenio‚
1174 304 1310 354 aliisque
1336 305 1526 346 nonnullis,
1562 304 1747 356 subiungit,
1772 308 1861 358 leges

98 360 215 398 iisdem
236 361 314 396 latas
333 358 396 396 ess'e
413 375 430 396 a
446 362 657 410 Pythagora,
685 374 743 410 per
759 356 938 409 discipulos
956 356 1108 394 videlicet
1122 354 1218 399 suOS,
1247 357 1467 394 Charondam
1495 364 1721 403 Catanaeum,
1747 372 1779 397 et
1804 369 1862 401 Za-

98 415 233 452 leucum
251 417 417 450 Locrum:
446 427 587 464 quartun
613 427 677 463 ope
703 424 735 448 ct
752 409 837 462 ipsae
853 411 976 448 fuerint
992 407 1244 461 εὐνομώτατοι,
1271 421 1304 446 et
1325 425 1384 461 per
1406 412 1552 461 longum
1575 422 1708 463 tempus
1728 412 1864 466 οἰξιοζῆ.

99 476 207 507 λωτω
226 474 296 506 τοῖς
314 463 502 519 πεξιόικοις.
559 469 638 504 Huc
655 464 867 502 referendum
885 465 949 507 eil„
974 464 1065 514 quod
1080 467 1226 500 Laertius
1240 464 1315 500 Lib.
1337 464 1587 513 Vulscffjn
1606 467 1750 515 testatur,
1779 473 1863 507 Cro-

99 531 179 558 tone
203 523 430 570 Pythagoram
450 521 541 571 leges
567 517 701 556 sanxiss'e
724 525 795 558 τοῖς
817 514 1060 561 Ἰταλιώταις,
1088 518 1204 567 quibus
1219 517 1323 553 veibis
1347 517 1388 553 ad
1403 521 1535 556 Numae
1550 522 1706 570 Pompilii
1724 523 1864 571 νομοθε-

100 575 178 613 σίαν
197 573 334 623 respici,
361 587 490 624 praeter
507 588 575 609 reni
597 571 816 623 suspicabatur
834 575 992 607 Thomas
1010 569 1292 607 Aldobrandinus.
1348 571 1447 621 Apud
1464 574 1670 621 Stephanum
1689 577 1720 610 in
1741 574 1864 616 Κατ-α’-

102 644 137 672 γη
154 628 350 663 Charondas
369 638 506 664 vocatur
525 626 538 664 ὂ
555 623 720 676 ἇᾶοἱσημος
735 627 803 665 τῶν
828 622 989 671 Ἀθήνῃσι
1015 623 1089 672 (nisi
1116 622 1298 672 legendum
1321 626 1352 662 ἐν
1369 623 1569 671 Κατάνης)
1593 628 1799 675 ιιομςὲετῶγ,
1822 631 1866 677 ¹⁶)

101 694 172 717 non
189 679 281 730 quod
301 682 436 716 Athenis
453 681 538 729 leges
557 680 686 726 tulerit,
713 677 766 714 sed
786 677 877 728 quod
897 680 1040 720 Thurii,
1068 678 1183 727 quibus
1205 675 1406 713 Charondas
1429 680 1519 729 leges
1544 679 1651 716 tuliss'e
1673 682 1864 720 multorum

100 733 293 770 testimonio
309 731 510 784 scriptorum
529 731 684 774 traditur,
712 730 835 768 fuerint
859 731 973 768 coloni
998 728 1267 773 Atheniensium,
1299 729 1377 766 teste
1399 731 1578 768 Plutarcho
1604 736 1637 769 in
1660 737 1729 770 vita
1749 735 1866 786 Lysiae

103 796 135 823 et
151 786 309 824 Periclis:
336 798 368 822 et
393 785 483 836 qnod
508 786 597 835 leges
620 784 820 821 Charondae
843 783 929 834 apud
949 780 1163 820 Athenienses
1188 782 1422 820 celeberrimae
1442 783 1584 827 fuerint,
1610 798 1709 838 atque
1731 799 1765 824 vt
1780 790 1866 825 Her-

102 843 237 889 mippus
261 839 344 875 libro
367 837 458 875 sexto
481 838 521 875 de
542 838 819 889 legumlatoribus
841 836 930 886 apud
951 840 1159 873 Athenaeum
1188 837 1261 870 Lib.
1281 836 1392 872 XIV.
1414 851 1451 884 p.
1466 841 1525 883 619.
1546 842 1664 877 audior
1688 841 1752 879 est,
1779 845 1866 879 inter

101 892 225 943 pocula
248 891 412 931 decantari
441 889 553 928 solitae
579 891 638 927 smt
661 893 808 927 Athenis.
864 888 1166 940 Qemadmodum
1189 900 1220 925 et
1244 891 1418 925 Mazaceni
1442 894 1476 926 in
1496 892 1712 942 Cappadocia
1735 895 1865 944 legibus

100 943 302 981 Charondae
320 944 381 992 vsi,
408 945 484 981 teste
503 946 663 981 Strabone
681 945 753 979 Lib.
772 943 866 980 XII.
885 956 917 990 p.
933 956 997 989 559.
1015 943 1235 979 adhibuerunt
1247 938 1390 995 νομῳὸὂν
1405 944 1513 992 legum
1530 946 1787 991 (incantatorem,
1809 953 1867 999 qui

100 997 177 1048 ipfis
201 995 263 1034 suit
284 997 400 1048 legum
422 1001 600 1048 interpres,
626 995 763 1049 perinde
779 1007 812 1032 vt
829 995 917 1047 apud
934 999 1111 1032 Romanos
1130 993 1365 1032 iurisconsulti.

207 1077 279 1112 VH.
317 1079 440 1112 Vtrum
466 1090 545 1113 vero
571 1078 648 1112 hinc
670 1085 760 1112 certo
789 1074 991 1112 concludere
1019 1074 1135 1117 liceat,
1170 1072 1313 1109 versibus
1338 1071 1471 1123 scriptas
1489 1072 1519 1119 ⁸)
1546 1075 1586 1111 ab
1616 1073 1689 1126 ipso
1711 1079 1866 1117 Charon-

104 1128 147 1166 da
178 1129 266 1179 leges
301 1127 414 1173 fuisse,
453 1129 599 1166 aliorum
628 1128 696 1166 esto
727 1127 896 1166 iudicium.
974 1129 1158 1164 Potuerunt
1191 1129 1282 1163 enim
1318 1126 1431 1177 postea
1463 1128 1502 1163 ab
1539 1129 1704 1167 eiusmodi
1729 1129 1867 1185 νομῳὸὦ

102 1180 199 1220 fuiffe
225 1181 366 1218 versibus
400 1180 585 1232 express'ae,
625 1194 724 1233 atque
754 1181 837 1218 adeo
866 1184 1051 1218 memoriae
1086 1183 1292 1216 cantantium
1328 1179 1597 1219 commendatae,
1677 1186 1721 1220 Et
1750 1177 1866 1236 quoni.

104 1235 310 1277 admodum,
339 1235 510 1272 literarum
540 1234 597 1272 vsu
625 1234 780 1272 nondum
811 1247 963 1285 reperto,
1001 1234 1091 1283 leges
1121 1232 1209 1283 apud
1248 1244 1362 1282 gentes
1399 1232 1558 1283 quasdam
1593 1234 1758 1273 decantari
1797 1237 1866 1276 sua-

104 1287 146 1324 fit
174 1286 358 1332 necessum,
392 1302 460 1338 quo
491 1291 601 1325 minus
631 1288 766 1325 illarum
798 1285 1087 1324 obliuiscercnrur:
1120 1289 1165 1322 ita
1188 1285 1307 1322 deinde
1336 1284 1403 1321 slne
1424 1285 1607 1324 necessitate
1632 1287 1720 1325 idem
1745 1288 1868 1328 facien-

104 1339 138 1376 di
168 1343 278 1390 potuit
308 1342 458 1379 obtinere
483 1339 710 1387 consuetudo,
747 1355 809 1377 nec
842 1339 1042 1377 iniucundus
1066 1336 1158 1378 vsus,
1199 1349 1235 1375 vt
1259 1337 1301 1375 de
1328 1338 1523 1388 Agathyrfis
1552 1339 1649 1377 tradit
1676 1343 1868 1382 Aristoteles

103 1393 271 1430 Prablem.
279 1393 391 1430 XIX.
407 1402 455 1434 28.
509 1396 593 1432 Sane
609 1392 799 1445 fragmenta
816 1393 934 1444 legum
950 1391 1163 1436 Charondae,
1188 1405 1272 1442 quae
1287 1391 1377 1443 apud
1394 1391 1589 1430 Diodorum
1608 1395 1671 1431 Sic.
1686 1397 1759 1432 Lib.
1777 1397 1867 1434 XII.

1064 1447 1088 1481 B
1113 1458 1131 1481 a
1688 1461 1727 1496 p.
1742 1461 1788 1494 79.
1793 1451 1867 1499 seq.

106 1541 187 1573 ditur
202 1541 238 1572 ab
253 1541 376 1573 Aeliano
392 1542 422 1574 d.
437 1542 456 1573 l.
481 1544 563 1574 cuius
582 1543 670 1575 fidem
694 1543 826 1586 sequitur
843 1544 961 1574 Perizo-

106 1589 182 1617 nius.
234 1586 312 1617 Vide
342 1589 495 1622 Heynium
520 1587 557 1619 de
581 1587 726 1628 Sybarit.
757 1598 793 1619 ac
816 1587 961 1619 Thurioin

106 1629 183 1671 Rep.
213 1634 244 1662 et
269 1630 371 1671 Legg.
403 1630 481 1662 Seff.
498 1631 564 1663 III.
594 1635 659 1663 not.
674 1631 702 1674 f
724 1631 834 1672 opusc.
858 1630 961 1663 Acad.

111 1674 180 1708 Vol.
194 1674 240 1706 II.
260 1684 291 1715 p.
308 1684 374 1716 ¹59·
383 1679 413 1706 et
420 1673 483 1717 seq.
501 1674 568 1706 coll.
594 1675 714 1718 Prolus]
728 1675 822 1708 XIV.
836 1674 872 1707 de
892 1676 963 1706 reli-

109 1717 181 1759 quis
197 1716 320 1759 rebusp.
333 1719 479 1759 Magnae
488 1719 641 1752 Graeciae
655 1725 685 1752 et
699 1720 834 1760 Siciliae,
846 1729 878 1761 p.
888 1729 962 1760 272.

111 1769 135 1792 R
146 1770 157 1791 1
169 1769 187 1791 C
199 1769 222 1791 H
233 1769 268 1792 T.

158 1808 199 1841 ις)
218 1805 352 1841 Croton,
373 1806 478 1836 ciuitas
501 1808 626 1845 Magnae
648 1807 789 1838 Graeciae
812 1817 879 1837 cum
897 1805 962 1837 aliis

113 1847 237 1883 studiis,
280 1856 344 1878 tum
383 1850 413 1878 in
449 1851 553 1892 primis
579 1849 736 1892 sapientiae
774 1850 962 1887 nobiliffima,

111 1893 299 1923 Achaeorum
320 1890 455 1929 colonia,
478 1895 606 1935 imperio
627 1893 677 1924 vsa
697 1894 855 1936 populari,
885 1894 964 1933 leges

113 1936 150 1965 ad
167 1936 240 1966 hanc
261 1935 443 1977 reipublicae
465 1937 712 1968 administrandae
731 1941 898 1974 rationem,
923 1938 963 1968 se-

114 1980 244 2010 rioribus
260 1990 380 2021 quoque
401 1981 585 2022 temporibus
601 1981 792 2018 custoditam,
815 1982 965 2023 adtempe-

114 2026 201 2054 rauit.
252 2024 379 2062 Legibus
400 2024 575 2055 Charondae
605 2033 634 2056 et
666 2024 782 2056 Zaleuci
810 2026 966 2056 instruetos

115 2067 200 2098 fuiffe
217 2069 425 2105 Crotoniatas,
449 2077 481 2099 vt
496 2068 674 2099 lamblichus
689 2069 726 2101 de
741 2071 775 2102 V
773 2072 806 2101 it.
824 2068 965 2110 Pytlzag.

115 2121 140 2142 c.
155 2111 233 2145 VII.
255 2111 363 2149 refert,
395 2123 411 2142 a
433 2115 558 2142 veritate
579 2113 658 2143 haud
681 2112 811 2144 alienum
833 2115 888 2143 est:
918 2124 966 2144 eas

116 2166 188 2186 vero
205 2157 380 2186 auetoritatc
398 2157 598 2195 Pythagorae,
626 2159 781 2199 Vtriusque
806 2157 904 2197 legum
926 2157 967 2187 la-

117 2201 190 2229 toris
212 2204 429 2242 praeceptoriS,
453 2200 613 2242 awepiffe,
636 2209 788 2242 tamquam
812 2204 899 2232 inane
914 2203 967 2236 Py-

116 2243 326 2281 thagoreorum
344 2254 543 2275 commentum
558 2247 666 2275 merito
681 2245 862 2287 exploditur.
891 2245 968 2276 Vide

118 2287 298 2317 Bruckerum
320 2288 386 2329 Hnst
412 2288 487 2319 Prie.
505 2287 618 2328 Philos.
635 2289 707 2320 Per.
722 2290 750 2321 J.
776 2289 813 2320 Ρ.
828 2290 876 2321 II.
899 2289 968 2320 Lib.

118 2329 164 2361 II.
180 2340 202 2361 c.
217 2341 262 2363 10.
276 2330 350 2370 seff.
367 2343 390 2362 1.
412 2331 445 2374 1!-
464 2343 510 2364 ιο.
536 2333 621 2364 Tom.
642 2333 666 2364 Ῑ.
687 2343 718 2373 p.
737 2343 822 2372 1⁰¹3·
852 2332 967 2364 Tiede-

118 2383 258 2405 mannum
286 2375 322 2406 de
346 2374 486 2418 vetusteff.
510 2377 620 2408 Graec.
646 2375 822 2419 Plzilosoph.
855 2377 890 2408 P.
904 2377 926 2409 I
930 2376 967 2408 V.

113 2414 184 2458 [eff.
202 2427 227 2449 1.
244 2429 268 2450 c.
284 2425 315 2455 8.
336 2430 367 2460 p.
380 2431 458 2460 324.
467 2420 551 2462 seqq.
576 2428 604 2450 et
627 2422 817 2451 Meinerfium
835 2420 913 2464 Hist.
931 2420 968 2451 de

86 2500 96 2506 ἢ
122 2461 201 2502 orig.
227 2462 379 2504 progreff
402 2470 430 2495 et
459 2467 549 2496 inter.
571 2465 666 2495 litter.
696 2465 784 2505 apud
805 2465 916 2496 Graec.
941 2468 970 2495 et

121 2501 209 2536 Rom.
227 2505 294 2538 Lib.
309 2507 373 2540 III.
395 2518 419 2540 c.
434 2520 460 2540 ι.
485 2510 555 2543 Vol.
570 2507 599 2540 I.
617 2518 651 2550 p.
667 2518 736 2549 252-
751 2518 828 2550 254.
849 2516 878 2539 ex
900 2512 971 2548 285.

1015 1539 1123 1572 Euersa
1138 1541 1261 1577 Sybari,
1284 1550 1368 1576 cum,
1392 1548 1425 1571 vt
1443 1549 1542 1572 narrat
1556 1543 1681 1573 Iustinus
1703 1544 1771 1577 Lib.
1787 1547 1868 1582 XX,

1015 1595 1039 1618 c,
1054 1595 1085 1626 4.
1100 1593 1128 1615 et
1141 1585 1192 1626 ipsi
1211 1587 1403 1615 Crotoniatae
1420 1587 1449 1614 in
1465 1585 1610 1626 perditam
1627 1586 1776 1620 luxuriam
1798 1603 1867 1635 pro·

1015 1629 1085 1671 lapsi
1103 1628 1210 1665 essent,
1234 1627 1425 1658 saluberrima
1443 1629 1626 1668 Pythagorae
1650 1631 1802 1676 disciplina
1826 1639 1868 1671 ef-

1014 1673 1102 1709 fecit,
1126 1680 1157 1703 vt
1179 1672 1216 1702 ad
1233 1672 1447 1715 fimplicitatem
1470 1684 1587 1703 morum
1610 1674 1870 1723 frugalitatemque

1015 1724 1236 1748 reuocarentur.
1283 1716 1359 1747 Vide
1375 1718 1485 1751 Heynii
1505 1717 1623 1760 Proluſs
1639 1719 1682 1751 Χ.
1704 1721 1741 1753 de
1762 1722 1871 1756 Croto-

1015 1763 1180 1793 niatas-um
1195 1759 1355 1801 republica
1368 1765 1397 1790 et
1412 1761 1570 1803 institutis,
1593 1763 1644 1793 vbi
1658 1768 1770 1804 omnia,
1795 1779 1870 1811 quae

1015 1805 1053 1836 ad
1078 1804 1297 1836 informandam
1319 1806 1560 1835 Crotoniatarum
1587 1808 1769 1849 reipublicae
1789 1814 1868 1844 insti-

1016 1858 1211 1890 tutorumque
1230 1851 1384 1879 notionem
1398 1847 1463 1878 elici
1479 1859 1494 1877 e
1509 1848 1581 1880 locis
1596 1859 1730 1882 veterum
1748 1854 1869 1898 scripto-

1017 1905 1083 1925 rum
1100 1904 1167 1923 cum
1182 1893 1240 1923 'fide
1255 1892 1353 1933 aliqua
1369 1901 1547 1933 potuerunt,
1570 1905 1804 1930 commemorata
1826 1911 1870 1932 re-

1017 1940 1184 1980 periuntur.
1230 1936 1312 1967 Adde
1336 1935 1535 1975 Epimetrum
1563 1938 1600 1969 de
1626 1939 1818 1983 Pythagora
1841 1949 1871 1976 et

1018 1980 1233 2022 Pythagoreis
1248 1979 1524 2021 legumlatoribus,
1548 1982 1659 2023 Opusc.
1675 1983 1779 2019 Acaa.
1799 1987 1871 2022 Vol.

1019 2026 1065 2058 II.
1088 2036 1121 2067 p.
1140 2024 1208 2066 196.
1219 2022 1307 2066 seqq.
1332 2031 1484 2054 RicuT.

1065 2089 1111 2121 16)
1134 2085 1296 2127 Stephanus
1313 2085 1491 2118 Byzantinus
1506 2083 1536 2116 d.
1551 2086 1571 2116 Ι.
1587 2087 1772 2132 p.363.seq.
1797 2090 1869 2125 edit,

1019 2128 1234 2174 Amst.1678.
1257 2127 1385 2168 quodam
1407 2130 1558 2169 opinionis
1588 2141 1691 2163 errore
1719 2134 1869 2177 deceptui,

1022 2173 1210 2205 Charondam
1228 2174 1304 2201 inter
1319 2170 1416 2210 legum
1436 2170 1560 2209 latores,
1584 2178 1636 2216 qui
1657 2178 1779 2209 Athenis
1796 2179 1870 2210 hila.

1022 2220 1102 2248 riore
1124 2218 1252 2247 nominis
1273 2215 1351 2244 fama
1372 2216 1557 2254 floruerunt,
1589 2219 1708 2251 videtur
1731 2223 1869 2255 retulisse.

1021 2265 1087 2299 Qia
1103 2260 1186 2302 culpa
1202 2268 1234 2289 vt
1248 2258 1435 2295 liberaretur,
1459 2259 1515 2290 alia
1530 2262 1674 2300 Bentleio,
1697 2265 1754 2296 alia
1772 2269 1870 2298 Fabri-

1022 2308 1069 2335 cio
1085 2306 1184 2335 nostro
1199 2303 1316 2333 subnata
1339 2302 1395 2332 fuit
1408 2303 1541 2345 suspicio.
1589 2309 1633 2336 De
1655 2316 1778 2351 vtraque
1802 2312 1872 2342 vide

1022 2359 1096 2390 quae
1111 2346 1217 2378 adtulit
1227 2345 1433 2384 Wesselingius
1448 2349 1551 2389 praef.
1565 2350 1650 2383 Tom.
1661 2351 1724 2384 III.
1734 2354 1871 2396 Iuris-pr.

1021 2393 1108 2426 Rom.
1128 2396 1155 2423 ct
1168 2390 1269 2422 Attis.
1288 2400 1322 2431 2²⁷·
1340 2391 1408 2422 Ill.
1440 2399 1591 2424 Ricu'r.

1065 2459 1097 2495 lt)
1124 2462 1204 2491 Haec
1230 2459 1370 2490 sententia
1392 2462 1433 2491 est
1453 2461 1600 2494 clarissimi
1621 2464 1764 2503 Bentleii,
1794 2467 1872 2501 libro

1023 2505 1143 2536 laudato
1156 2513 1186 2545 p.
1198 2512 1272 2545 373·
