2183 2747
340 111 408 147 266
484 109 556 144 Lib.
569 109 622 144 II.
639 119 661 143 c.
677 106 829 145 XVIII.
905 99 970 145 DE'
999 107 1297 144 EDITIONIEVS
1327 106 1562 148 Evmmms,
2073 0 2140 173 ξ

342 203 474 254 lat-effa,
499 205 803 250 (Venet.1714.)‚8.
829 222 880 230 —-
902 203 963 242 Ab.
981 203 1095 238 Maria
1115 202 1320 238 Gumnaccio
1345 215 1426 239 eum
1450 201 1624 239 nonnullis
1646 201 1934 244 adnotationibus.
1957 201 2114 255 Hor-eumq

343 270 423 304 ¹725-
443 269 472 302 4
502 278 549 285 —-
579 259 621 296 D.
640 258 789 292 Antonio
807 258 968 297 stratico,
991 254 1157 298 Cretensi,
1185 257 1328 295 Patauii,
1359 267 1439 300 ¹733-
1459 269 1487 298 4.
1527 276 1573 282 ·--
1610 259 1643 291 in
1668 254 1776 292 versus
1801 254 1954 293 toscanos
1977 253 2067 293 versa
2081 266 2113 298 ιω

340 313 499 358 Stephano
519 311 753 350 Pallauicinio,
781 312 813 344 in
839 320 919 344 tom.
940 309 994 344 III.
1013 321 1045 357 p.
1060 320 1116 355 49.
1145 310 1298 358 Operum
1315 308 1427 357 Steph.
1446 307 1610 344 Benedicti
1631 310 1854 352 Pallauieinii,
1878 310 1997 345 venet.
2013 319 2113 355 17⁴4·

340 372 373 406 8.
400 385 452 391 —
481 364 562 399 Hec.
581 365 706 400 Phoen.
726 361 829 397 Ort-st.
846 360 967 396 Medea
983 373 1014 397 et
1030 360 1173 411 Hippol.
1192 357 1302 397 versae
1317 376 1335 396 a
1350 362 1451 396 Mieza.
1471 361 1562 408 Aug.
1583 363 1740 403 Carmeli,
1769 364 1879 398 Patau.
1902 373 1991 407 1743.
2018 374 2117 410 1747..

341 425 373 460 8.
398 430 458 467 per
477 417 527 452 Io.
541 413 691 452 Mansre.
718 427 795 449 cum
812 424 901 450 textu
919 427 969 463 gr.
988 413 1028 450 de
1043 428 1108 464 qua
1122 412 1267 450 editione
1285 415 1351 450 iam
1369 411 1464 464 supra
1481 417 1620 461 egimus.
1646 436 1699 442 --
1725 413 1778 450 Ad
1802 418 2024 452 imitationem
2041 415 2115 453 Eud

339 469 485 519 ripideae
513 469 671 505 Hecubae
704 467 848 503 italicam
879 464 1070 517 composuit
1091 468 1142 504 Io.
1164 467 1248 504 Gen.
1272 467 1446 513 Triffinus,
1484 469 1599 503 Vener.
1625 469 1715 514 1560.
1739 474 1771 510 8.
1812 488 1857 496 --
1893 470 1932 503 In
1951 466 2115 517 linguam

339 523 468 559 Franco
484 545 494 552 -
515 523 673 558 Gallicam
692 519 847 556 translata
872 519 917 556 est
935 521 1068 555 Hecuba
1091 522 1248 563 metrice,
1274 534 1294 555 a
1310 520 1448 555 Lazaro
1469 520 1507 554 de
1524 520 1622 567 Bais,
1648 517 1852 567 (secundum
1873 519 1981 556 Catal.
2003 517 2115 561 Duefit

340 575 382 612 de
399 575 431 611 la
446 574 588 610 Valliere
603 585 688 610 tom.
705 574 746 608 11.
765 587 799 622 p.
816 575 872 619 69.
889 586 938 609 nr.
956 576 1070 618 ²40²·)
1082 571 1175 623 apud
1191 574 1238 609 H.
1254 573 1410 622 Stephan.
1440 570 1536 608 Paris.
1555 584 1640 619 1544.
1668 581 1698 614 8.
1730 576 1786 600 -—'
1817 587 1835 608 a
1862 574 1955 610 Guil.
1969 558 2115 616 Bonchis

340 630 405 670 tel,
433 627 520 677 apud
539 627 675 662 Robert.
691 627 847 676 Stephan.
876 623 973 662 Paris.
991 637 1075 673 1550.
1093 633 1124 668 8.
1153 627 1336 672 (Maittaire
1352 626 1392 660 A.
1411 626 1459 661 Τ.
1476 626 1531 660 Ill.
1548 636 1631 676 part.
1651 626 1688 660 11.
1705 641 1739 676 p.
1757 639 1827 673 593.
1854 636 1887 662 at
1908 628 1942 661 in
1964 624 2117 677 catalogo
2158 635 2180 651 ‘⁴‘

341 681 534 718 Valleriano
556 680 578 715 1.
599 694 627 715 c.
652 680 733 714 haec
757 678 872 714 eadem
897 677 1003 714 verlio
1027 679 1179 715 tribuitur
1206 678 1341 714 Lazaro
1366 678 1406 712 de
1425 678 1517 726 Bais.
1567 679 1666 714 Forte
1680 692 1744 714 vna
1770 677 1954 729 eademque
1968 677 2013 714 ess
2028 684 2117 734 cuu'3
2180 689 2183 692 “

339 731 528 784 superiore,
557 731 737 768 adnotante
753 732 794 770 cl.
809 732 936 768 Beckio.
989 732 1078 767 Nam
1093 733 1262 768 Maittaire
1284 728 1455 774 obseruat,
1487 732 1661 767 auctorem
1685 732 1725 768 ab
1746 725 1817 768 alii‘s
1841 731 1905 768 dici
1925 732 2041 768 Bouch
2068 736 2095 762 ι’
2116 762 2118 767 ,
2151 727 2160 771 ’,

342 787 425 823 lium
438 815 448 829 ,
476 787 515 822 ab
533 785 603 821 aliis
617 785 791 830 Baifium.)
831 806 872 812 —
900 799 918 820 a
937 784 1035 820 Belin
1053 786 1091 819 de
1109 784 1230 825 Balla,
1257 797 1336 820 cum
1353 781 1654 827 obseruationibus,
1678 781 1774 820 Paris.
1791 792 1878 828 1783.
1892 792 1925 826 8.
1953 784 2081 820 Prevo
2094 788 2101 796 ”
2166 785 2179 818 ‘ie

340 839 445 876 versio
468 842 500 874 in
527 852 615 875 noua
639 837 784 874 editione
805 838 1000 873 Brumoiani
1017 839 1227 874 Graecorum
1250 839 1366 873 theatri
1391 847 1474 872 tom.
1496 837 1552 872 IV.
1572 850 1605 886 p.
1624 849 1689 883 399
1709 835 1753 886 sq.
1775 850 1794 872 a
1819 850 1888 886 quo
1911 839 2011 873 etiam
2033 850 2071 872 r

342 907 424 942 quae
446 895 484 928 13.
503 891 718 940 Tragoediae
739 888 849 926 versae
873 891 1031 939 leguntur
1058 902 1140 926 tom.
1163 893 1222 926 IV.
1249 891 1291 926 V.
1314 891 1370 924 Vt.
1398 891 1472 925 VII.
1498 891 1585 924 VIII.
1609 890 1662 925 IX.
1684 890 1723 924 X.
1749 886 1841 926 conf.
1858 886 2112 927 censuram
2143 904 2147 910 ‘

341 946 477 990 Journal
496 942 793 993 Encyclope'dique
813 942 830 979 Ξι
849 942 1028 986 Bouillon,
1056 954 1140 979 tom.
1154 944 1209 978 lv.
1231 953 1316 993 part.
1335 943 1396 980 III.
1423 949 1511 986 1783.
1537 954 1613 992 pag.
1627 946 1699 988 465.
2087 935 2103 950 ³

446 1012 581 1051 Hecuba
604 1016 638 1049 in
662 1011 881 1062 singularibus
896 1025 1031 1062 quoque
1046 1012 1164 1049 libellis
1178 1010 1337 1048 illustrata
1351 1011 1408 1057 est.
1461 1012 1501 1048 In
1523 1013 1677 1048 notitiam
1697 1010 1846 1048 nostram
1870 1021 2033 1048 venerunt
2091 1006 2108 1047 ¹¹.

339 1067 435 1104 muel.
453 1067 612 1103 Battierii
628 1063 716 1102 Obss‘.
733 1079 804 1102 non
819 1062 1020 1116 spernendae
1036 1068 1069 1101 in
1088 1067 1167 1102 Eur.
1184 1067 1268 1101 Hec.
1286 1068 1321 1101 in
1336 1061 1458 1102 Museo
1481 1062 1681 1108 Heluetico,
1707 1067 1822 1115 partic.
1840 1065 1947 1101 XVII.
1973 1065 2083 1102 Turi·
2101 1075 2106 1108 ζ
2143 1089 2148 1099 .

339 1132 428 1166 1750.
443 1127 475 1162 8.
496 1134 528 1170 p.
544 1131 585 1163 30
602 1115 672 1169 sqq.
690 1121 724 1154 in
741 1116 858 1154 eadem
874 1129 956 1169 part.
973 1133 1006 1168 p.
1028 1131 1039 1154 1
1055 1115 1124 1168 sqq.
1149 1118 1194 1154 est
1210 1120 1268 1153 Ἰο.
1285 1119 1352 1154 [αι’.
1369 1119 1625 1154 Zimmermcmni
1646 1117 1715 1154 diss.
1741 1117 1782 1154 de
1801 1117 1997 1167 Theologia
2014 1119 2056 1154 E.
2103 1111 2107 1130 ²

340 1172 436 1224 pidis.
463 1193 515 1199 —
540 1173 578 1208 In
593 1172 711 1220 Museo
731 1172 911 1222 Tarentus,
939 1172 1045 1215 (cuius
1058 1173 1346 1209 continuationem
1362 1182 1501 1222 propter
1513 1173 1689 1222 penuriam
1705 1181 1878 1208 emtorum
1895 1168 1992 1206 suill'e
2007 1174 2081 1207 oon(
2102 1158 2105 1176 ¹
2136 1186 2140 1193 ·

339 1225 498 1269 tendam,
525 1223 620 1261 valde
637 1224 822 1268 dolemus.)
845 1235 928 1262 tom.
946 1226 970 1261 I.
990 1239 1022 1274 p.
1042 1227 1097 1270 156
1110 1221 1177 1274 sqq.
1195 1234 1226 1261 et
1245 1234 1327 1261 tom.
1346 1226 1387 1264 11,
1406 1238 1439 1275 p,
1455 1236 1518 1271 279
1534 1221 1601 1275 sqq.
1624 1226 1758 1263 Turici.
1786 1229 1872 1268 ¹78²·
1896 1221 1973 1260 sunt
1987 1221 2026 1260 d·
2040 1230 2080 1273 ἐχ
2101 1218 2103 1223 ’
2128 1221 2132 1227 ’

340 1280 397 1315 Io.
414 1280 480 1313 lac.
498 1278 740 1313 Steinbric'clzelii
757 1275 941 1314 Obseruatt.
957 1277 998 1313 ad
1016 1279 1094 1313 Eur.
1112 1278 1300 1314 Hecubam.
1323 1297 1376 1304 —-
1401 1273 1578 1328 Εὐριπίδης
1592 1277 1922 1328 τετραχηλισμὲνος
1936 1277 2059 1324 Ειινὶρ’

341 1332 496 1377 Hecuba,
524 1327 648 1368 selefiis
668 1327 854 1368 Obseruatt.
870 1332 911 1366 N.
924 1331 971 1365 T.
992 1333 1125 1366 atticam
1144 1333 1323 1381 puritatem
1349 1340 1380 1366 et
1400 1330 1600 1380 elegantiam
1623 1330 1920 1380 comprobantibus
1941 1328 2002 1366 fim
2048 1334 2063 1359 <¹

342 1397 415 1421 non
428 1397 555 1434 paucos
570 1382 694 1420 codicis
711 1385 819 1430 graeci
836 1382 993 1420 diuinitus
1015 1381 1161 1433 inspirati
1177 1384 1273 1421 locos
1293 1383 1496 1420 difficiliores
1523 1397 1594 1420 non
1619 1397 1739 1434 parum
1760 1382 1994 1419 illustrantibus
2036 1400 2063 1412 ν-
2095 1383 2097 1388 ’

340 1447 418 1474 nata
437 1451 454 1472 a
472 1438 518 1474 Io.
537 1436 669 1484 Christi.
689 1436 872 1484 Weidling.
900 1438 1024 1478 Gerae,
1052 1438 1169 1484 (1758.)
1197 1444 1228 1479 8.
1259 1458 1311 1465 -
1338 1438 1369 1472 J.
1385 1437 1463 1474 Car.
1479 1437 1599 1472 Zcum'i
1612 1450 1728 1487 progr.
1745 1439 1811 1472 iam
1827 1432 1923 1485 supra
1940 1438 1973 1472 in
2021 1455 2029 1467 ·
2046 1456 2050 1465 ·

339 1488 440 1526 codd.
465 1488 610 1527 laudaui.
637 1510 690 1516 --
716 1489 835 1536 Christ.
851 1490 983 1527 Fridcr.
1001 1488 1143 1525 Ammon
1169 1487 1251 1540 disp.
1274 1488 1316 1526 de
1334 1488 1499 1538 Euripidis
1522 1490 1682 1535 Hecuba,
1708 1487 1886 1526 subiundtis
1908 1486 1984 1526 obse

339 1543 436 1580 nibus
459 1545 494 1578 in
516 1541 664 1579 eiusdem
679 1543 821 1591 Tragici
847 1540 1144 1588 Andromacham,
1167 1542 1350 1592 Erlangae,
1377 1550 1470 1588 1788.
1496 1554 1531 1587 4.

445 1612 482 1658 2)
510 1610 650 1658 Orestes.
704 1609 876 1648 Editionet
896 1612 994 1647 huius
1016 1610 1174 1649 dramatis
1190 1613 1253 1648 hae
1276 1609 1347 1648 fere
1365 1609 1462 1648 sunt:
1487 1631 1538 1639 —
1566 1624 1617 1660 gr.
1635 1611 1835 1662 VVitteberg.
1860 1623 1944 1658 1577.
1970 1617 2003 1655 8.
2038 1608 2043 1626 ³

338 1676 392 1714 gr.
407 1663 496 1715 apud
522 1664 634 1701 Feder.
661 1662 803 1701 Motell.
837 1666 945 1701 Lutet.
978 1671 1066 1710 ¹584·
1093 1676 1124 1709 4.
1161 1685 1213 1692 -
1249 1661 1345 1701 Paris.
1369 1662 1458 1714 apud
1480 1663 1599 1700 Libert.
1629 1667 1714 1710 1623.
1741 1676 1775 1709 4.
1817 1686 1869 1692 —-
1907 1677 1958 1715 gr.
1987 1661 2047 1701 σθ’

341 1717 456 1767 Glasg.
488 1730 570 1765 1753.
598 1729 640 1753 12.
673 1736 724 1744 -—
760 1730 809 1766 gr.
835 1721 914 1753 cum
936 1719 1092 1753 varietate
1109 1716 1260 1755 leelionis
1283 1716 1485 1767 eruditisque
1508 1713 1681 1753 obseruatt.
1698 1719 1730 1753 J.
1746 1718 1788 1754 F.
1802 1718 1913 1762 Facti,
1940 1719 2009 1754 Co

341 1777 434 1816 1778.
462 1776 492 1809 8.
522 1791 571 1797 -—
597 1769 774 1820 Sophoclis
789 1768 908 1819 Oedip.
924 1779 1087 1816 tyrannus
1103 1781 1134 1806 et
1150 1771 1323 1817 Euripidis
1342 1770 1470 1818 Orestes
1483 1783 1524 1806 ex
1541 1773 1676 1820 optimis
1691 1770 1935 1822 exemplaribus
1951 1773 2022 1807 em'
2081 1767 2084 1781 ’

341 1825 385 1865 ti,
414 1826 593 1872 Argentor.
612 1837 650 1859 ex
669 1822 757 1858 offic.
774 1823 798 1857 1.
817 1824 863 1858 H.
886 1824 998 1859 Heitz.
1024 1835 1115 1869 1779.
1134 1828 1164 1862 8.
1187 1836 1264 1858 cum
1286 1821 1425 1873 praefat.
1444 1824 1492 1860 Io.
1508 1823 1803 1872 Schweighiiufiri,
1828 1821 1883 1860 sed
1906 1836 2000 1872 cum,
2014 1838 2027 1851 ·'

342 1876 419 1910 clxii.
450 1896 499 1902 —
525 1877 563 1911 In
579 1877 663 1912 Sam.
679 1876 839 1911 Batticrii
854 1875 1078 1912 Praelefflone
1091 1874 1133 1911 de
1149 1878 1206 1917 iis,
1234 1874 1275 1911 ad
1289 1889 1374 1925 quae
1388 1874 1594 1926 potissimum
1618 1875 1741 1912 attendi
1762 1874 1897 1921 debeat,
1919 1886 1957 1913 vt
1983 1896 1988 1905 ·
2008 1896 2022 1904 υ

343 1931 485 1978 antiquis
507 1930 714 1964 Graecorum
731 1925 855 1977 scriptis
869 1941 940 1964 non
956 1925 1066 1964 solum
1085 1928 1160 1964 loca
1176 1939 1332 1978 corrupta
1347 1927 1612 1979 deprehendere,
1639 1926 1693 1965 sed
1709 1939 1740 1964 et
1755 1927 1884 1972 eadem,
1911 1927 1936 1966 fi
1948 1942 1968 1964 v
2004 1946 2010 1957 ι
2027 1964 2032 1971 ,
2065 1963 2077 1975 Δ,

344 1979 389 2016 do
407 1980 438 2016 id
459 1981 529 2016 fieri
550 1979 661 2029 pollit,
690 1980 868 2017 emendare
885 1981 1011 2023 valeat,
1038 1981 1092 2028 (in
1109 1981 1223 2028 Museo
1239 1982 1430 2028 Heluetico,
1458 1992 1540 2032 part.
1559 1983 1647 2018 XIII.
1675 1983 1806 2024 Turici,
1830 1993 1923 2028 1749.
1963 2009 1972 2021 .
2008 2001 2010 2004 ·
2072 1991 2075 1996 ’
2096 1999 2099 2002 ·

342 2036 432 2070 varia
450 2033 525 2068 loca
541 2034 712 2075 Hecubae,
739 2032 890 2075 Tmad..
914 2031 1075 2070 Phoeniss.
1097 2036 1263 2084 Vtriusque
1279 2035 1490 2084 Iphigeniae,
1517 2037 1668 2084 inprimis
1683 2033 1808 2081 Orestis
1822 1995 1961 2071 emenus>

446 2103 570 2138 Latino
586 2105 739 2138 cannino
768 2101 909 2138 reddidit
930 2102 1082 2138 Orc-stem
1107 2104 1333 2149 SIgismundus
1350 2103 1490 2145 Gelous,
1518 2104 1718 2139 Pannonius.
1754 2102 1848 2140 Bam.
1871 2114 1946 2151 155¹.
1988 2093 1990 2097 ,
2005 2147 2012 2155 Ι

343 2152 552 2190 dedicatione
568 2153 607 2190 ad
623 2156 812 2190 Martinum
834 2154 1065 2192 Calmamzchi
1081 2153 1267 2199 adseuerat,
1293 2153 1325 2192 se
1340 2154 1448 2192 modo
1465 2153 1660 2192 scholiassen
1676 2169 1856 2206 graecum,
1881 2151 2005 2195 modu..
2046 2198 2057 2208 ⁴

343 2221 401 2243 nas
424 2207 582 2243 lectiones
605 2205 668 2243 effe
697 2205 882 2258 sequutum.
2015 2216 2017 2218 ’

450 2276 589 2322 Angiicc
607 2273 716 2311 versae
732 2272 803 2311 sunt
819 2287 899 2324 trag.
914 2278 1024 2326 Eurip.
1044 2277 1202 2326 Phoemſj]
1221 2277 1328 2325 Iphig.
1345 2280 1378 2313 in
1394 2277 1536 2321 Aulide,
1570 2276 1719 2312 Troades
1732 2287 1765 2314 et
1779 2275 1908 2324 Orestes
1921 2250 1998 2324 iugiv
2029 2269 2035 2284 '

345 2327 530 2376 Tragedics
545 2325 588 2363 of
600 2330 711 2377 Euripi
728 2327 782 2364 les,
836 2328 1037 2365 'I'ixmslutcd
1061 2327 1152 2365 froin
1180 2332 1234 2366 the
1259 2330 1403 2379 original
1425 2330 1538 2380 greek.
1566 2328 1727 2372 Londini,
1755 2338 1845 2374 1780.
1873 2335 1906 2372 8.
1928 2344 1990 2372 -υ,
2030 2333 2038 2352 ³
2113 2342 2116 2348 ⁴

346 2382 434 2469 ἴβεις
454 2380 586 2469 11ζὲιίιῶ
600 2408 609 2423 ,
636 2383 686 2416 in:
710 2380 897 2431 Tingi-lies
915 2381 1115 2432 d'Euiipide
1134 2394 1194 2418 etc.
1225 2380 1320 2420 Paris.
1337 2390 1424 2428 1778.
1479 2381 1766 2432 Praeter-Oresten
1782 2380 1874 2418 nulla
1893 2380 1956 2419 alin
1982 2453 1985 2462 Δ
2025 2387 2030 2406 ¹
2104 2414 2116 2423 s,
