2071 2747
64 161 67 163 ¹
103 105 196 132 vom.
213 106 392 141 importet-s
710 106 955 142 ISOCRATIS
983 108 1255 147 ORATIONES

1386 112 1459 149 Lib.
1472 114 1521 149 ΙΙ.
1536 128 1558 150 c.
1576 115 1726 152 XXVI.
1781 130 1847 165 779

104 203 264 240 Ceterum
282 205 389 239 nimio
405 200 562 244 deleam,
589 201 823 239 collocationis
837 212 869 238 et
883 205 1011 239 numeri
1026 201 1155 247 studio,
1182 203 1245 249 (de
1266 219 1335 254 quo
1357 208 1467 244 Cim-0
1491 210 1522 243 in
1547 212 1689 246 Oratore
1714 226 1784 262 cap.
1802 226 1847 259 5²·

101 266 135 292 et
148 257 213 300 61.)
239 253 367 298 effecit,
393 266 425 290 vt
439 256 571 305 elegans
592 266 687 304 atque
709 255 911 291 admirabilis
936 255 1094 305 quidem,
1120 267 1150 292 at
1171 258 1336 294 elutnbior
1358 259 1576 310 frigi-liorqne
1601 262 1762 299 videretur
1781 269 1848 301 eius

98 305 223 351 sermo,
235 307 285 341 Μ)
308 305 374 357 ipse
392 321 471 343 vero
487 306 630 344 ludibrio
647 305 723 344 esset
739 307 892 357 posse1·i8‚
921 307 1011 357 quod
1027 308 1135 357 plures
1152 323 1256 345 annos
1276 310 1316 343 ”)
1333 299 1536 360 impenderat
1560 318 1615 349 uni
1631 316 1845 353 elaborandam

98 363 242 396 orationi
261 364 499 410 panegyricae,
525 374 622 410 quam
642 359 826 396 Alexander
843 359 1008 409 pacandae
1024 359 1117 397 Asiae
1131 360 1292 406 insunisit,
1307 375 1338 399 ct
1355 365 1526 413 epistolam
1540 363 1574 412 ff)
1593 367 1649 413 lif]
1667 367 1706 403 ad
1724 370 1843 418 Philip-

96 425 179 462 pum
196 411 237 448 de
254 426 334 461 pace
351 410 447 448 iussus
467 412 601 449 scribere
616 415 653 449 ab
671 412 944 454 Athenienfibus‚
968 412 1121 450 nondum
1139 414 1232 450 illam
1255 415 1296 450 ad
1322 415 1424 452 finem
1447 403 1652 466 perduxeiit,
1677 434 1754 456 cum
1778 435 1840 469 pax

96 466 164 501 iain
189 478 266 502 cum
293 479 370 515 rege
394 464 574 501 coaluiss'et.
636 467 788 501 Mortem
818 468 959 515 oppetiit
988 464 1162 508 lactares,
1190 481 1230 504 ex
1248 469 1465 517 „aegritudine
1494 470 1611 506 indicta
1642 471 1697 507 fibi
1723 473 1841 516 inedia,

95 530 201 568 quum
220 517 443 560 intellexiffet,
467 519 572 553 victos
591 517 629 553 ad
647 519 878 554 Chaeroneam
894 521 1019 554 Atticos
1035 533 1051 554 a
1068 532 1144 567 rege
1158 519 1389 564 Macedoniae,
1407 523 1569 571 Philippo,
1584 524 1804 573 Olymp.CX.
1814 539 1841 570 3.

95 584 186 606 anno
210 573 320 607 aetatis
346 573 494 606 XCVIII.
509 573 556 614 ⁸³)
584 581 659 606 ante
683 569 850 606 Clirissum
874 573 1149 617 CCCXXXVIII.
1202 573 1386 622 Sepulchro
1409 577 1476 609 eius
1500 575 1654 622 imposita
1680 577 1839 614 columna

94 625 197 659 XXX.
222 624 413 658 cubitorum
433 623 623 664 altitudine,
651 626 685 657 in
703 626 796 658 cuius
813 622 945 672 mugio
961 622 1044 660 firen
1061 622 1183 673 septem
1199 626 1410 671 cubitorum3
1443 637 1475 662 et
1499 640 1516 662 e
1533 631 1724 676 propinquo
1748 643 1838 665 men-

92 672 137 715 sa,
155 673 204 718 ¹⁸¹¹)
232 677 266 710 in
284 689 346 724 qua
369 686 516 724 parentes
534 677 599 710 eius
615 685 646 710 et
663 687 907 725 praeceptores,
934 687 1032 725 atque
1047 677 1110 711 hos
1126 678 1208 714 inter
1225 679 1377 728 Gorgias,
1395 681 1450 728 qui
1472 676 1642 727 sphaeram
1662 681 1838 718 coelestem

91 729 295 770 intueretur3
323 727 416 776 quod
431 740 691 763 monumentum
710 730 776 763 iam
788 729 948 764 Plutarchi
964 739 1067 764 aetate
1081 729 1296 766 interciderat.
1325 730 1392 776 [De
1409 733 1473 766 hoc
1488 741 1520 766 et
1535 731 1604 767 aliis
1623 737 1837 781 ornamentis,

91 783 126 815 in
145 781 313 816 honorem
332 778 480 816 Isocratis
500 778 623 828 positis,
648 794 677 818 v.
695 780 861 816 Olearium
877 780 916 816 ad
934 780 1089 827 philostr.
1106 783 1130 817 I.
1155 781 1195 818 de
1210 785 1284 818 vitis
1307 780 1442 832 sophist.
1461 795 1507 828 17.
1527 797 1602 834 pag.
1620 788 1697 831 506.
1720 796 1789 824 not,
1807 799 1836 830 7.

91 833 254 882 Freytag.
271 832 312 869 de
325 831 432 869 statuis
451 843 512 869 etc.
540 845 613 882 pag.
630 845 668 869 22
682 830 749 882 sqq.
777 834 934 872 schir-ach.
951 832 1030 884 disp.
1046 835 1070 871 1.
1092 847 1166 884 pag.
1183 837 1226 871 26
1241 833 1312 885 sqq.

200 930 377 965 Orationes
392 927 544 976 Isbcratis
562 929 627 963 Lx.
645 925 830 964 ferebantur
842 939 944 964 aetate
960 928 1138 969 Plutarchi,
1161 943 1200 966 ex
1217 930 1336 979 quibus
1350 930 1513 967 Caecilius
1527 932 1681 970 XXVIII.
1706 934 1837 979 Diony·

92 979 158 1018 stus
172 979 435 1019 Halicarnass'eus
452 983 556 1016 XXV.
580 991 707 1016 tantum
728 994 789 1030 pro
803 983 953 1031 genuinis
970 982 1091 1017 habuit.
1127 981 1219 1018 Idem
1236 996 1254 1018 e
1269 983 1445 1019 Plutarcho
1460 985 1596 1020 Photins
1613 983 1744 1021 testatur
1758 985 1834 1023 cod.

91 1036 226 1071 CCLX.
283 1037 317 1068 ln
335 1033 453 1070 Suidac
470 1032 637 1069 codicibus
657 1045 871 1069 numerantur
895 1035 1027 1070 XXXII.
1083 1033 1198 1070 Hodie
1219 1045 1348 1071 tantum
1363 1037 1446 1073 XXI.
1469 1033 1657 1085 supersunt,
1684 1051 1744 1073 nec
1766 1039 1838 1086 plu-

89 1100 142 1124 res
155 1084 268 1137 Iegiffe
291 1083 322 1122 se
345 1085 475 1122 testatur
496 1088 631 1122 Photius
657 1086 743 1124 Cod.
766 1087 876 1121 CLIX.
899 1099 1021 1134 quem,
1048 1085 1073 1122 si
1095 1086 1220 1136 placet,
1245 1086 1332 1127 vide.
1384 1090 1423 1124 In
1446 1090 1497 1124 his
1520 1087 1650 1125 ducunt
1670 1087 1836 1127 familiam

88 1147 157 1176 tres
167 1142 408 1187 paraenetica,
434 1139 667 1188 pulcherrimis
684 1137 848 1175 sententiis
872 1136 1029 1176 refertaet
1631 1134 1636 1137 ³

88 1219 120 1266 1)
148 1215 238 1270 Πςός
253 1214 447 1267 Δημᾶωκον,
477 1217 539 1253 Ad
556 1218 789 1258 Danuuii-um,
814 1211 861 1264 ¹⁷)
891 1218 1077 1267 Hipponici
1098 1219 1134 1254 F.
1161 1217 1288 1254 clarum
1314 1215 1568 1261 Atheniensem,
1597 1217 1734 1256 fratrem
1759 1219 1837 1256 Cal-

193 1270 267 1308 liae.
319 1273 413 1307 Haec
436 1269 503 1307 fine
525 1267 618 1306 causa
644 1271 740 1306 tertio
768 1268 899 1306 cuidam
922 1283 965 1305 ac·
979 1273 1212 1306 commentitio
1229 1268 1362 1307 Isocrati
1382 1271 1422 1306 ab
1441 1271 1682 1320 elegantissimo
1697 1274 1834 1309 Mureto

128 1418 185 1456 dd)
207 1418 318 1450 Plinius
337 1420 412 1451 Hist.
427 1426 485 1449 nat.
499 1420 564 1449 VII.
582 1427 627 1453 30.
652 1417 797 1448 Plutarch.
827 1417 940 1448 Laudat

87 1473 156 1493 eum
170 1463 302 1503 Cyrillus
312 1464 381 1494 vu.
405 1473 470 1504 pag.
484 1472 538 1497 225
551 1485 560 1498 ‚
585 1461 630 1491 sed
650 1461 806 1491 Salomone
828 1460 939 1503 sapien-

85 1509 213 1543 tiorem,
235 1506 316 1548 qnod
343 1506 462 1536 volebat
485 1505 634 1540 Iulianus,
658 1503 741 1534 fuisse
757 1513 852 1543 negat.
883 1505 939 1535 Fa-

85 1549 162 1582 bric.
208 1553 286 1588 Quia
308 1548 469 1581 Schirach.
485 1552 521 1584 *in
542 1549 614 1590 disp.
630 1551 668 1578 11.
688 1550 787 1577 omnia
810 1547 940 1586 collegit,

84 1605 162 1636 quae
175 1595 211 1624 ad
228 1594 345 1624 laudem
360 1593 546 1634 eloquentiae
561 1593 719 1622 Isocrateae
734 1591 878 1627 facerent,
899 1600 939 1626 ct,

85 1648 160 1679 quae
169 1638 350 1673 Philonicus,
364 1640 578 1675 Hermogenes,
594 1635 750 1670 Dionyfius
765 1634 843 1671 Hal,
861 1637 939 1665 Lon-

85 1683 172 1720 ginus
188 1681 299 1723 aliique
314 1683 345 1711 in
360 1680 485 1711 Isocrate
505 1679 677 1722 culpat-unt,
700 1678 856 1717 diligenter
871 1689 939 1708 con-

950 1319 1085 1358 fffff
1116 1335 1134 1358 2

1727 1326 1836 1361 tribui-

983 1418 1036 1458 qui
1053 1415 1168 1453 censet,
1191 1415 1348 1448 Isocratem
1363 1417 1440 1448 vltra
1456 1419 1516 1449 XC.
1538 1428 1629 1448 annos
1644 1417 1756 1449 vixiffe.
1784 1420 1834 1450 Pa-

983 1463 1057 1491 riter
1074 1459 1282 1504 Philostratus
1304 1461 1340 1491 dc
1357 1464 1426 1492 vitis
1449 1461 1566 1503 sophist.
1583 1464 1603 1492 1.
1626 1473 1687 1503 cap.
1705 1472 1745 1500 ¹7-
1769 1473 1834 1504 pag.

984 1508 1052 1540 506.
1072 1515 1150 1541 eum,
1165 1504 1265 1541 tradit,
1290 1504 1369 1535 diem
1390 1505 1494 1535 obiifl'e
1516 1503 1597 1542 α’μςίἳ
1610 1503 1648 1533 ταὶ
1664 1504 1760 1534 ἕκατδν
1776 1509 1834 1541 έίηι,

983 1549 1193 1578 centenarium
1220 1547 1294 1587 fere
1309 1571 1318 1585 ‚

987 1590 1128 1632 Quinffil.
1152 1592 1218 1622 lust.
1233 1600 1307 1621 orat.
1323 1594 1374 1622 111.
1399 1603 1420 1621 1.
1437 1603 1480 1628 14·
1503 1602 1570 1622 eum
1587 1593 1726 1622 octauum
1739 1602 1767 1623 et
1783 1604 1834 1623 no-

983 1635 1160 1673 nagesimum
1175 1634 1339 1677 imphuiss'e
1355 1647 1463 1665 annum
1480 1635 1590 1677 prodit.
1636 1635 1736 1666 Suidas
1757 1635 1834 1666 solus

985 1680 1051 1708 CVI
1067 1689 1176 1714 annos,
1199 1687 1227 1708 ct
1250 1679 1360 1709 Pseudo
1372 1698 1379 1702 -
1390 1678 1536 1709 Plutarch.
1552 1681 1605 1708 vit.
1624 1681 1658 1710 X.
1674 1681 1749 1709 rhet.
1768 1690 1833 1721 pag.

85 1725 185 1763 geffit,
212 1727 413 1760 examinauit,
443 1733 532 1766 atquc
563 1723 699 1757 excuffit,
728 1722 814 1764 plura
832 1722 940 1752 addere
985 1727 1047 1759 837.
1067 1724 1199 1752 CXVIII.
1215 1733 1306 1752 annos
1323 1722 1489 1752 adscribunt
1511 1722 1639 1752 Isocrati.
1663 1722 1740 1753 conf.
1765 1723 1833 1754 lon·

86 1767 335 1810 superuacaneum
353 1767 410 1798 effe
428 1767 555 1798 videtur.
580 1766 676 1797 Harl.

129 1848 173 1880 ee)
195 1843 364 1874 Philonicus
383 1852 412 1873 et
426 1845 628 1878 Hieronymus
644 1839 750 1884 philos.
772 1839 850 1883 apud
865 1842 937 1872 Dio-

82 1889 196 1924 nyfium
214 1885 403 1918 Halicarnass'.

121 1964 177 2009 ff)
199 1968 328 1996 Tzetzes
353 1967 402 1996 XI.
426 1963 503 1994 Chil.
525 1964 590 1994 hist.
615 1969 676 1999 382.
714 1964 879 1993 Athenaeus
901 1961 937 1992 dc

85 2012 229 2041 machinis
243 2010 355 2040 bellicis
371 2020 434 2050 peg.
447 2019 473 2038 2.
490 2023 531 2030 --
560 2008 700 2038 Timaeus
713 2006 791 2047 apud
804 2006 937 2046 Lovgin.

86 2053 153 2085 se&
170 2052 221 2086 1'v.
238 2064 302 2096 pag.
321 2063 367 2089 29.
389 2053 472 2091 [edit.
488 2049 598 2086 Tollii,
621 2050 672 2079 vbi
688 2050 747 2079 vid.
765 2057 825 2079 not.
845 2051 938 2087 Lang-

85 2099 211 2136 baenii‚]
256 2099 405 2133 Tzetzes,
430 2095 604 2130 Dionysius,
628 2095 777 2131 Longinus
801 2092 861 2134 ipse
878 2093 942 2133 περὶ

83 2140 154 2178 ’ὕφες
175 2148 228 2172 etc.
274 2141 376 2177 Adde,
402 2139 481 2181 qnod
505 2140 578 2169 Cato
601 2137 678 2179 apud
704 2136 848 2167 Plutarch.
874 2147 938 2177 pag.

88 2194 143 2222 351.
167 2186 243 2216 ridet
265 2187 351 2225 νηρξν
374 2182 447 2224 καλαὶ
465 2180 610 2222 Ἰσοκράτει
636 2179 685 2209 *rs-5
706 2179 841 2216 ,aesna-025
863 2179 894 2208 ὥς
915 2182 939 2208 ἓν

88 2226 142 2266 ἔδει
157 2231 327 2270 χρησομίνὸς
343 2231 402 2257 ταῖς
418 2230 529 2263 τίχναιις
545 2226 591 2264 ζα)
604 2223 677 2253 δίκας
692 2226 811 2265 &pivs-oct.

128 2300 195 2340 gg)
219 2298 348 2330 Lucicm.
374 2300 404 2326 in
427 2295 560 2326 Macrob.
583 2302 655 2325 tom.
673 2295 710 2323 11.
733 2303 798 2334 pag.
816 2298 876 2329 274
899 2290 940 2332 sq.

87 2343 212 2376 Fabric.
243 2341 262 2373 s.
286 2352 358 2372 tom.
369 2343 419 2370 111.
437 2350 502 2381 pag.
518 2347 572 2373 225
587 2337 627 2378 sq.
642 2337 688 2366 ed.
703 2338 796 2366 Reitz.
842 2337 940 2365 Enim-

87 2398 161 2421 vero
179 2388 325 2417 Lucianns
341 2383 392 2415 illo
410 2383 475 2414 loeo
492 2382 592 2417 tradit,
617 2380 772 2412 Isocratem
786 2381 879 2410 vitam
894 2389 940 2409 re-

87 2430 202 2473 liquisse
212 2432 294 2462 circa
303 2438 419 2461 atinum
429 2425 698 2468 vnaecenzeſsmum
710 2434 719 2458 ε
743 2435 772 2455 v.
780 2431 843 2454 not.
852 2423 941 2460 Maii,

976 1765 1058 1807 sium
1083 1765 1118 1794 de
1140 1765 1272 1807 scriptor.
1296 1767 1397 1795 histor.
1420 1765 1525 1807 philos.
1542 1769 1562 1796 I.
1579 1776 1605 1801 9.
1624 1776 1646 1801 3.
1668 1777 1732 1807 pag.
1750 1775 1776 1801 ςι
1794 1766 1833 1808 sq.

985 1809 1071 1840 Plura
1089 1818 1185 1839 tamen
1204 1810 1273 1839 vide
1288 1811 1318 1840 in
1333 1808 1512 1840 Schirachii
1526 1809 1597 1850 disp.
1611 1812 1633 1839 1.
1655 1810 1691 1839 de
1709 1809 1833 1840 Isocrate

983 1864 1048 1895 pag.
1067 1862 1099 1889 25
1118 1853 1157 1894 sq.
1181 1864 1245 1882 cnm
1268 1855 1372 1894 primis
1391 1855 1422 1882 in
1439 1853 1552 1895 Coistni
1567 1853 1645 1883 fastis
1663 1855 1741 1883 attic.
1761 1862 1833 1884 tom.

981 1899 1018 1928 II.
1036 1908 1101 1939 pag.
1120 1901 1165 1930 68.
1187 1896 1293 1927 collato
1311 1904 1382 1927 tom.
1398 1899 1420 1927 Ι.
1442 1907 1506 1938 pag.
1520 1907 1572 1933 140
1591 1896 1629 1938 sq.
1653 1897 1748 1929 Harl.

1026 1955 1079 1991 ΙιΙι)
1095 1956 1239 1987 Plutarch.
1257 1963 1285 1986 et
1301 1954 1511 1999 Philostratus
1527 1956 1562 1985 de
1571 1957 1695 1998 Sophist.
1716 1958 1751 1994 [1.
1766 1967 1832 1998 pag.

982 2010 1046 2037 503.
1059 2001 1160 2041 ibique
1178 1999 1290 2030 Olearii
1306 2007 1365 2029 not.
1384 2003 1423 2035 2.]
1471 2001 1609 2029 Meminit
1631 2000 1729 2029 sirenis
1754 1999 1833 2031 illius

982 2047 1071 2074 etiam
1088 2045 1244 2074 Choricius
1261 2042 1372 2073 inedita
1389 2042 1557 2073 laudatione
1569 2044 1832 2084 ProcopiiGazaei.

1027 2113 1064 2147 t'i)
1085 2114 1248 2154 Hipponici
1264 2111 1358 2142 filiurn
1375 2113 1495 2142 testatur
1517 2110 1576 2153 ipsc
1590 2110 1729 2142 Isocrates
1748 2113 1778 2142 in
1799 2110 1833 2143 Ii-

984 2159 1062 2187 mine
1080 2164 1153 2186 orat.
1178 2153 1330 2184 intr->md
1356 2167 1395 2184 σοι
1416 2153 1462 2185 τᾶν
1484 2153 1567 2191 λόγον
1581 2152 1668 2195 δῶρον,
1692 2153 1834 2196 τεκμήριον

984 2204 1035 2238 μὴ
1050 2202 1096 2232 τῆς
1111 2198 1174 2240 πρδς
1187 2197 1258 2235 ἦμὲἱς
1274 2201 1390 2235 φιλίοις,
1413 2200 1520 2235 σημεῖον
1542 2196 1570 2227 δι’
1585 2200 1631 2231 riis
1652 2197 1717 2240 “ptis
1739 2197 1834 2229 ‘Imm'-

985 2256 1052 2273 νικᾶν
1067 2242 1216 2275 sunjeins.
1253 2245 1354 2284 Πρέπει
1367 2240 1422 2284 7129
1441 2241 1487 2272 riis
1504 2239 1602 2272 vroe‘a‘does
1616 2239 1702 2283 ἕσπερ
1716 2244 1764 2276 τῆς
1777 2241 1834 2272 a'ca'-

985 2301 1016 2318 ας
1033 2285 1087 2317 ἵτω
1105 2288 1151 2326 Ka)
1174 2289 1220 2319 τῆς
1237 2289 1334 2324 φιλίας
1358 2288 1405 2318 τῆς
1421 2288 1552 2328 πατρικῆς
1576 2289 1754 2327 κληρονομεῖν.
1801 2288 1834 2317 Et

985 2332 1152 2374 Dionysius
1161 2327 1369 2372 Halicarnaff
1383 2331 1456 2361 hanc
1473 2333 1639 2361 orationem
1655 2329 1787 2366 laudans,
1805 2332 1834 2359 in

985 2384 1047 2407 arte
1062 2377 1173 2406 rhetor.
1191 2385 1251 2417 cap.
1271 2384 1295 2411 5.
1318 2381 1405 2404 vocat
1420 2373 1574 2415 παραίνεσιν
1592 2371 1657 2415 πρδς
1679 2372 1724 2402 rtis
1743 2372 1834 2402 ‘Inno-

985 2421 1052 2450 u'nx.
1095 2421 1224 2452 Tzetzes
1241 2420 1402 2449 memoriae
1418 2418 1499 2462 lapsu
1515 2429 1570 2462 pro
1586 2415 1722 2448 ‘Inmn'xs
1736 2415 1835 2459 posuit

1362 1549 1448 1590 qnodv
1480 1548 1664 1590 probabilius
1703 1549 1834 1580 videtur.
1887 1557 1891 1559 “
