2071 2747
597 85 904 122 Hn‘tocRATiS
939 86 1053 121 LIBRI
1092 84 1235 120 stRn
1313 83 1682 121 Lih.!!.e.XXH!.‘
1729 87 1791 130 365

146 184 310 232 Qintum
327 191 359 218 et
375 179 450 218 VH.
475 182 674 218 morborum
695 180 907 230 popularium
926 180 1042 217 librum
1063 178 1234 217 manifeste
1249 191 1333 216 etex
1353 184 1509 218 omnium
1526 194 1628 230 paene
1654 182 1785 229 opinio-

39 247 80 270 ne
102 237 225 271 nothos
247 232 326 282 esse,
349 234 492 271 Galenus
515 233 592 269 dicit
607 237 638 269 in
657 232 755 283 praef.
776 233 814 269 ad
832 246 958 270 comm.
979 235 1001 269 Ι.
1027 237 1059 270 in
1076 236 1130 270 vt.
1153 233 1246 282 Epid.
1270 247 1299 281 p.
1316 246 1380 278 354,
1404 246 1488 270 tom.
1507 236 1558 269 IX.
1616 235 1783 282 Qintum

37 298 147 324 tamen
173 287 270 323 Corn.
291 288 419 336 Celsus,
445 287 500 323 lib.
515 289 602 322 vni.
627 286 666 321 dc
693 299 725 322 re
750 285 870 321 medic.
885 299 954 335 cap.
970 299 1001 329 4.
1023 299 1097 335 pag.
1115 299 1187 331 432.
1213 286 1287 321 edit.
1307 287 1412 335 Targ.
1445 286 1703 333 Quinfi‘ilianus‚
1727 286 1783 320 ΙΙΙ.

39 339 137 376 instit.
155 349 277 376 orator.
294 353 328 389 p.
348 353 396 386 ⁴5-
415 350 446 375 et
465 340 666 374 Plutarchus
685 338 740 384 (de
759 337 896 386 profess.
914 341 946 374 in
963 341 1103 375 virtutib.
1123 352 1153 388 p.
1169 341 1235 382 82.)
1256 352 1316 387 pro
1333 341 1483 387 genuino
1508 339 1646 380 habent,
1674 338 1783 373 Auto-

37 394 169 428 nomiin
185 393 302 429 Omilo
316 395 369 441 (p.
385 399 461 436 778.
479 402 561 428 tom.
579 394 601 426 1.
626 390 738 435 Lind.)
762 391 950 435 historiam,
975 403 1045 428 non
1067 390 1133 427 fine
1155 392 1369 439 Hippocratis
1393 391 1488 427 laude
1515 392 1679 430 maxima,
1710 403 1782 426 nar·

39 454 154 481 rantes.
206 445 355 480 Galenus
370 458 446 480 eum
464 445 674 493 Hippocrati,
701 445 914 491 Hippocratis
932 445 997 479 Coi
1012 447 1138 493 nepoti,
1165 443 1284 479 tribuit.
1313 443 1402 488 (libr.
1419 445 1473 479 111.
1493 442 1531 478 de
1547 440 1616 479 diff.
1634 440 1781 490 respirat.

37 510 108 545 cap.
126 510 151 533 1.
165 509 242 546 pag,
257 499 332 538 268.
357 507 441 532 tom.
459 496 552 545 Vll.)
602 495 758 532 Huli'eriis
774 509 850 531 eum
867 494 938 546 ipso
955 498 1032 532 Coo
1046 498 1251 546 Hippocrate
1265 508 1335 531 non
1351 495 1405 531 ind
1413 499 1526 546 ignum
1543 494 1607 531 esse
1623 491 1731 530 censet
1748 497 1783 530 in

37 548 112 584 bibl.
129 549 217 585 med.
234 550 336 598 praet.
350 559 436 585 tom.
452 550 476 583 Ι.
500 562 574 598 pag.
591 560 641 592 74.
695 550 727 583 Si
751 561 830 583 vero
851 550 940 585 hunc
963 549 1085 585 librum
1107 562 1182 584 cum
1202 550 1224 582 1.
1242 559 1273 584 et
1289 549 1344 583 111.
1367 548 1406 584 de
1426 550 1549 584 morbis
1569 547 1782 596 popularibus

37 598 261 644 conserimus,
300 615 340 636 ex
367 600 484 636 ordine
511 601 640 636 turbato
669 611 763 649 atque
791 601 963 650 neglecto,
989 615 1030 637 ex
1056 603 1198 650 repetitis
1221 602 1354 640 crebro,
1387 615 1472 651 quae
1493 602 1630 636 antehac
1652 597 1798 633 fuerant·

36 652 140 697 dicta,
166 651 305 703 ipsoque
327 655 418 688 vario
444 651 572 688 dicendi
596 665 716 701 genere
735 651 831 688 saeilc
856 652 1062 702 perspicitur,
1089 655 1180 689 hunc
1201 654 1322 688 librum
1346 652 1385 689 ad
1405 656 1589 703 genuinos,
1617 649 1721 686 saltim
1740 648 1781 684 ad

36 705 269 741 elaboratiores
285 706 499 754 Hippocratis
516 718 585 740 non
603 706 776 753 pertinere.
831 706 990 741 Vltimam
1008 707 1080 742 libri
1100 716 1226 754 partem
1245 718 1283 740 ex
1299 706 1368 739 Vll.
1383 705 1476 754 Epid.
1493 704 1671 741 conflatam
1695 703 1779 738 libro

35 758 114 793 huic
131 754 194 792 esse
209 756 367 802 additam,
387 757 530 794 Galenus
546 767 651 793 notat.
678 755 753 793 Vid.
770 759 916 794 Grimni.
932 761 965 794 in
987 769 1057 795 not.
1074 758 1114 794 ad
1131 759 1294 807 Hippocr.
1318 756 1395 794 edit.
1416 761 1600 808 germanie.
1633 755 1723 791 Band
1739 756 1782 790 11.

34 823 109 860 Pag·
126 821 192 855 550.

139 888 306 937 Septimus
328 887 429 930 liber,
458 885 528 923 fere
548 885 668 923 eodem
692 887 819 932 modo,
852 902 954 937 quam
981 891 1131 937 quintus,
1158 887 1361 929 elaboratus,
1387 897 1418 922 et
1439 899 1542 922 vnum
1568 883 1678 921 forsan
1701 897 1781 919 cum

35 941 100 976 hoc
116 942 287 976 auctorem
303 940 445 980 habens.
469 953 570 989 quem
587 940 731 976 Galenus
746 939 894 989 spurium
911 939 973 976 esse
988 939 1133 990 expresse
1149 942 1232 975 dixit
1246 940 1324 975 loco
1343 937 1436 987 supra
1454 942 1505 973 cit.
1531 951 1564 974 et
1586 941 1627 973 11.
1651 937 1692 972 de
1707 933 1780 972 diff.

35 990 180 1041 respirat.
199 1005 269 1042 cap.
282 1005 311 1037 7.
333 993 405 1029 libr.
423 994 481 1028 111.
497 1005 566 1040 cap.
582 1005 606 1028 1.
636 1006 675 1027 ex
702 995 857 1028 Grimmii
877 993 982 1039 (fland
1000 995 1036 1027 n.
1055 1007 1131 1042 pag.
1150 993 1242 1037 560.)
1268 1003 1381 1027 mente
1406 992 1575 1027 medicum
1597 1003 1639 1025 ex
1660 990 1782 1025 Cnidia

34 1043 148 1082 schola
171 1046 342 1081 auctorem
367 1046 483 1088 habet,
508 1058 612 1094 quum
632 1048 764 1094 quintus
780 1059 820 1081 ex
836 1048 908 1081 Coa
924 1043 1034 1081 schola
1059 1043 1258 1095 procetserit.

135 1121 280 1159 Codices
298 1122 412 1158 libror.
431 1121 470 1158 de
492 1123 602 1159 morb.
621 1123 828 1171 popularibus
843 1125 959 1158 Graeci
988 1121 1060 1159 sunt
1078 1127 1110 1158 in
1126 1123 1273 1158 biblioth.
1297 1123 1377 1170 Reg.
1403 1118 1498 1156 Paris.
1527 1133 1579 1155 nr.
1597 1116 1783 1154 MMCXL.

33 1176 234 1211 MMCXLI.
267 1176 486 1211 MMCXLU.
521 1177 756 1211 MMCXLIV.
787 1178 1019 1212 MMCXLVI.
1046 1177 1275 1211 MMCCLHL
1300 1174 1536 1208 MMCCLIV.
1561 1170 1782 1207 MMDXLV.

35 1228 72 1262 ln
87 1227 236 1263 biblioth.
255 1229 298 1264 D.
317 1229 436 1263 Marci.
491 1229 573 1263 Duo
595 1228 670 1263 libri
693 1231 727 1263 in
743 1227 892 1264 biblioth.
910 1231 992 1277 Reg.
1010 1227 1103 1263 Paris.
1122 1241 1171 1263 nr.
1188 1228 1422 1262 MMCXLIH.

134 1305 251 1341 Libros
264 1307 327 1340 hos
345 1304 384 1340 de
401 1305 526 1341 morbis
543 1305 755 1354 popularibus
773 1318 911 1349 omnes,
939 1319 1016 1341 cum
1035 1303 1110 1353 ipsis
1124 1306 1276 1353 genuinis
1301 1300 1491 1352 explicuisse
1508 1299 1661 1336 videntur
1683 1301 1781 1333 inter.

30 1368 138 1408 pretes
156 1360 301 1406 antiqui,
330 1370 415 1406 quos
437 1355 530 1406 supra
547 1360 579 1392 in
596 1356 682 1407 epid.
700 1359 722 1392 1.
740 1366 770 1393 et
787 1359 842 1393 111.
866 1360 1068 1394 memoraui.
1129 1358 1224 1392 Liber
1249 1356 1515 1404 epidemicorum
1537 1361 1603 1388 erat
1629 1347 1781 1393 Narciffi,

31 1410 97 1447 vid.
114 1409 187 1446 cod.
203 1411 279 1445 Brit.
297 1423 345 1445 nr.
366 1411 440 1446 Du.
497 1411 534 1444 In
550 1409 673 1446 librum
693 1411 730 1445 Π.
757 1407 860 1446 saltim
885 1409 1028 1445 Galenus
1057 1407 1262 1445 Dioscoridis
1285 1418 1316 1444 et
1333 1405 1516 1443 Heraclidis
1532 1405 1722 1444 Tarentini,
1748 1410 1783 1436 et

32 1464 64 1498 in
79 1463 134 1498 VI.
151 1460 350 1498 eorumdem
368 1464 588 1497 enarrationes
607 1475 791 1502 memorat,
821 1475 898 1510 quas
917 1465 982 1496 iam
1007 1465 1038 1496 in
1058 1461 1145 1510 epid.
1163 1464 1184 1496 1.
1204 1471 1234 1496 et
1250 1462 1304 1494 111.
1330 1460 1607 1495 memorauimus.
1661 1456 1780 1502 Super-

17 1512 104 1555 ,sunt
119 1516 215 1551 nobis
231 1513 336 1550 adhuc
354 1513 469 1549 Galeni
487 1517 718 1549 commentarii
737 1517 767 1548 in
785 1513 907 1549 librum
927 1516 966 1549 11.
985 1523 1015 1548 et
1030 1515 1085 1548 Vl.
1101 1525 1132 1549 et
1151 1516 1182 1548 in
1197 1523 1374 1561 vtrumque
1389 1509 1525 1560 quidem
1544 1521 1613 1544 non
1631 1507 1761 1556 integri.

135 1594 288 1642 Qatuor
302 1594 428 1640 priores
447 1593 679 1627 commentarii
696 1601 727 1626 et
743 1588 848 1626 sextus
866 1594 899 1626 in
912 1591 970 1627 lib.
988 1593 1030 1626 11.
1046 1590 1182 1626 Arabice
1203 1588 1283 1625 verfi
1304 1587 1429 1624 exssant
1444 1590 1477 1623 in
1491 1585 1640 1623 biblioth.
1656 1585 1782 1620 Scoria·

22 1642 113 1681 rlenfi
132 1644 235 1693 Ccfiri
254 1657 304 1680 nr.
318 1645 455 1679 DCCC.
477 1654 508 1679 et
523 1645 677 1679 DCCCL

135 1723 263 1757 Partem
280 1720 321 1756 11.
339 1722 370 1754 in
388 1731 513 1755 comm.
531 1720 572 1754 II.
591 1717 680 1768 epid.
696 1722 909 1768 nuperrime,
934 1731 1009 1755 cura
1024 1720 1055 1754 I.
1075 1719 1247 1754 sozomeni
1259 1713 1433 1766 prodiisse,
1454 1729 1494 1751 ex
1511 1701 1683 1750 Albertino
1697 1711 1782 1750 Hal·

33 1774 119 1811 letus
133 1771 244 1816 refert,
270 1782 354 1808 tom.
374 1773 398 1807 1.
425 1785 500 1820 pag.
520 1773 576 1814 76.

134 1848 204 1884 Lib.
220 1849 259 1883 11.
282 1847 521 1893 epidemicorum
545 1845 762 1892 Hippocratis
783 1858 831 1894 gr.
853 1856 886 1881 et
910 1844 967 1881 lat.
991 1857 1069 1880 cum
1093 1857 1221 1880 comm.
1240 1843 1345 1878 Anus.
1359 1843 1469 1890 Foqfii.
1498 1840 1696 1888 Bass1.1560.
1719 1837 1780 1881 8.‘

34 1888 183 1938 Textum
199 1898 461 1935 emendatiorem
478 1908 509 1932 et
526 1898 748 1946 pulcherrime
763 1897 959 1933 illustratum
981 1897 1148 1939 exhibuit,
1175 1909 1274 1946 quem
1298 1894 1418 1931 deinde
1441 1892 1591 1930 secundis
1612 1893 1780 1930 laboribus

35 1953 135 1991 edidit
150 1966 226 1988 cum
244 1950 378 1999 reliquis
395 1952 607 1999 Hippocratis
631 1951 794 1999 operibus.

136 2027 219 2062 Sedt.
233 2027 259 2061 1.
279 2024 353 2059 libr.
372 2025 414 2060 ΙΙ.
429 2021 515 2071 epid.
531 2036 608 2059 cum
625 2027 792 2071 interpret.
806 2023 895 2058 Lud.
910 2022 1041 2057 Dureti
1053 2020 1153 2057 edidit
1169 2022 1262 2056 Pelr.
1279 2021 1452 2056 Girardct.
1481 2032 1556 2055 cum
1573 2018 1642 2054 libr.
1661 2017 1702 2054 de
1719 2017 1779 2052 hu·

34 2079 154 2116 morib.
170 2089 201 2114 et
217 2076 257 2113 de
273 2075 367 2112 diaet.
385 2078 418 2110 in
431 2084 516 2111 acut.
569 2074 658 2111 Edit.
675 2074 739 2111 vid.
758 2073 853 2124 supra
869 2073 927 2110 sub
948 2075 1022 2111 libr.
1047 2074 1089 2109 de
1110 2075 1208 2109 diaet.
1230 2077 1264 2109 in
1285 2083 1368 2108 aeut.
1391 2084 1423 2108 et
1444 2070 1530 2108 infra
1553 2072 1629 2108 libr.
1653 2070 1693 2106 de
1717 2071 1780 2105 hu·

33 2132 192 2170 moribus.

40 2192 58 2199 k
138 2208 232 2243 Patr.
250 2205 318 2240 Iac.
336 2202 452 2250 Estme
466 2211 650 2238 comment.
666 2204 700 2237 in
716 2202 755 2236 11.
771 2200 857 2250 epid.
886 2200 1015 2235 Valent.
1033 2212 1106 2245 1551.
1123 2196 1185 2233 fol.
1212 2217 1263 2225 -
1288 2198 1425 2233 Hieron.
1444 2197 1593 2235 cardam·
1603 2210 1729 2234 comm.
1745 2197 1779 2231 in

28 2259 136 2310 vOper.
150 2269 235 2302 tom.
251 2258 291 2291 X.
319 2277 369 2282 —
399 2255 494 2289 Hier.
511 2255 724 2290 Mercurialis
738 2253 892 2303 pracledt.
909 2249 1134 2288 Bononienses
1151 2254 1183 2285 in
1198 2252 1290 2285 hunc
1303 2250 1378 2286 libr.
1406 2251 1554 2286 Foroiiu.
1583 2255 1670 2287 1526.
1690 2247 1753 2284 fol.

137 2333 218 2367 Chr.
241 2326 314 2365 Gfr.
338 2327 466 2364 Stenzel
492 2329 708 2376 Hippocrates
730 2324 796 2362 suci
820 2339 890 2363 non
912 2325 1000 2361 male
1024 2322 1208 2365 accusatus,
1239 2322 1276 2358 ad
1299 2323 1367 2358 loc.
1386 2327 1420 2360 in
1444 2323 1595 2371 Epid.1¹.
1635 2322 1779 2359 VVitteb.

36 2392 118 2449 ξμς.
133 2389 192 2429 4.†
217 2402 271 2411 --
294 2383 424 2430 Sigism.
441 2380 631 2417 Schmiederi
653 2377 839 2416 obseruatio
861 2377 902 2465 dg
913 2391 1011 2464 §tao
1021 2377 1144 2472 giemi,
1167 2376 1286 2412 locum
1304 2377 1413 2426 Hipp.
1436 2375 1509 2412 libr.
1523 2378 1581 2413 lv.
1595 2375 1780 2476 epirdsspffig
