2071 2747
27 86 84 113 vot.
95 87 114 113 1.
126 88 206 122 Μῆο
646 83 650 87 ”
707 87 1089 125 DEPER-DITORVM
1285 90 1358 127 Lib.
1377 93 1423 128 H.
1441 106 1463 128 c.
1480 94 1611 130 XXJJ.
1713 111 1773 144 450

22 120 209 136 ύ--

7 185 182 235 furrata
195 183 408 232 instigantur.
466 182 549 219 Cum
560 182 770 229 praefatione
782 185 919 220 Ioannis
932 185 1060 223 Clerici.
1113 185 1285 222 Arcrdunt
1310 189 1449 225 Antonii
1473 193 1601 227 Mariae
1618 195 1771 237 Saluium)

11 237 136 285 publici
147 249 206 286 gr.
223 239 285 272 litt.
308 238 492 271 Florentiae
510 235 710 283 Profeſjbris
726 245 885 273 annotata
899 241 933 273 in
951 239 1132 274 Menandri
1146 247 1177 274 et
1195 241 1394 276 Phtlcmoms
1416 246 1591 292 Reliquias.
1644 248 1775 294 Amste.

16 290 155 332 haam,
177 291 272 335 apud
293 291 424 325 Henric.
441 288 572 323 Schelte.
600 299 672 329 1711.
703 292 781 327 mai.
798 297 831 331 8.

120 352 230 387 Dodia
249 351 417 401 longaque
431 349 476 386 est
490 352 585 386 huius
601 349 705 386 libelli
719 347 855 387 censura
872 354 905 387 in
924 352 1014 388 Ac'iis
1028 351 1247 390 Eruditorum
1263 353 1347 404 Lips
1365 355 1484 391 mensis
1505 359 1577 394 Iulii
1594 373 1671 406 ηπ.
1688 375 1766 413 pag.

18 414 79 450 295
95 424 147 430 —
165 416 240 448 302.
256 414 289 440 et
305 402 425 440 mensis
444 402 580 452 Augusti
603 415 679 452 pag.
698 405 758 449 365
774 423 828 430 —
841 417 909 449 373.
931 407 1023 440 cuius
1045 408 1163 443 audior
1185 408 1396 457 (Berglerus‚
1424 413 1457 444 ni
1483 408 1610 458 fallor.)
1632 413 1766 452 didieria

17 456 150 504 acerba,
177 459 322 493 conuitia
338 468 436 507 atque
452 454 630 492 maledieta
646 466 769 505 aperta,
797 470 883 506 quae
899 460 933 493 in
948 459 1010 493 hac
1027 459 1252 496 controuerfia
1271 474 1290 496 a
1306 461 1508 511 litigantibus
1522 466 1663 502 iac'titata
1680 466 1765 510 sunt,

14 512 136 546 merito
158 511 344 560 improbat,
372 521 403 545 et
425 508 533 546 modo
552 509 693 552 Clerici,
725 507 833 545 modo
855 510 1012 551 Bentleii,
1046 511 1155 548 modo
1180 515 1258 548 PaW
1280 514 1530 551 emendationes
1561 520 1679 566 probat
1709 532 1765 558 aut

13 565 135 606 reiicit,
163 562 268 599 modo
295 563 333 598 ab
349 563 504 599 omnibus
528 560 606 597 facit
629 559 877 604 disceffionem‚
901 577 1097 614 nouamque
1120 566 1231 601 lucem
1247 566 1330 602 locis
1346 566 1491 604 obscuris
1507 571 1666 607 accendit.
1721 577 1764 610 At

11 615 122 652 multo
142 617 287 663 acerbius
310 613 480 652 insectatus
505 614 549 651 est
569 617 760 661 pauonem,
796 615 894 664 plura
921 619 988 651 eius
1013 621 1161 653 conuicia
1188 621 1220 654 in
1245 620 1430 657 Bentleium
1460 619 1562 658 effusa
1591 625 1761 669 congeffit,

12 668 164 718 Anglum
182 666 276 718 saepe
291 666 457 712 defendit,
485 681 526 704 eo
543 679 654 709 autem
673 665 880 717 frequentius
893 670 1062 705 Pauonem
1079 672 1190 720 culpat
1205 682 1302 722 atque
1318 673 1486 724 explodit,
1514 686 1546 710 et
1567 664 1673 713 multa
1689 679 1762 714 Mo-

10 722 128 758 nandri
142 735 179 757 ac
197 722 399 757 Philemonis
416 721 488 757 loca
505 730 624 763 tentat,
645 722 786 770 corrigit
801 718 858 756 a'ut
871 723 1103 772 interpretatur
1118 725 1167 759 D·
1182 724 1310 760 Orville
1327 729 1361 761 in
1378 729 1500 763 Critica
1515 741 1626 765 vanno
1645 733 1679 766 iu
1694 734 1761 766 ina·

8 787 66 811 nes
87 775 133 810 lo.
150 774 298 810 Cornelii
322 776 461 810 Pauonis
483 773 593 824 paleas
615 783 677 810 etc.
704 773 907 820 (Amssclod.
927 787 1012 819 1737.
1031 779 1108 811 mai.
1122 777 1168 821 8.)
1191 791 1263 827 cap.
1283 779 1321 816 V.
1342 793 1374 829 p.
1393 792 1435 826 79
1451 800 1503 806 -
1518 788 1564 821 8⁴1.
1587 785 1620 817 in
1643 786 1760 832 primis

9 841 79 877 cap.
100 828 188 862 vm.
204 824 281 864 sect.
299 829 340 863 11.
355 839 430 876 pag.
445 839 501 870 223
519 846 569 852 —
586 837 651 871 25¹-
674 824 759 862 adde
776 826 834 864 cel.
853 828 987 862 saxium
1003 831 1036 863 in
1054 830 1229 866 onomast.
1249 831 1365 866 literar.
1383 833 1449 868 vol.
1470 834 1524 868 VI.
1543 847 1619 884 pag.
1636 848 1696 882 ¹94
1713 834 1756 886 sq.

6 879 71 916 Sed
95 877 167 915 satis
193 879 234 916 de
256 882 305 916 his
328 882 446 915 criticis
469 877 722 923 controuersiis,
751 893 892 929 quarum
916 891 1028 915 tamen
1051 885 1165 917 notitia
1182 887 1325 919 omnino
1341 884 1431 920 estin
1447 887 1561 934 primis
1581 887 1755 926 necessaria

0 931 122 971 ¹futuro
140 931 320 968 Menandri
334 945 372 968 ac
387 932 591 968 Philemonis
607 929 879 981 fragmentorum
897 932 1024 970 editori.
1057 954 1106 961 —
1132 936 1236 970 Pauca
1260 936 1439 972 Menandri
1462 935 1650 987 fragmenta
1668 955 1756 978 rece-

5 989 53 1037 pit
78 986 219 1020 Fuluius
236 986 377 1034 Vrsinus
397 987 430 1020 in
448 987 596 1021 Carmin.
613 985 668 1020 lX.
692 984 870 1021 illustrium
893 983 1139 1030 foeminarum,
1164 990 1334 1038 Antwerp.
1353 994 1438 1034 1563.
1457 997 1487 1031 8,
1510 1004 1677 1041 pag-279.
1703 1013 1756 1022 -.

5 1037 162 1076 Eiusdem
189 1039 394 1080 Sententiae,
427 1051 544 1086 graece
565 1047 600 1073 et
619 1037 737 1080 latine,
760 1034 835 1074 sunt
861 1041 944 1073 inter
969 1041 1153 1088 Georgica,
1179 1041 1332 1077 Bucolica
1355 1055 1386 1078 ct
1408 1044 1574 1080 Gnomica
1596 1058 1754 1094 poemata

25 1102 171 1133 uerum,
199 1093 356 1127 Geneuae
369 1087 689 1140 apudVCrispinum‚
715 1093 803 1137 1569.
823 1101 856 1127 et
878 1090 966 1141 apud
987 1091 1098 1127 hered.
1115 1094 1152 1127 E.
1169 1095 1328 1143 Vignon,
1356 1097 1509 1132 1600.12.
1531 1107 1601 1132 tum
1625 1100 1661 1133 in
1684 1099 1753 1135 col-

36 1144 199 1181 etionibus
213 1141 449 1180 sententiarum
464 1143 672 1179 Frobeniana
687 1143 903 1194 reliquisque,
930 1143 972 1179 de
988 1145 1102 1194 quibus
1128 1143 1221 1192 supra
1247 1146 1303 1183 lib.
1321 1149 1361 1182 11.
1382 1161 1454 1198 cap.
1472 1150 1525 1183 XI.
1549 1147 1750 1199 disputatum

10 1185 57 1233 xst.
109 1199 199 1246 Qas
215 1198 458 1238 Comicorum‚
485 1195 637 1246 adeoque
653 1195 834 1233 Menandri
853 1207 884 1232 et
908 1198 1131 1241 Philemonis,
1159 1196 1329 1236 sententias
1345 1202 1562 1237 VVintertonii
1581 1203 1681 1239 editio
1701 1218 1752 1240 ex-

11 1250 92 1296 ·'bet
114 1248 321 1291 decurtatam,
344 1262 396 1285 eas
416 1263 455 1285 ex
475 1249 686 1299 wstofibus,
719 1252 775 1299 qui
799 1263 854 1285 eas
875 1246 1062 1291 sesmarum,
1089 1253 1231 1300 integras
1249 1263 1349 1302 atque
1368 1252 1559 1289 emendatas
1581 1254 1668 1290 dedit
1689 1258 1749 1293 cel.

68 1303 145 1338 nck.
175 1305 208 1337 in
230 1303 395 1339 Gnomicis.
408 1305 516 1348 poetis
534 1305 686 1351 graecis,
714 1305 944 1352 Argentorati‚
978 1311 1067 1348 1784.
1092 1310 1121 1346 8.
1147 1318 1181 1354 p.
1200 1312 1259 1351 189
1271 1302 1338 1354 sqq.
1365 1316 1395 1341 et
1416 1321 1448 1356 p.
1466 1318 1525 1349 334
1539 1304 1605 1356 sqq.
1632 1312 1750 1345 crivicis

13 1395 18 1402 ,
49 1357 87 1391 tis
103 1353 287 1392 illustrauit.
340 1353 378 1390 ld
394 1353 536 1405 denique
552 1353 664 1391 adhuc
680 1353 912 1392 adnotandum
932 1355 996 1400 est,
1021 1352 1194 1406 scriptores
1220 1357 1449 1395 ecclesiasticos
1473 1373 1530 1408 per
1552 1363 1640 1408 piam
1661 1359 1749 1397 frau-

14 1448 37 1455 ..
99 1406 292 1444 Menandro
310 1418 367 1443 aut
390 1408 578 1445 Philemoni
603 1405 714 1444 versus
732 1405 904 1444 adfinxiffe
931 1419 1029 1458 atque
1052 1406 1274 1459 supposuiffe,
1308 1411 1422 1461 quibus
1445 1411 1670 1460 ostenderent,
1696 1428 1748 1450 ve-

72 1475 107 1498 m
122 1457 306 1510 sapientum
324 1459 444 1510 placita
465 1475 535 1497 non
553 1461 731 1497 abhorrere
747 1475 765 1497 a
777 1460 950 1497 christiana
965 1459 1150 1511 disciplina.
1177 1462 1241 1498 vid.
1254 1463 1390 1501 Brunck.
1408 1463 1449 1500 ad
1465 1464 1644 1501 Menandri
1661 1464 1749 1516 frag-

56 1524 151 1550 ntum
169 1515 226 1550 lll.
248 1527 280 1562 p.
298 1517 367 1557 336.
389 1512 473 1549 adde
491 1515 619 1549 Ricard.
643 1516 676 1549 in
698 1511 849 1549 versione
875 1515 958 1551 Plut.
980 1515 1101 1564 gallica
1130 1525 1190 1551 etc.
1226 1526 1258 1552 et
1278 1513 1401 1552 lenens.
1425 1517 1663 1567 Epheiiierides
1684 1519 1745 1557 litt.

59 1567 223 1617 lgemeine
235 1568 606 1616 Litteratur-Zeitung.)
621 1564 724 1602 mens.
745 1567 882 1603 octobr.
904 1576 994 1614 1389.
1016 1583 1049 1618 p.
1066 1580 1118 1612 77.
1152 1569 1267 1605 Lamb.
1287 1569 1354 1604 Bos
1374 1569 1688 1607 Animaduerfiones
1712 1575 1747 1607 in

22 1662 29 1667 ·
41 1618 177 1667 enandri
195 1621 414 1668 Fragmenta,
437 1622 471 1654 in
487 1623 553 1655 eius
573 1617 813 1655 Animaduerff.
831 1622 865 1655 in
881 1621 1064 1671 Scriptores
1081 1634 1238 1669 gramm,
1261 1623 1416 1658 Franeck.
1434 1634 1515 1667 1715.
1539 1629 1571 1665 8.
1596 1638 1628 1673 p.
1644 1637 1677 1660 η
1693 1645 1747 1651 —

43 1675 46 1679 ’
69 1683 100 1710 et
124 1674 174 1708 Io.
191 1672 559 1719 Gottfr.Hanptmann
583 1671 623 1708 de
649 1671 840 1708 Menandro
863 1684 962 1724 atque
983 1674 1071 1710 illius
1093 1673 1294 1718 comoediis,
1322 1676 1446 1716 Gerae,
1473 1687 1559 1720 1743.
1580 1689 1611 1720 4.
1665 1678 1744 1713 Ι)υο

53 1730 197 1776 ’,Γωωῐη
213 1722 301 1760 sabb.
323 1725 398 1761 loca
421 1724 612 1761 emendauit
629 1725 782 1761 Valcken.
804 1724 843 1761 ad
867 1725 1017 1776 Euripid.
1038 1725 1199 1763 phoeniss.
1221 1741 1256 1777 p.
1274 1739 1322 1773 59.
1347 1738 1379 1763 et
1392 1740 1458 1771 712.
1510 1729 1626 1765 Multo
1643 1729 1745 1778 plura

39 1816 46 1824 ,
60 1777 159 1815 nand.
181 1778 257 1814 loca
283 1780 420 1828 exponit
441 1781 620 1827 corrigitue
642 1779 831 1814 D'Orville
848 1781 882 1815 in
897 1781 1092 1816 Comment.
1109 1779 1149 1815 ad
1165 1781 1360 1816 Charitona.
1415 1782 1463 1816 Ex
1481 1783 1611 1817 incertis
1626 1779 1744 1818 fabulis

23 1875 26 1880 Ι
105 1845 159 1867 am
176 1833 314 1879 corrigit
325 1829 442 1880 passim
459 1832 564 1876 Toup.
585 1830 626 1866 ad
643 1830 777 1867 Suidam
802 1834 851 1880 (et
867 1831 906 1869 ad
923 1831 1071 1879 Hesych.
1085 1844 1184 1882 atque
1199 1832 1326 1868 Pollae.
1343 1834 1465 1868 Tomo
1483 1835 1539 1868 W.
1563 1833 1614 1870 ed.
1633 1837 1743 1872 oxon.

59 1897 91 1920 0.
116 1887 194 1920 item
209 1886 248 1920 G.
264 1883 455 1920 Wakefield
473 1887 504 1919 in
521 1884 609 1920 Silua
626 1887 706 1920 Crit.
723 1881 798 1920 fasc.
813 1886 834 1918 1.
851 1899 880 1921 c.
897 1898 943 1928 25.
963 1889 1050 1932 47.):
1077 1899 1161 1936 quae
1178 1884 1218 1921 de
1234 1887 1328 1920 certis
1344 1884 1433 1921 idem
1448 1885 1616 1930 iudicauit⁷
1631 1900 1669 1923 ea
1683 1885 1744 1924 suo

56 1929 61 1938 ¹
105 1939 129 1972 is
146 1937 226 1973 loco
241 1934 469 1972 indicabimus.
527 1935 627 1987 Apud
647 1937 843 1977 Strabonem
865 1941 1074 1988 reperiuntur
1094 1938 1221 1988 aliquot
1241 1936 1420 1974 Menandri
1436 1940 1569 1988 Fragm.
1585 1953 1615 1975 e.
1631 1952 1663 1989 g.
1686 1940 1743 1977 lib.

63 2017 73 2026 .
91 2003 124 2040 p.
138 2002 213 2036 ²97·
230 1990 277 2038 (p.
292 2001 358 2036 455.
373 1988 449 2026 edit.
460 1990 600 2036 Almel.)
615 1989 707 2039 quod
725 2004 940 2039 correxexpnt
956 1992 1089 2040 Salmas.
1103 1994 1137 2026 in
1151 1993 1303 2027 Exercitt.
1320 1992 1401 2027 Plin.
1417 2004 1449 2040 p.
1465 2004 1525 2028 112.
1541 1991 1746 2040 edit-‘Vltrah

50 2039 151 2090 Toup.
169 2045 203 2078 in
221 2042 323 2093 Epist.
340 2045 410 2079 crit.
432 2056 508 2093 pag.
523 2055 575 2088 34.
592 2043 669 2079 edit.
687 2040 773 2094 Lips.
804 2044 920 2091 ΗΜΛ]

83 2100 237 2137 *Adriani
257 2101 421 2138 Barlandi
441 2102 573 2138 Scholia
594 2104 629 2138 in
642 2100 822 2138 Menandri
842 2103 1001 2139 Carmina
1022 2100 1090 2138 flue
1111 2101 1198 2139 dieta
1222 2112 1391 2138 memorat
1411 2101 1570 2138 Valerius
1585 2102 1745 2140 Andreae

72 2154 150 2190 'oth.
167 2154 259 2203 Belg.
278 2168 310 2204 p.
329 2167 394 2199 105.
449 2155 607 2205 Pleraque
625 2158 725 2191 etiam
738 2155 971 2197 Monosticha,
996 2169 1079 2205 quae
1094 2154 1182 2205 apud
1198 2156 1356 2191 Grotium
1378 2153 1445 2191 fine
1469 2158 1608 2192 nomine
1626 2155 1743 2206 legun·

59 2216 79 2249 ‚·
92 2204 132 2242 ad
149 2205 377 2242 Menandrum
394 2205 565 2243 referenda
580 2205 643 2244 effe
654 2236 664 2251 ,
692 2207 836 2243 intellexi
852 2221 890 2244 ex
907 2208 1106 2244 collectione
1128 2205 1361 2244 sententiarum
1385 2207 1565 2245 Menandri
1589 2209 1742 2259 alphabe-

32 2269 80 2301 κ,
99 2271 199 2308 quam
214 2273 318 2295 manu
335 2270 501 2296 exaratam
517 2260 628 2297 euolui
646 2263 680 2296 in
694 2260 890 2298 bibliotheca
913 2259 1074 2297 Gudiana:
1107 2258 1211 2308 [conf.
1228 2258 1323 2311 supra
1341 2260 1396 2297 lib.
1413 2262 1453 2297 11.
1478 2275 1547 2312 cap.
1563 2275 1605 2298 n.
1619 2276 1652 2312 p.
1670 2273 1741 2306 743.

0 2311 16 2348 'i
47 2308 214 2347 censorem
231 2311 308 2349 edit.
322 2312 442 2348 Clerici
459 2316 494 2350 in
506 2316 577 2352 Αᾶ.
591 2312 718 2350 Erudit.
736 2326 823 2358 ¹7¹0·
843 2329 876 2364 p.
893 2326 955 2358 ¹¹3-
978 2316 1034 2363 qui
1056 2312 1097 2349 ad
1121 2312 1279 2350 eumdem
1302 2312 1380 2350 eod.
1399 2313 1743 2365 Gudianumprouo·

0 2373 18 2398 ”,
35 2370 56 2397 tt
77 2373 108 2399 et
127 2363 242 2400 eadem
265 2367 369 2415 paene
391 2363 508 2402 scribit.
564 2368 616 2402 An
637 2368 803 2402 Fabricius
826 2381 959 2417 quoque
981 2365 1044 2402 fuit
1069 2364 1205 2402 censor?
1238 2380 1320 2402 num
1338 2380 1417 2403 vero
1439 2367 1650 2404 monosticha
1673 2367 1742 2412 illa,

0 2416 15 2450 ὐ
36 2425 85 2451 lae
97 2415 190 2453 valde
206 2429 332 2454 mutata
346 2417 489 2455 reddidit
507 2420 650 2455 Brunck.
671 2422 706 2455 in
721 2421 895 2456 Gnomicis
910 2430 997 2467 poet.
1013 2432 1065 2468 gr.
1081 2433 1112 2469 p.
1134 2431 1188 2454 221
1206 2417 1273 2470 sqq.
1289 2431 1320 2456 et
1335 2434 1368 2471 p.
1386 2432 1448 2466 344
1463 2417 1533 2471 sqq.
1556 2419 1742 2466 illustrauit,

811 2474 852 2509 M
861 2485 896 2508 m
913 2486 948 2507 in
978 2482 996 2506 2
1427 2509 1429 2511 ,
1621 2475 1740 2509 cundia
