2183 2747
469 129 471 131 ’
505 134 822 175 PYTHAGORAE
851 133 1012 173 AETAs.
1055 136 1337 176 131>1METR0N
1364 139 1407 176 11.
1497 140 1728 183 Lustra.
1809 157 1862 193 755

108 232 178 271 LX.
199 234 232 269 in
252 230 379 269 Italiam
398 231 580 283 migrasse]
636 233 728 270 Idem
748 235 870 284 Cor-fin.
889 233 966 271 ibid.
991 247 1022 284 p.
1040 246 1104 279 152.
1129 237 1296 283 opinatur,
1325 236 1550 286 Pythagoram
1568 252 1586 273 e
1601 242 1681 274 vinis
1699 241 1860 279 exceffiffe

108 288 251 335 Olymp.
268 287 398 323 LXXII.
419 290 452 333 ἦ.
483 290 523 323 V.
541 290 579 324 C.
596 289 670 323 266.
685 300 755 336 per.
773 288 832 326 Iul.
850 302 879 323 a.
894 299 983 335 42²5·
1011 289 1136 323 Nititur
1157 301 1237 323 vero
1261 287 1453 324 testimonio
1470 290 1585 336 Iustini
1602 293 1670 328 XX.
1684 306 1715 337 4.
1743 297 1861 340 Pytha.

107 351 228 388 goram
246 341 397 376 Crotone
414 353 470 389 per
486 340 554 375 XX.
570 353 677 375 annos
697 337 837 390 degisse:
864 342 941 376 hinc
958 339 1099 389 colligit,
1127 339 1151 375 fi
1171 343 1360 378 Crotonem
1377 341 1541 390 adpulerit
1564 343 1708 395 Olymp.
1726 348 1857 385 van.

106 402 139 438 3.
169 391 265 441 ipsius
282 395 449 428 interitum
463 391 605 428 debuiffe
621 392 763 441 Olymp.
783 394 909 428 Lxxu.
925 391 1111 441 contigiffe.
1165 395 1338 430 Memorat
1353 404 1464 430 tamen
1479 394 1607 432 Eusebii
1620 412 1757 448 quoque
1779 400 1861 437 tessi-

107 447 267 481 monium
284 443 381 495 supra
395 444 555 489 adlatum,
583 444 823 495 philosophum
839 444 954 482 obiilse
969 447 1051 484 ἐτῶν
1070 446 1129 494 SE,
1157 449 1186 484 οἱ
1200 442 1244 494 δὲ,
1272 451 1316 486 Ze.
1342 449 1412 485 h.e.
1430 460 1530 483 annm
1544 454 1798 502 nntu21195‚ſs11e‚
1825 462 1861 489 vt

107 499 166 533 alii
179 498 403 542 tradiderunt,
428 511 470 542 75.
485 519 533 526 -—
549 499 684 545 Iackfim
701 501 734 534 in
751 499 1020 549 Chronological
1036 502 1251 548 Antiquities,
1284 499 1353 536 vol.
1372 502 1412 535 ll.
1433 513 1466 550 p.
1490 513 1563 547 374.
1586 501 1654 538 fiue
1677 503 1860 544 secundum

105 548 305 587 theotiscam
319 550 533 587 Windhemii
549 550 733 588 verfiouem
751 565 782 600 p.
799 554 859 596 614
874 550 942 602 sqq.
955 551 1008 587 vbi
1022 551 1062 588 de
1078 554 1283 602 Pythagorae
1299 563 1402 590 aetate
1420 556 1496 604 agit,
1516 558 1663 603 primum
1674 558 1860 596 Bentleium

107 614 141 641 ct
155 603 279 649 Lloyd,
308 609 364 653 qui
382 603 471 640 diem
488 602 681 653 philosophi
699 604 840 640 natalem
859 605 1029 641 collocant
1047 607 1079 640 in
1095 605 1236 655 Olymp.
1254 608 1367 642 XLlH.
1385 618 1417 650 4.
1448 617 1523 642 ante
1543 610 1582 643 C.
1607 611 1649 646 N.
1675 614 1748 656 605.
1780 611 1858 648 ideo

108 659 224 700 reiicit,
251 661 412 706 quoniam
428 655 587 693 consensu
602 660 758 693 omnium
774 667 922 694 veterum
945 657 1168 703 Pherecydes,
1198 669 1292 694 natus
1315 670 1390 695 ante
1407 660 1448 696 C.
1471 660 1516 696 N.
1542 663 1625 697 600.
1653 663 1862 714 Pythagorae

108 709 265 759 magister
280 707 388 746 fuerit.
406 713 434 746 A
450 709 628 746 Dodxvelli
645 711 822 746 rationibus
833 713 970 760 propius
987 710 1085 754 abest,
1108 724 1164 747 eos
1179 708 1346 761 sequutuS‚
1367 715 1425 762 qui
1446 712 1666 756 tradiderunt,
1692 719 1861 768 Pythago-

109 776 183 799 ram
199 775 289 798 anno
304 766 414 798 aetatis
431 765 545 799 XLlV.
561 773 636 799 ante
651 765 691 800 C.
708 764 749 799 N.
773 775 834 810 525.
849 778 868 798 a
883 761 1063 808 Cambyse,
1093 775 1251 813 occupata
1267 767 1435 814 Aegypto,
1461 777 1595 815 captum
1616 779 1650 804 et
1673 769 1859 816 Babylona,

110 815 198 851 vnde
215 814 287 864 post
303 829 408 852 annos
426 817 496 852 XII.
514 831 542 852 a.
562 827 624 852 aet.
640 819 690 861 56,
706 826 780 850 ante
799 818 838 851 C.
857 817 899 852 N.
917 829 984 861 514.
1005 814 1142 852 rediilset
1157 819 1314 859 Samum,
1340 815 1400 853 esst:
1424 816 1573 854 ductum.
1632 823 1741 870 Qare
1763 827 1860 860 ratio.

109 869 208 904 nibus
236 865 401 904 subductis
430 879 541 917 putat,
588 870 811 917 Pythagoram
842 880 958 904 natum
984 867 1046 905 effe
1076 869 1219 918 Olymp.
1243 871 1312 906 Lll.
1335 882 1368 914 4.
1406 881 1481 906 ante
1501 873 1565 908 Ch.
1588 874 1629 912 N.
1652 881 1725 920 569.
1760 886 1858 926 atque

109 920 254 969 Olymp.
272 922 386 956 LXVI.
402 933 433 965 4.
459 932 534 957 ante
548 923 587 956 C.
606 922 649 957 Ν.
665 933 726 967 513.
747 921 860 957 relicta
875 924 989 963 Samo,
1019 921 1050 957 se
1065 920 1236 958 contuliffe
1258 924 1411 958 Crotona
1428 932 1470 965 et,
1497 925 1616 960 exactis
1635 927 1680 962 ibi
1702 931 1795 964 annis
1813 933 1860 965 vi·

109 975 204 1023 giuti,
229 986 258 1008 a.
275 976 386 1009 aetatis
402 985 452 1017 77.
469 974 610 1022 Olymp.
629 975 742 1010 LXXI.
760 986 792 1018 4.
809 985 883 1010 ante
898 976 938 1009 C.
954 977 997 1011 N.
1011 987 1088 1021 493.
1117 976 1367 1024 Metapontum,
1395 976 1447 1010 vbi
1473 988 1580 1012 annos
1597 984 1778 1030 nonaginta
1803 995 1859 1018 na.

108 1035 173 1066 tus,
201 1024 344 1075 Olymp.
361 1027 493 1062 LXXV.
510 1039 538 1066 2.
556 1036 629 1062 ante
648 1027 685 1066 C.
702 1028 743 1063 N.
757 1038 834 1074 479.
847 1037 1000 1063 mortuus
1017 1026 1063 1067 stt,
1116 1027 1153 1063 ln
1173 1041 1262 1064 anuo
1280 1031 1378 1078 igitur
1393 1030 1511 1064 mortis
1541 1030 1772 1070 constituendo
1797 1033 1859 1071 dis-

109 1077 198 1115 cedit
210 1093 229 1114 a
244 1077 373 1114 calculo
387 1078 574 1116 Dodwelli.
604 1100 655 1107 —
681 1081 853 1115 Harduini
874 1078 1045 1122 sententia,
1072 1083 1107 1115 in
1123 1083 1248 1119 Chron.
1265 1091 1328 1116 vet.
1343 1080 1551 1117 Testamenti
1563 1111 1573 1125 .,
1600 1081 1694 1124 Paris,
1716 1090 1810 1133 1699,
1827 1100 1858 1132 4,

108 1130 150 1167 ad
166 1145 293 1167 annum
311 1135 382 1170 661.
397 1142 471 1168 ante
484 1131 654 1169 Christum
673 1147 707 1183 p.
726 1145 783 1180 90.
810 1132 871 1169 illo
886 1146 977 1169 anno
993 1134 1220 1183 Pythagoram
1243 1133 1465 1169 astronomica
1487 1131 1597 1170 fecisse
1613 1139 1756 1182 inuenta,
1782 1137 1860 1176 soli-

108 1182 155 1220 do
173 1182 320 1220 destituta
336 1184 382 1220 est
397 1182 629 1222 fundamento.
657 1207 709 1213 —-
732 1187 895 1221 Stanln'us
914 1188 949 1221 in
964 1185 1114 1221 Historia
1130 1183 1248 1236 philos.
1268 1188 1324 1236 qui
1342 1197 1432 1234 parte
1441 1187 1528 1224 Vffl.
1549 1202 1567 1222 a
1579 1201 1614 1237 p.
1632 1193 1698 1227 260
1719 1212 1772 1218 —
1787 1205 1858 1240 4²3·

110 1250 128 1274 e
145 1235 297 1273 versione
314 1237 367 1273 lat.
384 1238 506 1274 Olearii
522 1249 554 1274 et
568 1237 714 1275 editione
734 1241 862 1275 Veneta
876 1251 965 1283 1731.
982 1251 1014 1283 4.
1042 1237 1258 1289 persequutus
1271 1242 1370 1274 vitam
1389 1252 1596 1289 omnemque
1608 1241 1780 1280 historiam
1797 1247 1859 1292 Py.

108 1291 269 1340 thagorae
283 1293 416 1340 eiusque
431 1288 576 1336 scholae,
603 1305 674 1341 cap.
691 1293 746 1329 IX.
767 1302 799 1327 et
816 1293 856 1328 X.
873 1305 906 1341 p.
918 1304 991 1337 274.
1006 1292 1153 1341 putabat,
1179 1306 1258 1328 eum
1273 1305 1343 1328 non
1358 1303 1472 1328 natum
1490 1290 1552 1328 effe
1565 1304 1640 1330 ante
1658 1309 1785 1333 annum
1793 1301 1862 1347 pri-

108 1356 206 1379 mum
228 1343 373 1392 Olymp.
389 1344 473 1380 Lm.
501 1365 553 1372 —
578 1347 630 1381 Ne
644 1345 843 1395 loquacitate
864 1343 1008 1394 quadam
1023 1342 1228 1394 obscuraque
1246 1343 1414 1395 diligentia
1434 1343 1611 1395 defatigem
1637 1346 1790 1393 lectores,
1817 1349 1860 1387 de

108 1395 166 1433 lite
185 1395 240 1432 illa
257 1395 390 1439 celebri,
405 1399 489 1432 inter
502 1396 740 1441 Dodwellum‚
766 1396 951 1443 Lloydium
965 1408 997 1434 et
1006 1398 1190 1434 Bentleium
1202 1408 1285 1437 orta,
1302 1400 1412 1447 paucis
1431 1408 1556 1434 tantum
1575 1413 1670 1449 agam
1685 1413 1691 1437 :
1716 1404 1751 1437 in
1769 1405 1862 1440 cuiue

109 1452 319 1485 enarratione
334 1463 375 1485 eo
391 1450 535 1486 breuiori
551 1451 636 1486 mihi
651 1449 716 1487 esse
737 1450 832 1491 licet,
866 1448 957 1501 quod
983 1451 1126 1487 Clericus
1148 1454 1215 1486 iam
1240 1453 1275 1487 in
1301 1450 1501 1487 bibliotheca
1524 1449 1640 1488 selecta
1663 1463 1745 1490 tom.
1764 1457 1805 1492 X.
1829 1467 1861 1493 et

109 1502 262 1550 Mefineis
280 1502 301 1540 l.
316 1516 362 1540 m.
381 1516 413 1551 p.
433 1509 498 1546 308
513 1522 564 1530 -—·
578 1510 651 1547 338.
668 1506 924 1540 triumuirorum
942 1503 1079 1539 illorum
1100 1513 1296 1553 argumenta
1313 1501 1545 1540 recensuerunt
1559 1515 1590 1540 et
1605 1509 1857 1546 examinarunt:

109 1554 369 1591 Dodwellianae
387 1553 613 1605 disputationis
628 1554 796 1592 summam
817 1552 989 1605 proposuit
1004 1567 1035 1592 et
1052 1554 1224 1592 adsensum
1243 1553 1337 1592 suum
1347 1555 1520 1592 Dodwelli
1537 1559 1753 1606 opinionibus
1762 1564 1860 1598 ratio-

111 1608 274 1656 nibusque
293 1607 439 1657 praebuit
454 1611 506 1644 lo.
523 1609 718 1656 Franciscus
734 1609 895 1645 Budaeus
912 1611 946 1643 in
960 1606 1065 1645 Praef.
1089 1608 1130 1645 ad
1154 1609 1299 1644 analecta
1322 1607 1476 1644 historiae
1497 1609 1746 1660 philosophicae
1769 1627 1800 1663 p.
1817 1628 1858 1651 10

109 1657 184 1709 sqq.
211 1662 370 1696 Bruckcr.
385 1673 465 1697 vero
480 1663 515 1696 in
532 1661 617 1701 Hist.
635 1664 704 1698 crit.
719 1660 950 1711 philosophiae
971 1662 1039 1698 vol.
1059 1662 1082 1698 Ι.
1105 1675 1139 1712 p.
1155 1674 1232 1708 997.
1257 1660 1392 1707 Lloydii
1413 1672 1445 1698 et
1468 1661 1638 1699 Dodwelli
1662 1668 1806 1703 rationes
1825 1670 1860 1703 in

111 1712 220 1748 tabula
238 1711 381 1761 quadam
398 1714 644 1764 chronologica
659 1713 794 1751 collatas
809 1712 998 1764 proposuit,
1025 1724 1123 1764 atque
1135 1712 1310 1750 Dodxvelli
1335 1713 1543 1764 potiffimum
1565 1730 1603 1750 ac
1624 1716 1763 1754 Bentleii
1780 1719 1861 1756 iudi.

113 1767 164 1799 cia
180 1774 212 1799 et
225 1775 420 1814 argumenta
433 1769 564 1803 vocauit
581 1764 639 1802 sub
658 1781 814 1804 examen.
867 1766 918 1802 Illi
935 1778 1047 1803 tamen
1061 1765 1195 1813 Lloydii
1219 1770 1362 1802 rationes
1385 1766 1488 1816 longe
1512 1771 1679 1815 grauiores
1705 1779 1736 1805 et
1755 1771 1860 1808 verifi-

113 1815 264 1853 mitiores
282 1815 432 1853 videntur
448 1817 704 1856 Dodwellianis.
756 1818 836 1856 Illae
852 1821 955 1864 enim,
970 1822 1015 1855 ait
1028 1820 1182 1863 Brueker‚
1210 1832 1288 1855 cum
1304 1830 1450 1855 veterum
1465 1820 1702 1858 historicorum
1715 1824 1861 1872 grauiffi.

114 1881 251 1904 morum
270 1879 431 1917 computo
448 1874 665 1913 conueniunt,
692 1885 761 1920 quo
778 1875 839 1908 iter
854 1875 1100 1921 Aegyptiacum
1119 1873 1327 1920 Pythagorae
1341 1874 1375 1907 in
1390 1871 1531 1920 Olymp.
1550 1875 1632 1909 LIII.
1656 1887 1673 1909 2
1693 1876 1744 1911 vel
1759 1889 1786 1920 3.
1811 1880 1859 1913 in.

113 1919 212 1956 cidit:
238 1918 270 1956 id
287 1930 398 1956 tamen
415 1923 509 1957 vnice
524 1935 642 1958 verum
657 1922 830 1965 existimat,
855 1926 914 1970 (vti
931 1926 1124 1968 fabricius.)
1151 1926 1378 1974 Pythagoram
1395 1935 1468 1961 ante
1486 1925 1626 1974 Olymp.
1641 1929 1756 1965 XLIH.
1771 1941 1804 1974 4,
1829 1940 1862 1966 et

114 1972 190 2023 post
206 1973 346 2023 Olymp,
365 1975 433 2009 Lll.
450 1986 480 2017 4.
496 1985 611 2010 natum
628 1987 700 2010 non
716 1972 788 2010 csse.
845 1975 1102 2013 Dodwellianas
1125 1987 1236 2013 autem
1260 1979 1400 2013 rationes
1422 1976 1564 2012 infirmis
1583 1981 1779 2030 incertisque
1798 1985 1859 2019 niti

114 2027 330 2076 argumentis,
347 2039 383 2062 ac
399 2025 602 2069 testimoniis,
619 2025 691 2076 post
701 2027 900 2071 Bentleium‚
916 2029 1070 2066 Brucker.
1088 2027 1244 2066 Meiners.
1258 2029 1609 2080 Tiedemann.aliique
1624 2031 1753 2070 abunde
1767 2049 1861 2073 com·

114 2077 352 2116 monstrarunt.
405 2080 458 2114 De
470 2079 540 2121 lite,
554 2082 637 2114 inter
655 2078 802 2116 eruditos
818 2078 980 2118 societatis
996 2085 1104 2131 regiae
1122 2080 1285 2118 Parissnae
1302 2081 1467 2130 collegaS‚
1492 2081 1534 2118 de
1556 2083 1587 2119 la
1601 2086 1716 2122 Nauze
1732 2099 1764 2123 et
1785 2090 1860 2125 Fre-

112 2142 237 2174 ntum,
264 2140 336 2168 orta
350 2141 444 2180 atque
460 2134 589 2179 agitata,
614 2130 688 2180 post
706 2132 788 2168 haec
802 2132 896 2169 locus
917 2137 978 2170 erit
999 2132 1181 2171 disserendi.
1245 2135 1366 2169 Omnis
1390 2148 1470 2170 vero
1492 2137 1737 2174 controuersiae
1758 2140 1859 2178 cardo

113 2182 323 2234 potiffimum
338 2186 387 2220 his
404 2187 539 2219 vertitur
557 2183 799 2231 quaestionibus
815 2198 825 2220 z
862 2186 915 2231 A)
943 2187 1037 2222 Num
1055 2189 1254 2235 Pythagoras
1271 2186 1362 2234 pugil
1376 2188 1623 2237 eththagoras
1639 2190 1862 2241 philosophus

115 2251 199 2274 vnus
216 2235 386 2286 idemque,
410 2250 451 2271 an
466 2235 584 2272 diuersi
599 2233 721 2272 fuerint
746 2238 922 2272 homines?
958 2240 1048 2275 Prius
1076 2243 1191 2274 acriter
1212 2238 1382 2274 contendit
1405 2240 1588 2281 Beothius,
1621 2242 1743 2280 indicio
1765 2256 1863 2296 atque

116 2291 309 2326 auc‘loritate
326 2288 549 2335 Emtcfflimis
564 2288 649 2338 apud
667 2289 771 2323 Laert.
789 2290 858 2324 ux.
879 2287 982 2338 segm.
999 2304 1053 2336 47.
1072 2292 1124 2325 vbi
1140 2305 1168 2326 ν.
1191 2292 1327 2340 Menag.
1348 2301 1460 2327 motus
1486 2294 1535 2328 vel
1558 2298 1668 2342 potius
1693 2295 1861 2347 deceptus,

115 2344 356 2393 Pythagoram,
381 2345 414 2376 in
432 2340 566 2390 ephebis
583 2354 688 2390 quum
705 2339 814 2376 adhuc
831 2339 920 2384 effer,
948 2344 983 2377 in
1005 2343 1236 2378 certaminibus
1261 2343 1444 2393 olympicis
1474 2345 1615 2395 Olymp.
1643 2349 1792 2388 XLVIII.
1818 2356 1864 2388 vi.

117 2396 257 2432 <storiam
275 2391 462 2443 reportasse.
517 2392 677 2429 Posterius
693 2404 811 2429 contra
828 2392 1030 2430 firmioribus
1046 2392 1091 2429 vsi
1113 2398 1315 2445 argumentis
1331 2398 1498 2433 euicerunt
1515 2399 1734 2441 Dodwellus,
1761 2402 1865 2450 Lloy-

117 2447 202 2490 dius,
227 2449 380 2484 Brucker.
395 2460 429 2497 p.
449 2458 533 2494 999.
547 2455 619 2483 not.
636 2446 658 2484 1.
675 2445 930 2485 Tiedemannus
947 2460 982 2497 p.
995 2458 1062 2492 225.
1083 2447 1215 2497 aliique.
1267 2450 1318 2496 B)
1344 2451 1438 2501 Qos
1454 2451 1601 2490 habuerit
1615 2460 1867 2506 praeceptores?

1048 2501 1261 2538 Ccccca
1776 2511 1870 2546 Haec
