2071 2747
205 95 420 131 ORIGINES
447 93 692 130 LIBRORVM
720 95 991 131 SPVRIORVM
1014 95 1323 133 HIPPOCRATIS
1347 98 1483 138 LJMI.
1501 100 1689 154 QXXHI.
1717 117 1769 154 5¹5

17 202 94 227 mm
117 192 288 230 virorum,
319 191 375 239 qui
397 190 642 238 Hippocratem
664 193 865 240 interpretati
891 188 982 232 sunt,
1014 192 1159 227 Erotiani
1181 203 1278 242 atquc
1303 194 1440 240 Caleni,
1476 201 1598 247 partim
1619 212 1698 236 vero
1723 215 1764 238 ex

14 245 26 280 ι’
51 240 105 284 so.
132 241 223 293 quod
243 245 274 277 in
293 244 327 276 ii>
343 247 576 292 pertractatur,
603 255 823 291 argumento,
848 242 1086 292 intelliguntur.
1138 246 1253 280 Minus
1275 251 1409 294 genuini
1436 248 1526 293 libri,
1553 251 1605 287 vel
1632 253 1672 287 ab
1693 253 1764 289 aliis

29 298 144 346 cripti,
168 296 219 330 vel
241 293 347 344 scripti
364 294 499 354 quidem
515 295 553 330 ab
576 296 803 344 Hippocrate,
832 293 884 331 scd
910 310 980 332 non
1002 295 1095 336 ideo,
1122 307 1156 333 vt
1178 298 1301 347 publici
1328 303 1406 335 iuris
1429 303 1560 345 fierent,
1584 302 1764 342 immisceri

14 349 168 398 operibus
184 349 399 396 Hippocratis
417 345 513 383 facile
528 357 717 396 potuemnt.
773 350 1015 398 Hippocratem
1040 346 1146 398 ipsum
1172 352 1205 385 in
1225 349 1414 388 aduersariis
1442 352 1502 390 suis
1521 355 1667 405 plurima
1681 371 1764 395 con.

14 398 130 438 didiss'e
149 399 192 436 ad
215 401 416 436 morborum
442 401 634 443 historiam,
662 403 894 449 cognitionem
916 412 1013 451 atque
1034 405 1260 444 curationem,
1287 406 1321 439 in
1341 408 1458 454 primis
1484 407 1522 444 ad
1540 407 1706 460 praesagia
1727 414 1764 448 in

14 453 141 491 morbis
158 455 373 502 pertinentia,
401 454 508 490 velex
525 452 599 504 ipsis
612 455 680 489 eius
698 453 786 489 libris
802 455 921 504 liquet,
949 458 982 489 in
1004 455 1119 504 quibus
1140 469 1210 491 non
1231 453 1320 493 sacili
1342 469 1440 508 atque
1452 458 1593 509 sugitiua
1611 461 1765 500 obserua,

14 508 106 543 tione
129 503 354 555 adsequenda,
387 503 440 542 sed
462 509 597 556 repetita
621 517 717 556 atque
743 506 815 554 post
837 505 1030 556 diligentem
1057 511 1346 557 comparationem
1368 510 1505 548 demum
1528 527 1591 563 pro
1606 518 1688 550 veris
1704 515 1765 553 ssa-

14 557 136 596 tuenda
157 570 402 609 proponuntur.
456 560 505 594 Ex
530 561 599 597 his,
625 572 708 608 quae
729 559 950 608 Hippocrates
973 561 1171 608 collegerat,
1199 561 1318 610 posteri
1339 577 1410 599 non
1431 579 1536 615 pauca
1559 565 1691 604 edidiss'e
1715 572 1762 604 vi-

15 611 152 652 dentur,
176 614 210 646 in
234 614 367 660 primis,
391 625 474 661 quae
499 611 538 647 ad
564 611 711 647 historias
732 612 931 647 morborum
955 623 985 647 et
1011 612 1050 647 ad
1072 610 1237 662 praesagia
1256 617 1429 662 pertinent.
1484 620 1526 654 Et
1544 620 1609 655 hoc
1625 619 1763 669 quidem

14 662 122 700 modo
136 665 339 700 morborum
354 665 573 716 popularium
589 664 662 700 libri
679 661 790 715 spurii,
808 662 833 701 ss
848 678 920 701 non
937 679 1066 709 omnes,
1095 677 1228 716 quartus
1245 665 1354 705 saltim
1367 680 1464 720 atque
1481 668 1600 716 sextus,
1612 675 1680 710 uati
1698 671 1763 710 effe

13 715 177 753 videntur.

117 798 174 831 vl.
201 793 359 833 Exssitiss'e
380 798 448 832 iam
476 807 550 833 ante
572 798 788 844 Hippocratis
811 805 965 847 tempora
984 798 1085 834 libros
1105 797 1331 844 medicinales,
1355 796 1449 850 supra
1465 801 1701 850 probauimus‚
1728 812 1763 841 et

13 861 132 885 eorum
152 848 287 898 quidam
303 849 526 885 voluminibus
542 863 683 899 operum
703 851 917 900 Hippocratis
936 848 1042 886 inserti
1060 849 1122 888 esse
1141 852 1310 894 videntur,
1338 852 1428 902 quod
1453 852 1560 890 saltim
1583 854 1624 891 de
1647 859 1764 906 primo

11 901 98 938 fibro
110 902 358 950 praesagiorum
375 914 407 938 et
424 901 464 938 de
483 903 595 939 Cumis
608 904 872 948 praenotionihus
890 905 1086 946 Grimmius,
1113 907 1182 941 Vir.
1203 905 1250 941 Ill.
1268 903 1332 949 ⁴⁹¹³)
1351 916 1452 953 putat.
1507 906 1610 957 Ipsius
1626 922 1764 958 quoque

10 955 229 1004 Hippocratis
244 968 371 990 nomen
389 954 486 990 multi
505 955 623 990 medici
640 966 714 991 ante
729 958 841 991 Coum
859 954 1007 991 nostrum
1024 969 1055 992 et
1072 957 1144 1006 post
1162 971 1257 1000 eum,
1285 958 1486 1000 habuerunt,
1515 973 1662 1009 quorum
1687 958 1763 997 scri.

9 1018 67 1058 pta
91 1021 165 1043 vere
189 1008 420 1057 Hippocrateis
445 1008 563 1057 posteri
590 1005 685 1044 facile
707 1006 978 1044 aduumerarunt.
1033 1009 1157 1045 Medici
1181 1024 1219 1046 ex
1239 1013 1310 1046 Coa
1334 1010 1524 1046 medicinali
1549 1009 1660 1049 schola
1677 1013 1764 1049 aliis-

36 1074 96 1100 ue,
127 1074 210 1110 quae
233 1059 421 1097 doctrinam
446 1063 660 1111 Hrppocratis
683 1059 811 1097 seruare
841 1062 1071 1110 perhibebant.
1110 1077 1127 1097 a
1161 1065 1381 1112 praeceptoris
1411 1061 1457 1098 sui
1484 1064 1612 1113 placitis
1639 1062 1761 1112 senfim

9 1073 242 1154 desciscentes,
268 1124 300 1150 et
320 1113 592 1163 dogmaticorum
614 1111 716 1150 sectae
740 1113 861 1150 addicti
876 1117 992 1150 etiam.
1022 1113 1112 1164 quod
1136 1113 1219 1151 infra
1238 1116 1470 1165 probabimuS,
1496 1118 1530 1151 in
1548 1115 1761 1167 singuloruni

9 1163 174 1201 librorum
199 1169 427 1209 enarratione,
455 1167 556 1203 libros
579 1164 862 1216 conscripserunt,
892 1170 947 1216 qui
970 1163 1026 1202 sub
1051 1168 1265 1217 Hippocratis
1286 1171 1424 1204 nomine
1450 1169 1609 1218 prostant.
1678 1172 1761 1208 Non

10 1220 108 1267 pauci
126 1232 261 1268 quoque
278 1219 369 1262 libri,
399 1222 452 1269 qui
470 1222 667 1269 Hippocrati
688 1217 934 1261 adscribuntur,
963 1233 981 1254 a
999 1220 1073 1255 filiis
1090 1222 1324 1270 Hippocratis,
1353 1224 1386 1256 in
1406 1224 1521 1271 primis
1535 1237 1552 1257 a
1573 1235 1700 1271 genero
1720 1223 1759 1260 il·

9 1271 73 1318 lius
92 1271 216 1318 Polybo
232 1273 327 1314 Coo,
349 1270 524 1321 conscripti
543 1271 712 1313 feruntur,
741 1275 815 1322 qui,
841 1269 864 1306 Γι
882 1271 1011 1308 Galeno
1026 1272 1090 1308 vlla
1106 1273 1187 1308 fides
1204 1273 1267 1316 est,
1291 1274 1477 1323 permultos
1494 1274 1612 1317 libros,
1640 1289 1679 1311 ex
1705 1278 1757 1312 iis-

10 1335 76 1373 que
93 1322 256 1373 quosdam
275 1338 313 1359 ex
333 1323 519 1361 domesticis
532 1328 750 1375 Hippocratis
767 1327 1015 1361 commentariis
1033 1323 1142 1360 edidit.
1195 1327 1290 1361 Liber
1307 1328 1551 1375 Hippocrateus
1575 1329 1614 1362 de
1623 1327 1760 1374 fhlubri

9 1375 117 1411 diaeta
133 1375 262 1421 Polybo
281 1373 481 1414 adscribitur.
542 1377 688 1426 Thrffialo
705 1389 801 1427 atque
816 1379 983 1417 Draconi,
1008 1379 1223 1426 Hippocratis
1245 1377 1338 1421 filiis,
1366 1393 1427 1414 nec
1451 1392 1520 1414 non
1544 1380 1759 1425 Hippocrati,

9 1431 122 1478 nepoti
142 1430 357 1478 Hippocratis
373 1431 512 1478 Magni,
537 1430 672 1479 quidam
698 1431 770 1466 libri
792 1431 1010 1479 Hippocratei
1032 1428 1182 1478 adscripti
1206 1427 1290 1467 sunt.
1343 1430 1490 1479 Qidam
1507 1434 1605 1467 etiam
1624 1434 1758 1482 Hippo·

8 1483 106 1517 eratis
123 1482 195 1517 libri
211 1481 348 1517 medicis
363 1495 403 1518 ex
419 1479 529 1517 schola
548 1481 665 1518 Cnidia
682 1479 918 1521 adscribuntur.
972 1485 1099 1518 Verum
1124 1496 1227 1532 quum
1240 1512 1250 1526 ,
1275 1497 1438 1533 quaenam
1460 1483 1578 1532 placita
1608 1485 1758 1522 habuerit

9 1542 43 1570 et
58 1534 254 1584 quibusnam
273 1547 290 1569 a
308 1535 382 1570 Coa
398 1536 614 1583 Hippocratis
632 1532 744 1570 schola
766 1532 951 1577 discesserit,
975 1537 1117 1571 minime
1139 1533 1273 1578 sciatur,
1304 1538 1403 1585 (quae
1423 1539 1511 1573 enim
1536 1534 1602 1585 ipse
1622 1539 1757 1588 Hippo.

9 1597 113 1622 crates
136 1585 178 1622 de
199 1585 399 1623 Cnidiorum
423 1587 548 1637 placitis
571 1590 604 1622 in
625 1587 710 1624 libro
732 1586 773 1623 de
796 1586 900 1623 diaeta
925 1598 1100 1623 acutorum
1124 1585 1272 1637 profert,
1298 1587 1387 1624 haud
1412 1588 1517 1624 multa
1540 1587 1638 1636 sunt,)
1659 1588 1756 1627 facile

28 1636 31 1638 ’
53 1648 110 1682 tet,
123 1641 179 1675 vix
197 1651 325 1675 certum
341 1637 405 1676 esse
421 1638 512 1690 polse
528 1639 688 1676 iudicium
706 1639 747 1676 de
762 1639 863 1683 libra,
885 1642 1085 1691 Hippocrati
1099 1638 1279 1691 adscriptis,
1306 1655 1325 1676 a
1340 1640 1474 1677 medicis
1489 1655 1568 1678 vero
1582 1655 1622 1679 ex
1637 1642 1756 1681 Cnidia

41 1691 121 1728 hola
146 1690 274 1728 medica
292 1690 494 1743 conscriptis.

117 1770 190 1806 VH.
208 1771 252 1806 Et
269 1771 349 1806 haec
364 1769 500 1821 quidem
516 1769 558 1807 de
573 1770 810 1821 antiquioribus
828 1771 916 1806 libris
932 1768 1152 1819 supposititiis.
1163 1772 1361 1822 Hippocrati
1378 1769 1555 1822 adscriptis,
1570 1775 1754 1821 generatim

35 1823 42 1831 ⁰
77 1837 95 1858 a
114 1820 220 1859 sunto.
274 1825 368 1872 Qae
389 1821 431 1859 de
450 1823 586 1873 singulis
610 1824 697 1859 libris
715 1822 851 1859 dicenda
876 1821 967 1867 sunt,
991 1823 1175 1860 commode
1200 1823 1284 1860 infra
1308 1825 1593 1875 pertraciabuntur
1613 1840 1631 1861 a
1647 1826 1754 1868 nobis,

57 1876 156 1924 gulos
179 1875 278 1911 libros
302 1878 548 1925 Hippocrateos
571 1874 820 1912 recensentibus.
877 1875 1048 1925 Qasdam
1071 1876 1149 1912 alias
1169 1875 1298 1920 causas,
1326 1891 1410 1927 quae
1437 1875 1595 1924 effecere,
1622 1888 1657 1913 vt
1679 1878 1754 1915 libri

47 1926 232 1971 edicinales,
247 1929 286 1964 ab
301 1929 370 1964 aliis
384 1926 573 1979 conscripti,
589 1925 645 1964 sub
661 1930 875 1978 Hippocratis
891 1929 987 1965 titulo
1004 1932 1165 1972 venirent,
1181 1932 1201 1964 ii
1220 1929 1399 1971 adducunt,
1413 1932 1468 1978 qui
1485 1928 1602 1965 iudicia
1619 1928 1659 1966 de
1669 1932 1754 1980 Hip-

91 1983 149 2017 atis
163 1981 318 2030 operibus
332 1980 524 2023 ediderunt,
547 1984 582 2016 in
597 1984 700 2030 iisque
715 1979 785 2017 fere
800 1983 985 2031 principem
1002 1984 1106 2025 hanc,
1134 1995 1236 2032 quam
1258 1983 1376 2016 Galam‘
1395 1980 1493 2031 ipsius
1516 1982 1638 2024 verbis,
1665 1981 1754 2019 adse-

70 2035 120 2077 tis,
144 2034 414 2083 Hippocrateum
432 2033 473 2069 de
490 2031 608 2069 salubri
629 2032 734 2069 diaeta
757 2044 789 2069 et
809 2033 979 2070 denatura
1001 2037 1147 2070 humana
1176 2034 1294 2069 librum
1313 2036 1378 2069 hoc
1394 2032 1501 2069 modo
1517 2037 1551 2069 in
1568 2048 1671 2070 vnum
1689 2033 1753 2072 esse

22 2122 25 2124 .
101 2097 190 2129 atOS,
216 2088 270 2122 hic
286 2087 446 2122 enarrabo
461 2100 470 2121 ε
493 2089 523 2125 ἐν
541 2087 592 2139 τῷ
607 2084 708 2124 naarai
726 2084 790 2126 τὲς
804 2083 1023 2126 Ἀτταλικές
1039 2104 1079 2125 τε
1093 2104 1150 2133 ⁸9⁴(
1168 2083 1411 2133 Πτελεμαᾶκὲς
1426 2085 1610 2130 βασιλέας
1625 2084 1754 2141 χξὸνᾳ,

41 2133 95 2190 (ὃς
114 2136 280 2183 οἱλλῆλες
301 2137 659 2188 οἱντιφιλοτιμεμένες
682 2139 758 2187 περὶ
786 2136 935 2182 κτήσεως
958 2139 1128 2183 βιβλίων,
1165 2138 1182 2180 ἦ
1205 2139 1284 2187 περὶ
1309 2136 1380 2178 ταὶς
1400 2137 1613 2190 ἐπιγραφαῖς
1628 2157 1669 2179 τε
1692 2138 1754 2190 καὶ

112 2188 193 2229 waic
208 2189 340 2233 αὐτ-ὦν,
367 2189 499 2241 ἤρξατο
515 2192 701 2238 ’γίγνεσθαι
715 2187 899 2243 ρορδιεργιά
919 2199 989 2231 τοῖς
1004 2194 1103 2230 ἕνεκα
1126 2192 1172 2230 ‘rie‘
1192 2190 1322 2231 λαβεῖν
1342 2189 1499 2243 οἰςγύξιον
1522 2190 1751 2244 οἱναφὲξεσιν,

27 2239 39 2253 “
67 2240 131 2284 reis
143 2243 328 2288 βασιλεῖς,
354 2241 479 2295 &idei-iv
495 2241 629 2296 ε’νὸἇξχυν
648 2241 929 2296 συγγράμματα
944 2244 1035 2332 ''Oi''
1064 2246 1210 2293 Qinam
1236 2257 1314 2280 vero
1335 2245 1408 2281 libri
1431 2247 1649 2295 Hippocratci
1667 2257 1749 2283 tem.

1044 2307 1056 2331 t
1071 2308 1084 2331 t
1109 2307 1128 2331 a
1612 2300 1750 2348 poribus

52 2377 129 2416 Μαί)
151 2381 184 2410 In
200 2380 335 2411 Adnotat.
356 2381 393 2411 ad
416 2382 604 2422 Hippocratis
628 2383 726 2422 Opera
743 2382 772 2411 in
789 2391 853 2420 ger·
944 2383 1003 2414 eet)
1026 2381 1057 2409 In
1080 2378 1203 2420 praefat.
1220 2379 1256 2409 ad
1273 2381 1388 2410 Comm.
1406 2381 1442 2411 11.
1464 2383 1494 2410 in
1509 2382 1698 2424 Hippocrati.
1712 2381 1748 2414 15-

79 2423 152 2455 ‘cam
172 2423 304 2464 linguam
319 2424 401 2457 versa
418 2434 489 2456 tom.
505 2427 540 2457 11.
558 2436 622 2468 pag:
641 2429 707 2464 566.
725 2429 788 2462 568.
897 2424 985 2454 tasum
1002 2422 1037 2453 de
1048 2425 1163 2455 Natura
1173 2425 1321 2455 Hominis.
1340 2433 1412 2455 tom.
1426 2427 1476 2456 111.
1493 2436 1522 2468 p.
1537 2432 1596 2460 ηε.
1614 2427 1737 2459 Chai-ter
