2183 2747
947 145 1119 157 ——
1773 159 1815 183 rx

71 237 225 278 iudicia,
241 248 338 285 quae
357 235 380 271 sl
400 247 490 273 vera
508 235 592 272 sunt
612 244 799 283 certique,
822 246 856 273 et
875 237 1173 279 emendationes,
1197 247 1262 275 aut
1281 239 1551 289 supplementa,
1579 245 1712 284 lubens
1731 251 1816 297 qui-

70 297 157 334 dem
175 296 376 345 agnoscam
389 322 396 333 q
423 307 544 344 quum
565 296 625 332 vel
645 295 690 331 ab
708 297 816 332 :niuei
830 297 925 333 sario
942 297 1120 345 hosteque
1137 298 1295 343 discere,
1320 301 1424 337 haud
1441 303 1652 355 dedoceas)
1677 320 1814 349 corum

67 369 162 394 vero
190 357 357 392 ludibria
380 363 415 392 et
440 356 600 405 criu-uua
621 355 803 404 spernam.

186 474 260 513 Sed
287 473 399 511 millis
425 474 546 514 hisce,
576 473 622 509 dc
650 473 723 510 hoc
755 473 956 510 volumine
979 475 1120 524 iisque,
1152 488 1250 524 quae
1279 477 1505 528 sequentur,
1536 481 1723 530 quaedam
1753 486 1810 522 di-

67 535 188 573 cenda
218 535 409 571 videntur.
478 534 523 569 In
548 533 632 580 hoc·
650 534 848 570 volumine
873 543 907 570 et
932 534 1119 577 summos,
1151 548 1249 584 quos
1276 537 1440 576 Graecia
1465 541 1571 583 tulit,
1602 543 1727 586 viros,
1757 546 1809 582 le-

64 596 315 643 guinlatores,
360 602 510 643 poetas,
547 592 766 639 liiflzixicos,
808 593 1058 642 philosophos
1093 604 1207 643 atque
1240 606 1433 641 oratores,
1461 601 1499 636 in
1524 613 1693 649 quorum
1719 606 1808 648 vita,

65 653 150 691 fatis
173 655 356 702 librisque
382 652 601 688 enarrandis
621 653 784 688 omnino
802 652 1048 689 necellaiium
1077 653 1171 702 fuit,
1203 664 1245 692 vt
1271 658 1402 706 paullo
1427 660 1570 698 diutius
1590 674 1808 702 commora-

62 726 212 763 remur,
244 723 280 750 et
298 713 440 749 multos
462 712 655 752 homines,
685 724 854 760 quorum
881 715 1067 750 memoria
1087 715 1149 751 vel
1171 716 1308 765 exigua
1333 717 1392 760 est,
1420 720 1482 756 vel
1504 721 1717 759 admodum
1738 725 1809 762 ob-

62 770 190 815 scura,
222 772 284 810 sed
307 785 353 809 eo
381 772 564 807 maiorem
590 772 735 820 peperit
757 771 930 808 laborem
952 781 1065 821 atque
1093 774 1376 819 difficultatem,
1415 780 1616 823 recenseri,
1647 784 1808 831 quilibet

63 833 137 869 line
166 832 246 870 vllo
277 834 432 880 negotio
460 832 619 880 reperiet
643 840 757 879 atque
783 832 997 881 cognoscet.
1060 833 1168 883 Quae
1192 847 1287 872 vero
1315 836 1610 890 singula-capita
1638 844 1806 892 aliorum

63 892 188 928 studio
212 901 247 928 et
272 892 402 927 labore
428 889 652 927 accefliones
678 892 786 927 nacta
810 891 897 933 lint,
918 890 1026 928 facile
1052 893 1195 942 patebit
1224 907 1271 930 ex
1296 896 1421 934 indice
1444 901 1658 947 praemisso.
1719 904 1805 941 Pri-

61 964 172 990 mum
189 951 304 1000 igitur
321 953 361 987 in
382 951 456 987 hoc
475 951 675 986 volumine
695 958 811 999 caput
828 950 874 987 de
897 953 1038 999 graecis
1063 953 1379 1002 legumlatoribus
1407 968 1428 993 a
1452 955 1672 1009 Rt'chtero,
1703 964 1803 1002 Pro..

60 1010 196 1048 feffore
221 1011 419 1059 quondam
443 1009 639 1058 Lipsienfi,
667 1011 775 1046 cuius
803 1019 1085 1059 praematuram
1111 1022 1274 1050 mortem
1298 1015 1429 1064 lugent
1455 1017 1606 1061 Musae,
1637 1021 1803 1060 doffiff..

60 1072 132 1108 mis
149 1071 428 1118 vberrimisque
453 1069 785 1106 obseruationibus
804 1070 852 1106 est
867 1070 1105 1108 illustratum.
1166 1073 1297 1122 Atque
1320 1087 1390 1124 ego
1415 1075 1551 1118 doleo.
1583 1089 1707 1117 morte
1731 1084 1803 1120 mi-

58 1131 99 1166 hi
116 1139 288 1181 ereptum
313 1129 383 1166 effe
400 1129 545 1166 socium
563 1138 761 1178 promtum
776 1138 1031 1178 paratumque
1057 1143 1139 1167 non
1165 1131 1314 1176 minus,
1345 1147 1461 1184 quam
1485 1138 1701 1191 eruditum,
1733 1145 1801 1190 qui

57 1202 139 1226 non
166 1189 290 1226 solum
315 1190 462 1237 reliqua
485 1189 625 1238 capita,
657 1201 754 1237 quae
782 1189 829 1225 ad
857 1191 1198 1239 jurisprudentiam
1222 1193 1573 1244 legesque‘graecas
1598 1201 1800 1247 pertinent,

56 1249 117 1286 sed
135 1249 322 1297 quaedam
340 1261 516 1297 quoque,
542 1249 580 1284 in
599 1248 739 1296 quibus
757 1249 802 1285 de
820 1249 1004 1286 historicis
1029 1252 1170 1298 graecis
1193 1253 1335 1301 agitur,
1371 1258 1604 1293 retractanda
1628 1259 1800 1310 locuple-

57 1309 249 1356 tandaque
267 1308 483 1357 susceperat.
544 1306 673 1357 Caput
693 1309 739 1344 de
757 1308 991 1358 Hippocrate
1009 1310 1120 1358 plane
1146 1312 1392 1349 immutatum
1417 1324 1530 1363 atque
1556 1319 1701 1366 egregie
1727 1321 1800 1358 ela-

56 1368 238 1405 boratum
259 1370 453 1404 austorem
481 1367 593 1404 habet
615 1366 973 1412 Ackermanmmz,
1002 1369 1219 1407 Dot'torem
1243 1380 1279 1408 et
1304 1372 1557 1412 Profefforcm
1589 1378 1800 1418 medicinae

53 1426 323 1466 Altdoxfinum
353 1427 643 1464 celeberrimum
674 1428 846 1476 mihique
874 1429 1162 1472 amiciffimum,
1205 1444 1320 1480 quem
1347 1445 1428 1470 non
1452 1435 1573 1472 modo
1599 1438 1686 1474 artis
1713 1440 1799 1477 suae

52 1486 338 1538 peritiffimum,
368 1487 429 1523 sed
462 1488 575 1523 etiam
607 1487 647 1523 in
676 1488 785 1523 omni
819 1489 1046 1536 antiquitate
1079 1501 1121 1527 ac
1155 1490 1368 1528 litteratura
1401 1494 1690 1534 versatiffimum
1715 1499 1797 1542 effe,

52 1559 208 1588 ornnes,
239 1548 307 1595 qui
333 1547 378 1583 de
406 1547 461 1582 his
489 1547 622 1583 litteris
647 1546 816 1584 iudicare
843 1544 1016 1596 possunt,
1047 1550 1113 1586 diu
1133 1560 1278 1587 norunt
1297 1560 1410 1600 atque
1435 1555 1664 1601 praedicant.
1724 1560 1798 1596 At-

53 1619 128 1656 que
153 1618 223 1656 ego
247 1607 332 1644 viro
357 1605 571 1643 dostiflimo
596 1618 677 1642 non
701 1608 827 1643 minus
853 1620 970 1655 quam
993 1609 1283 1652 humaniilimo,
1314 1613 1380 1659 qui
1397 1613 1630 1661 reliquarum
1655 1617 1701 1653 de
1717 1631 1796 1655 me-

53 1667 148 1703 dicis
171 1667 313 1715 graecis
339 1665 548 1702 sectionum
570 1674 673 1714 geret
698 1678 828 1702 curam
845 1694 853 1707 ,
883 1668 1021 1715 gratias
1047 1669 1172 1718 palam
1186 1681 1269 1719 vago
1293 1672 1492 1709 maximas.
1554 1674 1705 1712 Partem
1730 1679 1795 1714 de-

52 1726 189 1772 nique,
219 1725 260 1760 in
285 1737 360 1773 qua
383 1725 428 1761 de
455 1726 701 1762 Anacreonte
728 1726 936 1769 disseritur,
968 1727 1088 1764 doctis
1112 1732 1268 1766 ornauit
1289 1731 1556 1780 supplementis
1578 1730 1796 1787 Degenius

53 1795 181 1823 meus,
212 1784 380 1832 primum
403 1784 449 1820 de
473 1784 689 1830 Gymnafio
718 1784 944 1832 ommino,
976 1788 1015 1823 in
1040 1789 1224 1837 praesenti
1248 1790 1294 1826 de
1320 1791 1446 1827 schola
1464 1792 1718 1831 Neossadiensi
1745 1797 1794 1833 ad

54 1842 239 1880 Aischum
259 1843 403 1890 optime
421 1844 588 1880 meritus.
646 1845 832 1893 Reliqua,
863 1858 961 1894 quae
980 1848 1018 1883 in
1037 1848 1112 1884 hoc
1130 1850 1330 1886 volumine
1347 1851 1605 1894 continentur,
1638 1854 1683 1890 de
1702 1867 1794 1904 poe-

55 1902 122 1943 tis,
151 1901 408 1950 philosophis,
442 1901 625 1938 historicis
644 1911 758 1950 atque
776 1906 995 1942 oratoribus
1013 1908 1153 1956 capita,
1185 1918 1371 1956 quantum
1392 1910 1504 1951 mihi,
1534 1911 1574 1947 in
1602 1921 1710 1951 tanto
1736 1927 1796 1952 re·

53 1974 142 1998 rum
163 1962 410 2008 antiquarum
431 1961 534 2008 quasi
561 1973 708 1997 oceano
735 1966 900 2006 natanti,
940 1978 1010 2002 nec
1031 1979 1120 2003 raro
1143 1968 1303 2004 vicillim
1331 1969 1370 2004 in
1388 1978 1486 2005 terra
1506 1971 1627 2007 veluti
1651 1973 1794 2012 deserta

53 2020 222 2058 necdum
241 2019 324 2056 satis
342 2020 442 2056 culta
458 2021 599 2056 erranti
612 2020 791 2069 perficere
808 2032 922 2072 ¹atque:
945 2026 1127 2073 praestare
1149 2028 1274 2073 licuit,
1306 2027 1381 2076 ipse
1409 2032 1637 2077 pertraetaui
1659 2041 1696 2069 et
1719 2046 1792 2084 pro

49 2081 174 2121 virili,
202 2080 352 2116 nullum
376 2080 567 2120 laborem,
597 2081 819 2130 nullamque
844 2085 1057 2121 molestiam
1081 2086 1308 2127 detrectans,
1338 2087 1497 2125 absolui.
1558 2090 1657 2128 Nam
1676 2102 1720 2130 vt
1744 2095 1792 2131 de

51 2151 191 2179 manco
215 2139 447 2176 Fabriciano
471 2139 687 2176 editionum
719 2141 844 2178 indice
869 2151 1033 2186 taceam,
1071 2146 1210 2186 multa,
1250 2156 1346 2197 quae
1379 2148 1441 2183 vel
1475 2147 1684 2198 effugerant
1713 2166 1792 2190 me-

0 2215 2 2221 *
50 2199 214 2238 moriam
234 2209 346 2248 atque
365 2199 599 2246 diligentiam
624 2200 922 2247 praestantissimi
940 2203 1125 2245 Fabricii,
1155 2205 1217 2240 vel
1243 2205 1323 2253 post
1346 2206 1447 2243 illius
1471 2217 1632 2247 aetatem
1656 2213 1793 2250 inuen-

7 2251 12 2268 τ
51 2266 108 2302 ta.
147 2267 214 2295 aut
236 2260 371 2296 melius
396 2258 606 2305 resur-isque
631 2258 716 2295 sunt
744 2261 929 2308 exposita,
979 2259 1134 2298 fuerunt
1166 2264 1399 2312 colligenda,
1444 2266 1653 2316 supplenda
1676 2281 1712 2308 et
1734 2274 1793 2311 di-

51 2318 223 2368 gerenda.
282 2317 346 2354 De
364 2318 474 2354 rebus
493 2327 529 2353 et
548 2317 770 2365 hominibus
787 2319 1006 2368 horumque
1027 2321 1169 2371 scriptis
1187 2332 1300 2371 atque
1319 2325 1592 2373 opinionibus,
1624 2343 1672 2368 ne
1697 2333 1792 2369 ieiu-

10 2423 15 2437 .
50 2377 318 2427 nasserilisque
337 2376 440 2414 fieret
457 2377 706 2426 compilatio,
736 2379 931 2416 interdum
956 2380 1144 2424 iudicare,
1175 2390 1241 2420 aut
1257 2395 1384 2421 meam
1407 2385 1532 2425 dicere
1556 2388 1791 2435 sententiam,

95 2449 222 2483 roan.
970 2437 994 2476 b
1727 2448 1793 2504 (in
