2071 2747
85 118 178 149 vou-
197 127 221 153 Ρ»
233 117 379 150 ‹mm-25
686 106 930 145 ISOCRATls
965 102 1232 142 ORATIONES
1338 103 1411 138 Lib.
1422 103 1468 137 II.
1485 113 1507 139 c.
1520 100 1672 137 XXVI.
1778 109 1840 147 785

86 154 380 170 ——a—

185 214 291 301 limsp.
308 224 357 255 23.
411 211 538 246 Decem
557 205 609 243 vel
625 203 813 256 quindecim
834 214 938 239 annos
955 203 988 236 in
1001 201 1068 236 hoc
1090 195 1331 247 componendo
1356 193 1535 232 insumsiffe
1558 194 1676 230 dicitur
1690 194 1743 239 ¹¹),
1778 209 1838 231 nee

185 280 301 323 eit-uo
319 266 472 313 ingenio,
498 259 552 297 sed
569 274 607 295 ex
627 260 770 307 Gorgia.
782 285 792 298 .‚
823 256 976 300 Archini,
1004 250 1217 297 Thucydidis
1233 264 1270 285 ac
1288 248 1399 294 Lysiae
1417 245 1539 297 scriptis
1555 247 1711 296 pleraque
1725 259 1838 297 protu.

189 318 270 355 lisse.
294 367 306 373 -
322 316 423 366 Qod
439 328 477 351 ex
496 314 684 350 Plutarcho.
713 307 920 349 Philuilrato,
945 306 1080 355 aliisque
1096 303 1220 340 lec‘tum
1237 301 1395 337 iudicium
1413 303 1532 336 merito
1556 300 1733 348 malignius
1753 302 1836 335 l'ho-

188 374 237 408 tio
254 373 358 406 vilum
377 369 440 411 est,
466 368 554 403 [cele
569 366 716 405 notanti,
746 365 776 396 iii
793 359 913 396 codem
932 367 1133 407 argumento
1147 354 1295 404 plurium
1315 357 1464 389 virorum
1488 354 1688 388 eximiorum
1717 350 1835 387 finale>

186 421 279 474 poll'e
301 421 364 458 else
389 422 618 470 cogitatione&
673 417 724 451 Ne
747 412 875 451 dicum,
897 410 988 461 qnod
1003 411 1107 445 Theo
1132 406 1222 443 velut
1244 404 1442 441 imitandum
1466 405 1673 454 eloquentiae
1685 392 1836 439 ‘studiosis

186 477 367 527 proponit,
394 475 537 521 cogitat-1
556 468 669 516 Lysiae
686 482 723 504 ex
742 469 807 502 eius
825 465 994 515 epitaphio
1018 472 1115 510 atque
1129 459 1318 508 Olympico
1342 468 1429 493 tanta
1449 470 1526 492 cum
1547 467 1615 492 arte
1639 457 1677 492 ab
1695 453 1836 493 Isocrate

190 529 357 566 translata.
408 522 537 561 Confer
557 525 620 559 Iar.
641 520 840 569 Tlunnastmi
856 516 896 552 de
916 515 1028 565 plagio
1047 515 1077 562 §.
1093 515 1169 558 476.
1221 513 1324 547 Tunc
1339 523 1416 545 cum
1432 507 1683 544 Lacedaemonii
1701 510 1833 543 Graecis

188 584 409 631 imperarent,
436 579 501 613 hoc
517 575 560 611 est
575 579 656 610 intra
677 572 815 617 Olymp.
832 571 932 605 XCil.
955 579 987 603 et
1009 567 1126 601 XCVI.
1153 561 1312 614 scriptum
1334 563 1573 610 panegyricum
1592 557 1746 596 Isocrates
1768 557 1835 608 ipse

186 632 393 670 demonstrat
417 632 570 666 oratione
594 626 670 676 περὶ
697 619 907 662 oimclc'sswf.
970 622 1007 654 ln
1029 617 1199 666 Olympiis
1224 615 1347 652 diciam
1368 615 1408 650 ab
1430 611 1588 654 isocrate,
1620 611 1836 659 Philostratus

187 688 306 723 auctor
322 684 386 726 est,
415 682 452 729 [l.
471 681 493 717 l.
516 693 547 729 p.
568 691 624 724 503
659 676 743 712 udde
763 676 889 711 Aelim».
905 675 947 709 V.
966 674 1012 710 H,
1033 670 1103 706 libr.
1120 670 1204 704 xm.
1229 681 1300 717 cap.
1319 679 1358 702 ιι.
1383 667 1436 702 vbi
1462 663 1525 701 vid.
1547 667 1692 700 Perizon.
1717 665 1834 714 quibus

189 738 272 774 locis
291 739 392 772 vtitur
410 734 565 770 Schiraclx.
581 734 614 766 in
628 728 707 780 disp.
726 731 749 764 Ι.
766 742 797 778 p.
813 731 849 764 16
866 724 909 776 sq.
926 724 967 760 ad
983 726 1110 760 crimen
1126 718 1305 757 timiditatis
1321 721 1359 753 ab
1375 717 1516 754 Isocrate
1532 715 1780 765 depellendum,
1801 726 1833 753 et

187 792 325 826 Lucian.
344 792 376 823 in
391 787 570 824 Macrobiis
585 796 657 832 cap.
676 794 720 826 23.
737 794 812 831 pag.
829 791 893 825 225.
919 791 1002 814 tom.
1020 777 1077 811 lli.
1094 772 1168 810 edit.
1183 774 1290 808 Reitz.
1314 771 1367 806 vbi
1383 769 1446 806 vid.
1463 771 1546 805 Maii
1575 779 1606 804 et
1621 770 1672 803 M.
1689 768 1731 803 du
1752 767 1834 804 Soul

148 880 150 883 ,
189 854 261 880 not.
315 839 460 891 Qando
476 840 609 875 Lucian.
623 834 741 877 tradit,
770 831 945 869 Isocratem
964 825 1119 878 scripsisse
1135 826 1398 876 panegyricum,
1426 835 1530 872 quum
1553 818 1606 857 sex
1628 830 1660 857 et
1674 825 1835 869 nonagin-

191 906 224 932 ta
240 907 408 931 annorum
425 889 521 932 esset,
549 888 629 924 Soul
649 896 784 928 monet,
811 886 994 920 Luciaizum
1011 876 1192 929 oportuisse
1215 875 1352 913 scribere
1366 876 1500 910 XCllll.
1528 871 1613 909 adde
1631 873 1782 908 Schirarlz.
1800 874 1834 911 iu

189 945 272 998 disp.
289 949 314 986 l.
331 961 364 996 p.
382 959 419 983 22
436 941 480 994 sq.
503 944 578 994 qui,
605 955 672 976 non
691 941 777 974 recle
793 936 947 986 quidem,
972 946 1005 969 vt
1028 932 1135 981 {wilt-a
1161 929 1410 973 adnotabimus,
1437 926 1477 962 de
1499 937 1650 974 tempore
1674 923 1836 961 consentit

189 1014 269 1037 cum
296 1000 464 1040 Fabricio,
497 1007 528 1032 et
555 991 749 1044 suspicatur,
777 990 869 1025 illam
890 990 1076 1024 oraticnem
1105 999 1134 1032 p·
1158 998 1186 1017 ιι·
1217 997 1247 1016 w,
1274 984 1430 1017 ominum
1456 976 1692 1014 lsocratcarum
1715 979 1838 1014 oratio-

191 1067 276 1090 num
297 1050 417 1097 fuiffe]
477 1047 567 1085 Nihil
591 1056 677 1082 certe
699 1043 755 1079 illa
778 1042 957 1091 elegantius
982 1041 1042 1074 §.72
1080 1052 1101 1071 ιμ
1180 1052 1195 1059 -·
1215 1050 1260 1077 ῳ,
1298 1045 1330 1069 vt
1366 1044 1482 1067 tannes
1511 1031 1732 1074 confitentur,
1760 1029 1837 1065 licet

191 1117 308 1142 contra
331 1102 484 1141 eamdem
511 1097 667 1150 scripserit
683 1095 870 1133 Aristoteles
884 1094 1020 1129 Siculas,
1048 1092 1177 1127 aovin,
1191 1082 1280 1122 'telle
1299 1086 1430 1121 Laertio
1448 1083 1502 1119 lib.
1520 1085 1563 1118 V.
1580 1080 1652 1118 sec}-
1665 1093 1712 1126 35.
1765 1084 1836 1117 Nee

191 1156 327 1201 desunt,
356 1159 410 1207 qui
428 1153 575 1195 tradant,
598 1154 659 1186 hac
678 1151 824 1199 primum
845 1148 994 1181 oratione
1012 1142 1201 1190 'efniippum
1217 1150 1248 1175 et
1267 1135 1491 1174 Alexandrum
1510 1136 1562 1171 M.
1580 1146 1672 1183 reges
1687 1132 1726 1169 ad
1744 1146 1838 1170 euer-

192 1210 331 1248 tendum
351 1206 520 1245 Persarum
541 1205 717 1254 imperium
745 1197 839 1235 fuisse
861 1201 1052 1233 concitatos.
1085 1193 1158 1228 vide
1178 1190 1337 1227 Benmiiffl
1356 1189 1518 1224 Autronii
1541 1184 1612 1222 diss.
1628 1187 1665 1221 X.
1680 1184 1719 1220 ad
1743 1187 1837 1222 Cice.

193 1277 268 1300 ron.
287 1270 369 1298 tom!
387 1264 427 1297 ΙΙ.
445 1272 536 1309 oper.
554 1271 584 1306 p.
601 1268 669 1290 222.
695 1254 820 1288 Fabric.
862 1251 1044 1299 Separatim
1062 1246 1164 1281 editus
1183 1244 1226 1279 est
1246 1244 1464 1290 Panegyricus
1479 1253 1607 1290 graece.
1635 1230 1731 1273 Paris.
1750 1246 1836 1283 1538.

192 1329 224 1362 4.
254 1317 321 1362 ilat.
341 1314 513 1350 mandatus
534 1323 590 1359 per
606 1310 630 1344 Ι.
646 1309 731 1343 Mar.
747 1308 950 1341 Catanaeum
964 1329 973 1343 ,
1001 1302 1101 1335 Rom.
1119 1311 1209 1344 ¹509·
1228 1296 1274 1342 4,]
1304 1306 1376 1331 tum
1394 1294 1439 1329 bis
1459 1306 1477 1328 e
1499 1289 1689 1329 recensione
1705 1300 1737 1326 et
1757 1303 1836 1326 cum

192 1368 366 1418 praeclaris
390 1363 656 1412 adnotationibus
677 1358 736 1394 cel.
760 1359 908 1406 mihique
926 1350 1115 1401 ,amieissimi
1139 1351 1253 1385 Mori.-

88 1437 238 1487 Isocratis
264 1436 498 1483 Pawgyricns.
539 1429 699 1477 νιίτειιῘιιὶἰἼ
720 1432 750 1461 et
771 1422 1092 1471 animaducrstonihus
1114 1416 1292 1464 illustrauit
1315 1416 1399 1450 Sam.
1424 1412 1516 1449 Frid.
1542 1409 1687 1447 Nathan.
1711 1409 1838 1445 Morus.

193 1487 340 1539 Lipsiae,
365 1488 458 1531 1765.
477 1491 510 1525 8.
538 1503 588 1509 —-
616 1501 669 1507 ——
695 1481 822 1515 maiore
839 1478 880 1511 V.
896 1477 932 1510 L.
951 1481 1028 1509 cura
1046 1469 1208 1513 adhibita,
1234 1471 1355 1504 iterum
1372 1465 1462 1502 idem
1477 1467 1519 1500 V.
1535 1465 1577 1501 D.
1593 1458 1764 1505 recensuit,
1789 1474 1839 1497 re-

193 1543 378 1590 cognouit,
400 1549 562 1586 notasque
585 1535 693 1576 auxit,
724 1529 846 1566 ibidem
867 1531 960 1572 ¹786·
984 1527 1061 1561 mai.
1079 1529 1111 1562 8.

215 1621 313 1656 Haec
338 1616 439 1654 editio
462 1614 506 1651 est
527 1611 692 1663 praestans
716 1606 911 1656 exemplum
931 1601 1115 1651 diligentis,
1139 1596 1312 1634 adcuratae
1327 1606 1358 1632 et
1372 1593 1412 1631 ad
1430 1591 1683 1641 intelligentiam
1705 1602 1772 1628 tam
1791 1604 1840 1626 re·

708 1660 870 1697 editionis.
912 1654 1023 1692 Codd.
1040 1665 1070 1689 et
1086 1651 1176 1688 editt.
1192 1653 1241 1685 vir
1254 1649 1314 1684 cel.
1332 1646 1487 1697 sagaciter
1503 1643 1574 1680 vsus
1591 1645 1635 1681 est
1654 1643 1694 1680 ad
1712 1653 1839 1679 textum

92 1724 344 1775 repurgandum
359 1737 378 1759 a
395 1719 523 1758 mendis
538 1729 635 1767 atque
651 1709 938 1752 constituendum,
967 1718 998 1744 et
1021 1719 1059 1742 ex
1077 1704 1209 1740 historia
1231 1700 1357 1737 erudite
1380 1710 1520 1750 apteque
1541 1697 1698 1746 explicuit
1720 1709 1769 1731 res
1790 1705 1840 1732 to·

93 1789 230 1827 tamque
250 1779 449 1813 orationem.
501 1771 655 1808 Praefixit
676 1767 902 1804 coniecturam
924 1760 964 1796 de
986 1770 1157 1808 tempore,
1185 1768 1252 1804 quo
1274 1752 1377 1789 editus
1399 1750 1528 1787 videtur
1544 1751 1784 1798 Panegyricus,
1809 1758 1842 1784 et

95 1830 194 1868 doc‘te
216 1826 356 1866 ostendit
377 1840 395 1862 e
417 1826 494 1860 loco
514 1821 667 1864 claffico,
695 1833 766 1869 cap.
783 1829 835 1862 39.
861 1817 959 1852 huius
981 1812 1159 1851 orationis,
1186 1809 1429 1854 Panegyricum
1453 1802 1580 1839 editum
1606 1800 1668 1837 ess'e
1684 1798 1772 1836 sexto
1788 1810 1845 1836 aut

66 1888 73 1891 “
95 1881 237 1934 septimo
255 1893 344 1917 anno
367 1878 466 1923 belli,
491 1877 531 1911 ab
547 1877 724 1910 Artaxerxe
741 1872 929 1906 Mnemone
951 1879 1029 1901 curu
1051 1865 1209 1909 Euagora
1234 1858 1333 1908 gesti,
1359 1854 1381 1893 s.
1399 1856 1540 1905 Olymp.
1558 1854 1610 1890 vel
1633 1854 1769 1889 XCVlI.
1791 1851 1845 1888 vel

97 1936 247 1973 XCVlll.
265 1942 459 1980 monetque,
476 1927 612 1964 Fabricii
627 1936 657 1961 et
673 1924 853 1960 Schirachii
869 1918 1025 1955 iudicium
1045 1925 1237 1965 temporum
1253 1912 1372 1947 rationi
1382 1911 1499 1946 minus
1517 1909 1706 1944 conuenire.
1727 1924 1775 1934 -
1793 1923 1846 1934 —

96 1990 262 2037 panegyr.
282 1999 332 2036 gr.
347 1995 378 2021 et
392 1984 447 2020 lat.
474 1980 639 2029 Glasguae
659 1977 781 2013 Foulis.
804 1981 894 2019 1778.
917 1978 948 2014 8.
976 1968 1095 2014 Harl]

101 2071 134 2117 5)
159 2068 341 2106 Φίλιππος
352 2089 361 2103 ,
386 2060 452 2097 siue
466 2053 551 2110 πξές
566 2057 762 2095 Φίλιππον,
789 2051 850 2087 Ad
863 2050 1061 2095 Philippum.
1115 2042 1232 2080 Paullo
1248 2050 1322 2077 ante
1336 2048 1484 2074 mortem
1501 2034 1638 2088 scripta,
1668 2044 1702 2071 vt
1715 2043 1845 2085 praeter

202 2120 384 2156 Ciceronem
403 2117 436 2149 in
453 2115 597 2149 Oratore
613 2122 685 2158 cap.
703 2119 748 2152 52.
762 2117 793 2140 ec
809 2102 1021 2138 Plutarchum
1040 2110 1176 2148 graecus
1190 2095 1306 2131 auctor
1321 2092 1510 2140 argumenti
1528 2103 1569 2126 ex
1584 2090 1776 2138 Hermippo
1791 2085 1847 2123 ad.

202 2173 343 2208 notauit.
396 2164 516 2202 Suadet
533 2164 620 2210 regi,
647 2155 779 2203 (confer
796 2153 946 2203 epistolas
965 2149 1112 2186 isocratis
1129 2161 1153 2185 ι.
1167 2162 1196 2185 2.
1211 2158 1240 2190 3.
1257 2143 1297 2181 ad
1313 2143 1472 2192 Philipp.)
1486 2153 1521 2178 vt
1537 2154 1669 2191 graecas
1683 2141 1788 2180 vrbes.
1801 2142 1849 2175 in.

209 2234 259 2260 ter
285 2218 542 2266 sesdisszdenteg
565 2214 737 2251 conciliet,
763 2219 795 2245 et
812 2203 919 2244 Persas
937 2204 1027 2241 bello
1042 2212 1150 2252 petat,
1175 2196 1265 2249 quod
1290 2194 1654 2247 postremum-Philippi
1679 2192 1735 2241 [if]
1753 2191 1851 2236 filius,

207 2272 406 2316 Alexander,
423 2271 506 2308 ledia
515 2266 662 2304 Isocratis
679 2265 842 2303 oratione,
851 2261 938 2305 (non
952 2259 1014 2294 hac
1029 2253 1177 2306 quidem,
1194 2249 1249 2288 sed
1257 2251 1474 2299 Panegyrico,
1484 2257 1518 2284 vt
1531 2245 1686 2283 adfirmat
1697 2244 1852 2280 Aelianus

1703 2298 1794 2332 X111.
1813 2309 1853 2331 ιι.

170 2398 203 2432 Π)
236 2393 306 2426 vid.
327 2388 469 2436 Quinffit.
484 2390 508 2419 1.
521 2389 557 2419 Ο.
574 2387 612 2417 Χ.
635 2393 666 2422 4.
681 2393 711 2422 4.
733 2383 787 2415 vbi
806 2382 928 2413 Gesner.
948 2362 1052 2410 adhuc
1072 2372 1174 2404 laudat
1185 2368 1392 2404 Plutarchum
1412 2370 1443 2401 in
1465 2368 1526 2400 vita
1548 2376 1613 2411 pag.
1630 2374 1712 2404 1540.
1735 2372 1764 2396 et
1783 2362 1857 2395 adde

107 2443 193 2486 supra
217 2442 247 2470 in
269 2446 340 2470 nota
357 2446 384 2479 g
407 2436 522 2467 citatos.
551 2428 647 2463 Harl.

154 2493 225 2529 ναι.
236 2491 282 2526 H.
1003 2465 1067 2514 Gg
1082 2473 1105 2513 g
1115 2472 1138 2512 g
1155 2472 1179 2510 g

91 1686 301 1724 rum,-quam
318 1671 494 1707 verborum
509 1663 692 1702 vtiliffimae
