2071 2747
831 95 1068 131 socnam-:s
1309 94 1380 133 Lib.
1393 95 1441 130 ll.
1455 107 1476 129 c.
1489 93 1640 129 XXsVt
1743 92 1816 137 679.

64 186 232 229 atheismi,
258 201 331 239 cap.
349 201 394 227 21.
411 202 486 239 pag.
505 200 554 235 ιςς
575 208 621 216 -
638 201 704 236 159.
727 193 782 240 qui
806 200 934 240 praeter
955 204 990 227 ea
1013 202 1197 232 memorat,
1235 191 1424 228 Massilium
1447 193 1598 227 Picio-nn
1627 189 1697 234 (lib.
1717 188 1808 224 vm.

63 256 115 292 ep.
133 249 182 288 9.)
205 255 282 278 cum
306 244 555 292 Symphoriano
580 243 784 293 Champerio
811 241 1017 285 adfirmasse,
1044 245 1214 279 Socratem
1241 242 1332 280 fuisse
1359 257 1477 295 typum
1494 242 1612 280 Christi
1639 244 1808 290 patititur,

59 298 151 329 cuius
175 294 309 344 quidem
335 298 501 343 opinionis
523 298 774 346 commentique
797 299 1080 333 commemoratio
1105 299 1170 332 iam
1197 297 1240 332 ess
1265 296 1429 333 refutatio.
1498 300 1539 332 At
1566 297 1655 332 enim
1673 293 1715 329 de
1738 295 1805 328 ciue

59 348 233 397 theologia
248 359 280 383 et
293 346 503 398 philosophia
516 345 600 383 adeo
617 347 742 395 multa,
768 362 872 399 eaque
893 351 1057 385 contraria
1080 348 1198 385 iudicia
1222 347 1294 385 sunt
1318 365 1333 385 a
1352 350 1493 386 l'latonis
1517 360 1549 385 et
1574 348 1803 395 Xenophontis

60 402 264 450 temporibus
286 415 385 450 vsque
401 400 439 436 ad
456 400 565 436 nostra
585 403 672 436 varia
688 404 815 437 ratione
829 400 894 437 lata
910 412 941 437 et
957 412 1026 438 tam
1041 399 1172 439 diuerso
1187 402 1294 439 modo
1309 401 1487 450 disputata,
1514 413 1548 437 vt
1561 401 1630 438 acta
1654 412 1802 448 agerem·

59 451 83 488 fi
99 453 268 489 crambem
286 453 390 489 decies
409 456 594 502 centiesque
609 455 739 489 coc'lam
755 467 983 504 recoquerem.
1035 456 1104 490 Nec
1123 467 1240 491 omnes
1258 469 1451 491 enumerare
1475 455 1575 491 libros
1590 455 1723 488 maioris
1741 453 1800 486 mi·

56 508 212 555 norisque
238 506 338 542 molis
367 518 457 542 vacat
480 506 628 555 licetque.
683 509 793 541 Paucis
816 509 932 555 igitur.
960 518 993 542 vt
1016 504 1080 556 ipse
1101 508 1249 544 Socrates
1275 510 1306 544 in
1323 511 1387 544 vita
1403 506 1476 550 sua,
1499 509 1643 543 contenti
1667 507 1799 540 crimus.

56 562 154 608 Atqu·
175 559 326 595 Brucker.
346 570 377 594 et
394 560 522 608 reliqui,
551 571 634 608 quos
651 555 743 608 supra
760 558 904 599 laudaui,
931 562 996 594 iam
1018 558 1102 594 haud
1118 574 1240 609 paucos
1259 560 1370 600 libros,
1397 562 1462 596 huc
1479 561 1686 608 pertinentes,
1707 569 1800 592 coin-

54 624 296 646 memorarunt.
323 632 366 638 —
399 609 647 660 Philosophiam
665 613 827 653 Socratis,
847 616 964 661 (quem
988 613 1116 657 Lilztfius·
1137 613 1192 648 lib.
1213 615 1234 647 I.
1257 612 1508 650 manuduc'lion.
1523 610 1563 646 ‘iul
1581 607 1699 660 philos·
1715 611 1799 644 5³05·

54 677 127 699 cam
150 661 218 699 diff.
239 665 292 698 Vl.
319 675 414 698 vocat
436 661 565 699 sontem
591 674 622 698 et
645 675 743 713 caput
769 661 980 713 sapientum,)
1013 656 1187 714 praecipue
1210 668 1276 701 eius
1298 677 1402 702 artem
1432 662 1616 713 disputandi
1648 665 1715 697 iure
1740 658 1796 696 suo

53 719 167 765 magni
184 715 331 752 aestimat
349 717 474 751 Petrus
489 718 640 751 Siluanus
653 715 778 764 Regius
796 719 828 751 in
845 714 987 752 discursu
1006 717 1259 767 philosophico,
1287 721 1320 754 in
1337 733 1406 768 quo
1422 718 1553 763 historia
1570 711 1799 766 philosophiae

54 771 206 818 antiquae
222 779 253 804 ct
269 771 457 805 strenam-is
479 766 679 810 recensetur,
705 767 919 812 (Allendors)
946 781 1020 817 ¹705
1058 783 1098 805 ta.
1122 784 1155 820 p.
1170 783 1209 814 24
1229 768 1298 820 sqq.
1329 769 1418 807 conf
1440 769 1594 806 Non-cll.
1610 769 1649 802 de
1665 766 1697 803 ln
1714 767 1794 811 Rtp.

53 832 144 866 1705.
171 822 259 857 Febr.
279 834 351 871 pag.
371 832 439 864 223.
471 823 519 856 Io.
539 822 682 867 Gvdofr.
698 822 811 856 Sieber.
828 819 899 856 dits.
914 821 1003 871 episi.
1017 821 1058 858 de
1075 822 1237 859 methodo
1252 820 1439 873 disputandi
1455 823 1629 858 Socratica.
1657 817 1796 868 Lipsiae,

52 886 134 920 ¹735·
161 874 206 911 lo.
228 875 308 911 Phil.
331 875 481 909 frenarier.
497 872 565 909 dits.
588 872 628 908 de
651 877 788 923 antiquo
812 874 1035 923 interrogandi
1060 875 1176 911 modo.
1210 877 1327 919 lenae,
1352 880 1444 920 1688.
1498 874 1609 911 Plures
1632 873 1796 912 auctores,

51 930 106 977 qui
120 925 162 962 de
176 938 324 963 veterum
341 924 541 974 disceptandi
562 928 688 962 ratione
704 923 917 976 scripserunt,
942 926 1088 963 laudauit
1104 929 1134 964 I.
1153 929 1195 964 E.
1213 931 1239 964 Ι.
1261 929 1389 965 Walclz.
1404 927 1444 964 de
1467 924 1584 978 philos.
1601 936 1674 961 vett.
1695 923 1796 959 eristi-

50 982 116 1025 cis,
142 994 173 1030 p.
190 992 211 1024 4
227 977 267 1029 sq.
324 983 430 1029 Atque
445 980 588 1014 Socratis
609 978 808 1015 methodum
831 978 973 1014 docendi
993 993 1010 1015 e
1034 977 1154 1016 scholis
1173 994 1243 1018 non
1267 985 1412 1018 omnino
1430 975 1699 1030 proscribendam
1717 973 1796 1018 effe,

47 1035 82 1067 iu
106 1032 261 1082 peculiari
286 1030 403 1081 disput.
419 1032 513 1066 Frid.
534 1032 690 1066 Menzius
706 1045 784 1067 cum
807 1032 876 1067 aliis
893 1034 979 1068 redte
1001 1032 1192 1075 contendit,
1217 1033 1361 1084 Lipsiae,
1384 1046 1474 1078 174ο.
1491 1045 1521 1078 4.
1557 1027 1674 1066 -Ὶη
1693 1029 1792 1064 omni

48 1088 136 1120 enim
155 1085 354 1121 institutione
369 1085 485 1134 puerili
502 1082 683 1120 methodus
699 1086 860 1120 Socratica
876 1084 919 1119 est
936 1084 975 1120 ad
992 1083 1139 1122 studium
1158 1086 1341 1135 plenissima
1357 1086 1497 1136 ideoque
1512 1085 1551 1120 ab
1566 1084 1701 1133 optimis
1723 1093 1796 1115 ma-

47 1137 152 1185 gistris
167 1137 309 1172 adhibita
327 1148 358 1172 et
375 1135 623 1172 commendata.
674 1138 789 1186 Nuper
806 1150 940 1186 quoque
957 1136 997 1172 de
1013 1151 1048 1172 ea
1068 1139 1232 1186 praeclare
1248 1144 1314 1189 egit
1331 1141 1365 1176 J.
1379 1140 1417 1174 F.
1435 1139 1493 1174 Clz.
1510 1136 1630 1183 Grci'ffe
1651 1138 1701 1170 in:
1727 1134 1790 1168 Die

45 1191 218 1226 Sokratick
232 1192 316 1225 nach
331 1192 418 1225 ihrer
433 1186 620 1237 urspriingl.
640 1186 911 1232 Beschaffenheit,
935 1193 968 1224 in
985 1191 1053 1226 vol.
1073 1193 1081 1224 l
1088 1194 1110 1227 1.
1137 1194 1192 1226 des
1207 1191 1362 1239 Neuesten
1379 1191 1528 1227 katecltet.
1544 1189 1710 1235 Illagazin
1728 1195 1789 1221 etc·

44 1245 217 1278 Socratem
236 1239 330 1278 fuisse
340 1245 432 1278 vuius
450 1239 571 1276 summi
588 1244 733 1276 numinis
749 1241 912 1277 vindicem
930 1253 961 1277 et
976 1253 1087 1278 tamen
1105 1243 1252 1293 plurium
1268 1243 1410 1280 deorum
1424 1243 1603 1284 cultorem,
1618 1251 1723 1289 neque
1737 1250 1791 1273 ve-

45 1308 85 1330 ro
100 1293 254 1331 eamdem
269 1294 309 1330 de
323 1293 404 1338 diis,
431 1297 486 1344 qui
504 1293 718 1337 colebantur,
745 1297 941 1344 opinionem
965 1293 1101 1337 soniise,
1129 1310 1229 1345 quam
1253 1297 1439 1347 populum,
1467 1295 1579 1331 docuit
1596 1288 1787 1330 Cudwortsr.

43 1350 77 1384 in
93 1345 264 1393 systemate
280 1347 382 1384 intell.
402 1358 488 1382 tom.
504 1346 527 1381 1.
541 1360 613 1396 cap.
629 1359 661 1390 4.
678 1343 710 1396 β.
726 1358 772 1390 23.
796 1361 827 1398 p.
843 1352 902 1390 614
918 1368 966 1375 —-
984 1349 1055 1388 618.
1081 1347 1349 1398 adstipulantibus
1379 1350 1578 1385 Moshetnio
1597 1348 1631 1381 in
1653 1346 1740 1380 notis
1755 1351 1788 1378 et

45 1400 187 1442 Clu-ico,
215 1403 269 1450 qui
286 1413 364 1436 eum
381 1397 530 1441 excusat,
556 1402 588 1434 in
605 1400 701 1434 Siluis
716 1399 950 1448 philologieis,
976 1397 1144 1436 Aeschinis
1161 1404 1315 1438 Socratici
1339 1401 1478 1451 dialogis
1503 1397 1649 1435 subiectis
1673 1409 1742 1445 cap.
1757 1407 1787 1439 3-

43 1453 133 1503 quod
152 1450 310 1501 inscripsit
326 1454 364 1486 dc
379 1453 527 1492 Socrate,
555 1465 588 1500 p.
606 1463 664 1496 177
682 1449 747 1501 sqq.
800 1450 946 1501 Qando
963 1452 1097 1488 Molitus
1114 1453 1201 1502 apud
1217 1456 1368 1504 Xenoph.
1385 1456 1436 1490 M.
1456 1456 1487 1489 S.
1506 1455 1529 1489 1.
1545 1466 1615 1500 cap.
1633 1464 1653 1484 t.
1669 1450 1784 1484 Socra·

42 1516 110 1542 tem
136 1502 285 1548 adcusat,
320 1503 410 1555 quod
434 1507 556 1553 patrios
578 1503 658 1539 deos
684 1501 825 1553 spernit,
851 1504 914 1540 alia
940 1518 1018 1540 vero
1041 1504 1144 1544 καιναὶ
1164 1502 1321 1555 ὃαιμὲιιω
1342 1505 1540 1549 introducit,
1567 1503 1784 1542 lValclliMiss

38 1559 188 1608 Parergis
203 1556 360 1593 Academ.
379 1571 410 1605 p.
431 1569 466 1599 23
485 1553 526 1606 sq.
546 1559 720 1605 opinatur,
746 1554 810 1592 effe
827 1555 934 1598 idem7
961 1571 998 1592 ac
1016 1572 1103 1593 noua
1120 1562 1245 1596 ratione
1260 1559 1300 1596 de
1317 1559 1377 1596 diis
1395 1557 1565 1601 disserere,
1591 1568 1716 1592 nouam
1741 1551 1782 1588 de

38 1612 133 1647 rebus
162 1610 280 1646 diuinis
304 1609 492 1646 doe'krinam
519 1622 709 1658 proponere
735 1620 834 1659 atque
854 1623 1058 1659 propagare:
1086 1612 1161 1646 hinc
1179 1626 1274 1655 eum,
1310 1615 1469 1663 quoniam
1494 1613 1610 1647 rectius
1637 1607 1678 1644 de
1701 1605 1778 1653 deo,

38 1677 137 1713 quam
158 1663 275 1712 plebeii
289 1677 326 1698 ac
343 1661 441 1698 'multi
456 1659 738 1712 philosophorum
759 1659 908 1703 senserit,
936 1673 968 1698 et
989 1674 1105 1698 contra
1127 1664 1229 1700 aniles
1255 1664 1295 1701 de
1310 1664 1371 1701 diis
1388 1663 1514 1701 fabulas
1530 1660 1718 1712 disputarit,
1744 1661 1779 1694 5¹¹

36 1719 210 1752 atheorum
227 1714 381 1751 ordinem
398 1711 461 1751 esse
477 1711 689 1764 adstriptum.
745 1717 771 1749 Α
800 1712 1032 1765 superstitionis
1055 1727 1165 1752 tamen
1193 1714 1375 1767 suspicione
1397 1732 1475 1754 eum
1496 1717 1631 1754 liberare
1652 1710 1780 1749 studue-

33 1780 111 1805 runt
128 1770 171 1804 G.
190 1770 217 1803 I.
238 1767 369 1814 Vqffi‘us
383 1767 425 1803 de
439 1767 610 1816 theologia
625 1767 753 1815 gentili,
779 1765 844 1804 siue
857 1766 900 1803 de
914 1770 1042 1817 origine
1059 1781 1090 1803 et
1104 1769 1274 1818 progressu
1290 1769 1496 1807 idololatriae
1510 1770 1561 1804 lib.
1580 1769 1633 1802 1¹1.
1649 1779 1720 1815 cap.
1735 1777 1777 1800 12.

33 1823 90 1858 De
105 1823 135 1856 Ια
150 1822 266 1856 Mathe
279 1820 308 1856 le
322 1822 434 1866 Vayer
457 1818 499 1855 de
521 1819 549 1853 la
569 1821 670 1854 Vertu
693 1819 749 1855 des
767 1822 909 1866 Payens,
938 1818 959 1858 s.
975 1831 1058 1856 tom.
1074 1825 1112 1857 V.
1139 1823 1224 1858 illius
1249 1825 1399 1873 Operum
1412 1855 1423 1871 ‚
1451 1826 1484 1858 in
1502 1835 1543 1858 ¹2.
1559 1834 1633 1871 pag.
1651 1821 1691 1860 63
1706 1815 1773 1866 sqq·

33 1875 102 1911 Iac.
125 1874 290 1910 Wilhelm.
306 1874 470 1908 Fenerh'n.
486 1875 520 1907 in
535 1869 605 1907 diss.
625 1874 675 1907 Ius
691 1883 824 1908 naturae
837 1875 998 1918 Socratis,
1024 1873 1197 1917 Altdorfii,
1221 1888 1296 1922 1719
1323 1890 1354 1920 4.
1371 1875 1403 1926 §.
1421 1890 1452 1920 4.
1467 1888 1542 1925 pag.
1563 1887 1595 1910 12
1612 1871 1679 1922 sqq.
1706 1870 1777 1906 alii-

34 1941 107 1976 que.
171 1929 271 1975 Atqui
300 1925 441 1971 Iustinus
458 1925 600 1971 Mar-tyr
624 1924 726 1973 Apol.
744 1927 766 1959 1.
787 1939 819 1974 p.
838 1933 888 1969 48.
919 1927 960 1959 Π.
979 1938 1007 1973 p.
1024 1932 1060 1969 83
1078 1924 1147 1976 sqq.
1168 1926 1244 1962 edit.
1260 1932 1349 1970 1636.
1376 1941 1548 1978 perperam
1579 1926 1773 1964 autumauit,

31 1980 204 2016 Socratem
221 1979 423 2028 aliquatenus
440 1973 610 2025 agnouisse
624 1977 814 2024 Christum,
840 1988 872 2013 et
888 1977 929 2013 ad
946 1975 1072 2026 ipsum,
1100 1990 1272 2029 tamquam
1295 1982 1430 2017 verbnm
1453 1980 1603 2016 diuinum
1626 1973 1774 2014 adduxis-

30 2029 61 2068 sc
83 2029 175 2075 suos,
203 2032 465 2067 immo.vocauit
487 2028 731 2070 christianum,
765 2033 846 2064 inter
867 2032 1010 2065 Graecos
1034 2031 1269 2080 praegress'um.
1300 2031 1389 2070 conf.
1406 2034 1508 2081 Jfiurci
1529 2034 1659 2080 Casaub.
1673 2033 1770 2066 Exer-

31 2089 95 2120 titt.
111 2085 323 2120 anti-Baton.
341 2097 373 2132 p.
388 2096 399 2118 1
419 2079 485 2132 sqq.
502 2092 534 2117 et
549 2082 734 2116 Heumanni
750 2084 818 2117 adia
840 2079 957 2131 philos.
977 2093 1059 2119 tom.
1080 2085 1104 2119 Ι.
1128 2099 1161 2133 p.
1180 2097 1213 2131 55
1233 2082 1299 2136 sqq.
1323 2097 1355 2122 et
1375 2099 1435 2131 475
1451 2083 1494 2136 sq.
1549 2086 1639 2120 Hinc
1660 2083 1771 2119 nostra

0 2135 1 2187 l
30 2149 133 2173 aetate
150 2150 238 2172 acres
252 2146 344 2171 ortae
362 2133 434 2170 sunt
451 2132 694 2170 controuersiae
709 2133 749 2169 de
766 2135 947 2182 religione,
974 2137 1142 2171 virtutihus
1159 2148 1190 2171 et
1205 2151 1333 2174 aeterna
1349 2139 1500 2174 beatitate
1513 2140 1676 2184 Socratis,
1700 2136 1768 2171 aliis

0 2207 2 2232 1
29 2203 127 2232 eum,
159 2187 298 2224 summis
320 2187 490 2223 virtutibus
513 2196 734 2229 exornatum,
763 2201 906 2223 numero
928 2187 1088 2223 coelitum
1110 2186 1379 2238 adhibentibus,
1412 2192 1481 2227 aliis
1505 2204 1582 2227 eum
1607 2190 1704 2240 plane
1728 2185 1770 2223 ad

0 2255 1 2263 ¹
29 2254 159 2278 aeterna
180 2239 336 2290 supplicia
353 2237 668 2280 condemnantibus3
685 2249 857 2290 vtramque
868 2253 944 2275 vero
962 2251 1089 2289 partem
1105 2241 1265 2279 exceffiss'e
1275 2243 1433 2288 modum,
1447 2243 1600 2294 equidem
1617 2243 1769 2283 arbitror.

11 2293 88 2336 [vid.
109 2297 158 2330 Io.
178 2294 270 2339 Aug.
287 2292 464 2327 Eberhard.
479 2294 672 2340 germanice
685 2288 836 2342 scriptam
852 2292 1046 2342 apologiam
1062 2307 1124 2343 pro
1140 2296 1292 2339 Socrate,
1316 2297 1371 2333 vel
1387 2295 1630 2347 requisitionem
1645 2295 1765 2331 dofflri-

22 2344 88 2384 uae
111 2347 152 2383 de
175 2344 278 2382 salute
299 2347 449 2394 gentium
471 2341 710 2393 profanarum,
737 2346 794 2390 (ab
814 2345 886 2380 aliis
907 2344 1092 2388 laudatam,
1119 2348 1162 2382 ab
1182 2347 1252 2384 aliis
1273 2353 1495 2386 examinatam
1512 2361 1568 2386 aut
1583 2349 1766 2390 reiechm.)

26 2399 190 2457 berolini,
227 2410 313 2443 ¹77²-
337 2404 368 2439 8.
397 2408 428 2433 et
447 2399 582 2433 Nouam
605 2397 802 2446 apologiam
823 2400 984 2437 Socratis,
1009 2397 1087 2434 ibid-
1112 2407 1205 2444 1778.
1227 2408 1261 2443 8-
1289 2411 1323 2438 et
1342 2406 1508 2450 anonymi
1535 2402 1636 2439 libell.
1659 2403 1764 2436 Abra.

714 2464 715 2467 ’
1684 2454 1767 2488 kam,
