2183 2747
569 124 755 160 POETAE
790 123 1003 159 GNOMICI.
1057 124 1320 158 TYRTAEVS.
1434 126 1661 164 Lib.II.c.11.
1769 140 1833 176 739

65 218 288 258 dissertatione
305 220 345 258 de
361 222 527 268 Tyrtae0‚
554 221 606 257 vbi
626 218 696 256 satis
715 217 851 269 copiose
866 222 975 268 agitur
991 217 1031 254 de
1048 218 1163 255 noslro
1189 228 1287 267 poeta
1309 234 1342 270 p.
1361 233 1420 264 ¹40
1438 218 1507 270 sqq.
1530 221 1604 257 edit.
1633 223 1824 274 Altenburg.

62 273 150 310 adde
167 274 414 323 Confirzifalios
437 277 532 309 Λαὶς.
550 286 633 310 tom.
658 275 714 309 111.
732 287 762 321 p.
781 285 820 318 32
839 270 883 321 sq.
901 271 940 307 ad
957 271 1098 321 Olymp.
1122 274 1238 309 XXIII.
1259 287 1289 317 4.
1325 275 1461 310 Athenis
1479 286 1545 310 erat
1570 273 1636 310 ludi
1659 276 1826 324 magister,

68 323 295 373 (δῶρὶςχαλςς
311 323 575 378 γραμμάτων),
606 327 689 376 pede
709 324 844 360 claudus
861 324 982 368 altero,
1010 339 1071 360 nec
1098 322 1171 361 satis
1192 337 1305 361 niente
1328 326 1437 362 valere
1462 326 1674 371 credebatur,
1702 330 1771 372 (γὲγ
1788 346 1829 369 τε

67 377 171 424 {imae
189 384 284 430 ἔχων
300 377 432 428 δοκῶν.)
450 391 483 416 vt
501 383 545 416 ait
564 379 748 427 Pausanias
764 393 796 427 p.
818 381 886 421 316.
907 378 964 414 fin.
1018 380 1127 421 Hinc,
1153 378 1441 422 Lacedaemoniis,
1468 379 1508 415 de
1527 380 1602 416 belli
1620 394 1741 417 euentu
1756 397 1829 418 ora-

67 433 146 470 culo
162 435 302 484 Delphis
316 430 489 472 consulto,
517 431 621 476 iussis⁷
648 429 882 473 Athenienses,
913 440 945 466 vt
967 440 998 466 et
1021 431 1158 466 oraculo
1185 430 1275 468 dit-lo
1296 430 1396 468 css'ent
1417 431 1601 475 audientes,
1629 448 1688 469 nec
1714 446 1826 472 tamen

66 483 123 522 sua
140 486 239 522 veluti
254 487 352 537 culpa
368 489 635 527 committerent,
661 497 695 520 vt
714 482 967 519 Lacedaemonii
984 495 1076 533 parte
1094 483 1313 533 Peloponnesi
1331 487 1458 534 optima
1475 485 1542 521 sine
1559 485 1737 536 insignibus
1762 488 1826 524 cla-

67 537 161 575 dibus
178 542 381 590 potirentur,
406 541 513 588 magis
536 542 638 588 igitur
663 540 698 572 in
721 547 948 578 contemtum7
977 550 1077 586 quam
1103 538 1262 573 auxilium
1286 540 1480 582 Laconum,
1515 541 1707 585 Tyrtaeum
1732 539 1828 578 mise-

65 605 139 629 rnr.·
159 591 384 628 consiliarium
403 590 424 627 s.
443 605 553 628 rerum
572 589 794 639 gerendarum
813 591 997 632 auts'torcm,
1027 585 1256 638 (σῦμβελσν.)
1311 591 1382 633 Ille,
1408 592 1562 641 Spartam
1577 595 1723 633 veniens,
1752 609 1825 631 mo.

67 643 112 680 do
130 644 170 680 ad
186 648 323 681 ciuitatis
342 647 525 695 principes,
548 642 655 680 modo
670 643 801 692 plebem
819 642 931 691 elegos
947 653 978 677 et
994 643 1204 692 anapaestos,
1232 644 1364 694 (quibus
1383 645 1614 680 continebatur
1637 645 1707 681 laus
1730 644 1824 683 sorti-

66 697 187 733 tudinis
204 698 368 743 bellicae)
386 696 596 738 decantabat.
619 706 651 732 et
667 695 707 731 ad
724 699 878 731 virtutem
895 695 1045 730 bellicam
1063 697 1231 731 excitabat.
1287 697 1338 732 Ab
1354 707 1490 747 Vtraque
1503 708 1596 746 parte
1616 699 1730 747 postea
1756 698 1824 736 sor-

67 753 141 786 tite-r
156 750 351 786 dimicatum
366 751 422 786 cst.
478 754 605 800 Atque,
632 751 797 799 Spartanis
814 758 862 783 tet·
879 745 975 785 susis,
1003 761 1095 797 reges
1121 748 1259 784 illorum
1284 749 1464 786 voluerunt
1487 754 1669 786 exercitum
1694 751 1824 790 reduce-

67 816 120 838 re:
146 832 160 844 ..
173 801 230 838 nili
242 831 250 843 ‚
277 814 310 838 vt
326 805 429 838 vex-bis
445 815 516 838 vtar
534 802 662 845 lustini,
689 798 911 837 interuenisset
927 802 1097 847 Tyrtaeus
1109 825 1117 840 ,
1145 804 1200 851 qui
1215 801 1401 850 composita
1418 806 1564 839 carmina
1587 807 1741 840 exercitui
1759 820 1823 856 pro

68 858 232 891 concione
247 859 413 899 recitauit,
438 859 473 891 in
490 856 608 905 quibus
623 856 823 890 hortamenta
839 856 977 889 virtutis
988 881 996 896 ‚
1023 855 1211 889 damnorum
1219 855 1364 901 solatia,
1387 856 1460 890 belli
1474 858 1600 906 consilia
1625 855 1823 909 conscripse·

68 918 126 943 rat.
191 909 302 957 ltaque
325 919 453 944 tantum
477 907 632 944 ardorem
656 907 813 943 militibus
837 908 969 950 iniecit,
998 917 1031 942 vt
1056 920 1124 941 non
1149 905 1190 942 de
1213 905 1332 948 salute,
1358 905 1410 942 sed
1429 908 1469 944 de
1492 907 1659 958 sepultura
1680 909 1824 956 solliciti,

66 958 218 1002 tesseras,
246 958 412 1011 insculptis
430 959 491 997 suis
510 972 541 997 et
556 972 691 1011 patrum
709 960 920 1005 nominibus,
948 958 1065 995 dextro
1083 959 1216 995 brachio
1234 958 1436 1009 deligarent‚
1465 973 1498 996 vt
1518 961 1542 996 si
1567 976 1685 998 omnes
1708 963 1823 1000 aduer-

64 1010 137 1048 sum
156 1013 324 1062 proelium
342 1011 588 1055 consumfiss'et,
611 1024 642 1050 et
658 1014 817 1062 temporis
834 1009 936 1062 spatio
952 1009 1090 1047 confusa
1108 1026 1291 1061 corporum
1309 1014 1509 1050 lineamenta
1531 1012 1650 1058 essent,
1677 1029 1716 1051 ex
1740 1017 1823 1053 indi.

65 1068 118 1101 cio
135 1066 312 1102 titulorum
332 1067 413 1103 tradi
431 1064 617 1117 sepulturae
633 1063 773 1116 possent.
785 1070 800 1084 ‘¹
854 1066 927 1101 Nec
942 1063 1110 1101 Mess'eniis
1126 1068 1239 1100 minor
1255 1076 1324 1101 crat
1337 1077 1393 1102 aut
1414 1066 1564 1103 vincendi
1584 1078 1639 1103 aut
1654 1069 1824 1106 moriendi

63 1117 175 1154 ardor.
229 1121 341 1169 Qare
363 1123 458 1156 tantis
483 1122 600 1156 animis
620 1115 820 1155 concursum
842 1116 905 1162 est,
930 1128 965 1153 vt
987 1132 1063 1153 raro
1086 1132 1248 1168 vmquam
1273 1122 1438 1155 cruentius
1460 1119 1627 1168 proelium
1644 1118 1760 1165 fuerit,
1787 1133 1823 1159 vt

63 1174 108 1207 ait
122 1171 271 1207 Iustinus.
325 1172 375 1209 Ad
393 1172 600 1221 postremum
619 1183 732 1208 tamen
747 1170 1002 1207 Lacedaemonii
1018 1173 1192 1207 vic‘toriam
1209 1182 1420 1221 reportarunt
1433 1171 1654 1208 certissimam.
1709 1174 1823 1213 Postea

63 1222 228 1260 dmidium
246 1228 328 1260 inter
345 1224 432 1276 ipsos
447 1228 625 1276 Spartanos
648 1235 762 1261 ortum
777 1222 920 1260 versibus
940 1221 1004 1259 suis
1028 1221 1153 1259 sedauit
1167 1225 1347 1270 Tyrtaeus.
1399 1224 1554 1261 Consiliis
1574 1228 1676 1274 igitur
1698 1237 1729 1262 et
1753 1242 1822 1264 car.

63 1278 208 1313 minibus
221 1281 369 1314 nominis
385 1278 696 1323 immortalitatem-13
723 1293 741 1313 a
759 1278 926 1326 Spartanis
941 1290 1022 1314 vero
1037 1279 1086 1312 ius
1102 1279 1260 1321 ciuitatis,
1286 1287 1460 1329 tamquam
1475 1281 1683 1329 praemium,
1706 1277 1819 1317 conse-

63 1340 184 1400 quutus
199 1330 254 1366 est.
283 1330 348 1368 vid.
364 1333 498 1369 Platon.
513 1330 554 1367 de
568 1333 671 1382 Legg.
687 1331 711 1366 1.
738 1344 771 1380 p.
789 1332 863 1376 566.

165 1437 329 1473 Narrante
351 1436 485 1472 Polluce
506 1435 698 1483 (Onomast.
721 1434 776 1473 lib.
796 1437 853 1470 IV.
877 1431 901 1471 s.
920 1438 1010 1477 106.)
1033 1436 1204 1482 Tyrtaeus
1224 1437 1340 1472 audior
1353 1432 1417 1471 fuit
1439 1434 1573 1485 triplicis
1590 1437 1702 1479 chori,
1729 1439 1819 1473 iuue-

63 1501 166 1532 num,
179 1488 387 1530 adultorum
405 1500 437 1526 et
450 1486 580 1531 senum7
605 1492 640 1524 in
654 1487 766 1524 diebus
781 1485 869 1524 festis
888 1487 975 1538 apud
994 1487 1295 1524 Lacedaemonios:
1323 1487 1413 1538 quod
1429 1498 1540 1524 tamen
1557 1488 1738 1525 institutum
1754 1492 1818 1537 Ly-

62 1555 169 1591 curgo
185 1543 297 1578 tribuit
312 1542 513 1578 Plutarchus
526 1545 561 1578 in
578 1544 737 1591 Lycurgo
753 1555 783 1591 p.
803 1554 849 1588 53,
875 1543 919 1576 vti
935 1540 1241 1577 animaduerterunt
1260 1542 1357 1576 Senin
1373 1544 1407 1575 in
1422 1550 1606 1577 comment.
1625 1554 1706 1578 mox
1724 1556 1818 1579 com-

63 1593 283 1631 memoranda
300 1608 330 1645 p.
349 1607 410 1641 155.
427 1606 459 1631 et
477 1595 633 1630 Klotzius
646 1608 680 1644 p.
697 1607 751 1641 ¹54
768 1592 813 1645 sq,
831 1595 887 1644 qui
901 1592 1022 1629 eodem
1038 1594 1118 1630 loco
1136 1593 1209 1643 post
1223 1593 1434 1632 souchaeum,
1461 1596 1512 1635 (in
1529 1596 1638 1643 prima
1656 1593 1696 1629 de
1710 1598 1817 1644 poetis

64 1647 214 1697 elegiacis
231 1651 441 1689 recitatione,
467 1650 501 1683 in
515 1650 777 1684 Commentariis
794 1644 906 1683 societ.
925 1649 1034 1696 regiae
1050 1645 1145 1682 Paris.
1170 1644 1317 1696 inscript.
1340 1656 1422 1683 tom.
1441 1648 1513 1682 vu.
1541 1660 1616 1696 pag.
1632 1652 1722 1692 370.)
1743 1661 1818 1684 mo-

62 1710 138 1741 net,
165 1703 335 1736 Acronem
350 1711 382 1736 et
395 1701 667 1751 Porphyrionem
685 1699 727 1736 ad
741 1702 874 1736 Horatii
888 1701 927 1735 A.
946 1701 980 1735 P.
998 1696 1042 1736 vs.
1059 1711 1133 1744 402.
1151 1699 1239 1735 haud
1260 1700 1348 1736 recste
1371 1696 1513 1734 tribuisse
1529 1701 1683 1745 Tyrtaeo
1705 1703 1818 1737 inuen-

65 1753 193 1787 tionem
207 1752 380 1796 tubarum,
405 1755 521 1802 quibus
536 1752 792 1789 Lacedaemonii
808 1751 853 1789 vsi
867 1750 1015 1789 vicissent
1034 1750 1233 1795 Messenios,
1261 1753 1464 1798 Tyrrheno,
1489 1752 1645 1788 Herculis
1667 1752 1758 1798 filio,
1781 1752 1818 1790 il-

65 1803 174 1839 larum
191 1805 326 1840 auertere
345 1819 363 1839 a
377 1805 528 1853 plurimis
545 1816 696 1842 veterum
713 1807 848 1851 habit03
875 1819 1003 1842 nomen
1018 1807 1119 1854 igitur
1139 1804 1305 1853 Tyrrheni
1319 1818 1398 1840 cum
1422 1805 1555 1852 Tyrtaei
1572 1807 1711 1841 nomine
1725 1807 1764 1842 ab
1780 1806 1818 1844 il-

64 1856 103 1890 lis
120 1853 215 1891 fuisse
231 1853 422 1892 confusum.
476 1857 646 1894 celebrius
663 1856 790 1894 faCtum
807 1858 852 1894 est
867 1868 985 1907 poetae
1001 1857 1102 1894 nostri
1118 1872 1244 1894 nomen
1267 1856 1493 1908 ἐμβατηξῖοις
1514 1857 1578 1894 illis
1597 1858 1697 1907 (quae
1717 1861 1817 1896 etiam

64 1905 211 1947 ἐνέπλιοι
228 1909 450 1950 vocabantur,
476 1909 554 1946 teste
569 1909 736 1945 Athenaeo
750 1910 805 1945 lib.
822 1913 912 1948 XIV.
939 1925 972 1960 p.
991 1911 1089 1956 630.)
1102 1910 1169 1946 siue
1183 1911 1403 1953 carminibus,
1429 1910 1505 1945 tibia
1523 1920 1555 1946 et
1575 1908 1638 1946 assa
1659 1924 1743 1947 voce
1763 1910 1818 1948 de-

65 1963 214 2004 cantatis,
241 1960 281 1996 ad
297 1974 442 2010 quorum
458 1974 639 1998 numerum
654 1961 786 2005 milites,
804 1963 969 2013 praelium
985 1961 1171 2013 ingressuri,
1185 1962 1329 2012 gradum
1344 1961 1620 1999 moderabantur:
1648 1977 1730 2013 quae
1745 1967 1815 2015 qui.

64 2012 142 2050 dem
160 2013 356 2064 anapaestis,
384 2011 539 2049 versuum
565 2018 741 2064 genere‘in
760 2019 876 2065 primis
898 2014 1024 2052 decoro
1040 2026 1073 2052 et
1093 2019 1243 2052 maxime
1265 2015 1369 2057 virili,
1397 2014 1581 2065 composita
1607 2014 1700 2053 suissi:
1722 2028 1815 2066 putat

68 2066 111 2103 V
106 2067 219 2116 elafius
234 2065 274 2102 ad
290 2068 510 2102 Ammianum
527 2067 766 2104 Marcellinum
783 2069 901 2105 XXIV.
923 2071 956 2104 6.
983 2083 1016 2118 p.
1034 2081 1102 2113 314.
1127 2070 1179 2104 vbi
1205 2068 1328 2105 multus
1351 2067 1396 2103 est
1417 2067 1457 2103 de
1477 2068 1541 2103 illis
1563 2079 1595 2104 et
1619 2069 1814 2120 exemplum

64 2116 181 2156 adfert.
209 2114 289 2162 (vid.
306 2117 346 2154 de
364 2121 431 2155 hoc
445 2117 637 2168 fragmento
653 2120 762 2156 Klotz.
776 2120 816 2156 ad
835 2122 1026 2168 Tyrtaeum
1041 2136 1074 2171 p.
1090 2134 1149 2168 129
1168 2119 1229 2171 sq.)
1282 2124 1324 2156 At
1339 2121 1508 2166 Tyrtaeus
1522 2135 1605 2157 num
1628 2125 1756 2171 primus
1776 2123 1813 2159 il-

60 2171 178 2208 lorum
201 2169 300 2208 fuerit
315 2173 451 2219 audior,
480 2185 529 2208 res
544 2173 698 2222 ambigua
715 2171 779 2209 esse
793 2172 932 2209 videtur.
988 2173 1025 2209 ld
1041 2173 1176 2223 quidem
1193 2176 1310 2209 certius
1325 2173 1386 2215 est,
1413 2174 1555 2219 Tyrtaei
1570 2178 1717 2211 carmina
1737 2172 1814 2211 fuis-

66 2221 99 2261 se
115 2226 301 2275 Spartanis,
329 2235 403 2260 ante
417 2225 585 2274 proelium
601 2224 641 2260 ad
660 2229 840 2262 tentorium
857 2229 942 2275 regis
965 2229 1146 2262 conuenire
1168 2225 1272 2268 iussis,
1300 2229 1453 2268 recitata,
1479 2226 1559 2272 (vid.
1575 2227 1691 2263 locum
1713 2226 1814 2265 claffi-

65 2290 143 2313 cum
159 2276 248 2327 apud
263 2278 451 2326 Lycurgum
469 2280 502 2313 in
525 2291 574 2314 or.
589 2287 705 2314 contra
720 2281 867 2314 Leocrat.
893 2292 963 2327 cap.
977 2285 1030 2319 28.
1049 2292 1080 2327 p.
1097 2290 1174 2325 ²49·
1199 2277 1275 2314 edit.
1293 2280 1544 2329 Hauptrnaimi,
1572 2282 1733 2330 huiusque
1752 2294 1813 2317 no-

52 2333 138 2375 tas.)
152 2329 334 2380 eademque
350 2343 367 2365 a
386 2329 519 2380 singulis
535 2331 718 2367 Laconibus
734 2333 820 2366 inter
834 2333 989 2368 conuiuia
1002 2333 1076 2366 cani
1092 2328 1197 2367 solita.
1224 2330 1307 2380 (vid.
1324 2332 1447 2368 Athen.
1464 2332 1487 2367 l.
1502 2346 1605 2368 mem.
1631 2343 1663 2369 et
1676 2334 1814 2383 Mcmfii

65 2380 245 2419 miscellan.
263 2385 386 2419 Lacon.
402 2384 442 2418 ll.
460 2383 508 2427 a.)
562 2381 739 2433 copiosius
754 2395 868 2420 tamen
882 2386 1107 2432 curatiusque,
1139 2397 1241 2432 quam
1264 2384 1303 2420 ab
1319 2383 1388 2421 aliis
1408 2382 1537 2424 factum
1559 2385 1623 2429 est,
1649 2383 1814 2439 persequi-

130 2435 164 2472 id
179 2446 419 2486 argumentum
435 2436 599 2489 Klotzius-
608 2438 643 2473 in
657 2434 776 2475 differt.
791 2435 924 2473 laudata
943 2450 973 2486 p.
990 2439 1052 2472 160
1068 2456 1118 2463 -
1133 2440 1205 2484 169.

890 2506 922 2543 Δ
934 2519 952 2541 a
974 2519 992 2541 a
1006 2519 1022 2541 a
1037 2519 1054 2541 a
1079 2517 1098 2541 2
1679 2504 1813 2558 Scripsit
