2183 2747
29 2419 40 2468 ll

39 2479 41 2503 ι

710 115 778 152 ET
811 115 1041 152 ERVDITIO
1077 116 1231 152 vAiuA.
1471 118 1678 156 mum.
1786 139 1846 173 529

475 212 595 245 Iliacos
617 213 704 244 intra
729 222 835 244 muros
854 215 1003 254 peccatur
1024 215 1054 243 et
1082 215 1190 248 extra,

92 283 157 317 huc
174 278 312 331 quadrat
329 278 544 330 potissimum.
598 280 754 328 Namque
770 289 800 314 ct
824 278 1040 314 admiratores
1062 280 1207 314 Homeri
1230 287 1262 314 et
1282 281 1518 329 vituperatores
1540 282 1683 321 modum
1710 288 1845 326 excelse.

92 346 180 371 runt.
244 336 295 369 De
321 336 423 369 nimia
445 346 522 383 erga
548 333 761 376 Homerum,
787 334 1051 380 Hippocratem,
1081 334 1307 380 Pythagoram
1332 344 1362 368 et
1387 336 1568 383 Epicurum
1593 338 1755 383 reliaione
1779 347 1843 392 agit

95 387 281 422 Gratianus
298 387 490 434 Asdxpmms
506 388 537 420 in
552 385 664 421 libello
682 384 722 420 de
739 384 962 434 superstitione
980 383 1104 420 erudita
1124 381 1176 419 seu
1194 385 1368 428 litteraria,
1397 387 1521 425 Colon.
1551 400 1636 436 1523.
1653 379 1691 433 Κξς,
1714 408 1745 443 p,
1764 407 1779 438 3
1799 394 1843 446 stl,

95 441 147 475 De
163 439 285 475 iudicio
305 440 470 474 Grauinac
485 441 582 474 nimis
599 435 739 488 superbo
756 437 819 473 vid.
837 440 951 481 Journ.
973 438 1055 473 liter.
1078 434 1180 473 mens.
1196 438 1293 474 Maio
1316 449 1347 475 et
1374 441 1467 477 lunio
1483 455 1564 487 1713.
1582 457 1612 493 p.
1632 457 1670 490 95
1690 443 1732 495 sq,
1762 447 1845 486 adde

94 491 254 528 iudicium
271 491 311 528 de
327 493 483 527 Homero
504 490 644 533 ibidem,
669 502 753 527 tom.
770 492 840 526 Vll.
858 505 888 540 p.
907 499 980 535 308.
999 501 1029 525 et
1045 504 1077 539 p.
1095 503 1165 535 322.
1182 488 1316 527 censura
1333 492 1426 528 libri:
1453 495 1505 530 De
1522 494 1642 533 causes
1658 497 1698 534 de
1715 500 1745 535 la
1762 503 1844 537 Cor-

93 549 228 595 ruption
244 544 286 581 du
303 547 414 588 Gout,
442 559 487 581 ou
503 542 754 594 Supplementa
774 546 867 579 Livi·e
883 543 923 578 de
942 541 1102 579 Madame
1119 545 1255 588 Dacier‚
1283 547 1337 595 qui
1360 556 1454 594 porte
1479 548 1507 583 le
1530 562 1641 586 meme
1665 555 1756 599 titre,
1786 569 1844 605 par

92 600 143 635 M.
158 600 201 634 D.
221 600 255 633 L.
274 595 371 634 Paris.
391 610 434 633 12.
465 619 518 624 —
545 599 769 633 continuator
784 599 893 646 operis
912 598 1077 631 Lamiani:
1104 597 1148 631 Le
1162 596 1288 633 Delizie
1307 596 1358 634 dei
1375 601 1470 636 Dotti
1486 612 1516 636 et
1534 600 1621 651 degli
1643 605 1759 642 eruditi
1782 619 1843 645 etc.

93 664 143 687 nr.
160 652 200 687 Π.
217 651 354 700 collegit
371 649 533 699 insignem
549 651 672 686 nubem
701 660 769 685 tam
793 661 958 691 veterum,
988 662 1088 698 quam
1114 651 1357 696 recentiorum,
1384 655 1438 702 qui
1463 650 1601 690 summis
1623 656 1771 695 laudibus
1795 674 1846 696 or.

93 715 214 740 narunt
230 717 384 754 poetam,
412 715 442 738 et
461 700 525 751 ipse
541 706 674 738 virtutes
692 705 813 751 ingenii
830 713 927 751 atque
943 704 1131 737 carminum
1149 703 1400 741 homericorum
1416 704 1559 756 singulas
1582 709 1724 747 recenset
1749 724 1845 763 atque

93 754 200 793 effert.
255 760 322 792 Pari
340 755 446 791 modo
464 769 514 791 nr.
535 757 589 791 111.
609 769 748 796 eorum,
776 758 832 804 qui
849 758 936 789 varia
955 757 988 788 in
1004 755 1160 791 Homero
1184 756 1223 790 ab
1246 760 1339 792 omni
1364 768 1516 808 tempore
1539 762 1734 812 eulparunt,
1767 766 1848 803 iudi-

95 813 143 844 cia
161 807 280 851 refert,
307 820 337 844 et
355 822 414 848 ea,
440 822 522 858 quae
540 808 595 844 sibi
622 806 834 858 displiceant,
862 804 996 857 copiose
1022 805 1246 857 persequitur,
1269 809 1349 845 iusta
1371 809 1579 850 excusatione
1599 816 1766 854 interdum
1792 818 1846 856 ad-

94 861 177 898 dita:
205 865 293 898 recle
310 875 388 897 vero
405 861 576 897 concludit
593 875 623 910 p.
640 865 711 903 162,
739 889 753 903 ,‚
766 863 896 896 Omero
917 862 956 895 ha
976 858 1027 895 dei
1049 858 1172 903 diserti,
1198 875 1253 898 ma
1271 861 1337 911 egli
1353 861 1371 899 ὲ
1387 861 1515 915 sempre
1531 869 1679 913 Omero,
1709 870 1781 908 cioe
1800 887 1845 908 un

94 914 193 951 Poeta
209 913 334 962 grande
351 928 368 949 e
388 910 545 949 sublime:
573 914 682 963 questa
700 912 884 962 grandezza
901 927 919 948 e
936 911 1098 949 sublimitsst
1119 912 1136 948 ὲ
1154 913 1229 949 stata
1248 929 1264 950 e
1280 913 1346 951 sara
1365 913 1494 967 sempre
1512 933 1556 955 un
1571 920 1668 971 largo
1691 936 1847 962 contante

93 980 153 1017 per
169 979 290 1016 pagare
309 976 390 1002 tutte
404 965 435 1001 le
449 965 481 1000 di
496 966 543 1001 lui
562 971 780 1002 mancanze.“
832 969 942 1016 Atque
959 968 1046 1001 loun.
1063 979 1081 1000 α
1100 966 1225 1003 Womer
1241 966 1281 1003 de
1300 969 1531 1015 Polymathia,
1558 977 1612 1023 qui
1630 989 1702 1025 cap.
1720 977 1758 1011 Π.
1773 976 1847 1027 §.4

94 1018 135 1055 de
151 1020 361 1065 Polymathia
380 1020 524 1054 Homeri
547 1021 633 1068 agit,
660 1032 731 1069 cap.
749 1031 793 1062 17.
819 1032 912 1061 vere,
940 1047 955 1062 ,‚
967 1019 1159 1062 Homerus,
1187 1022 1250 1063 ait,
1281 1020 1369 1070 quasi
1397 1022 1559 1072 quaedam
1583 1028 1849 1076 reprehendendi

95 1072 232 1108 officina
248 1072 426 1114 veteribus,
455 1074 580 1117 (immo
596 1085 730 1121 quoque
745 1070 858 1107 multis
877 1073 1140 1119 recentioribus,)
1158 1075 1274 1109 criticis
1293 1071 1373 1111 fuit:
1402 1078 1443 1111 ita
1467 1090 1585 1114 omnes
1612 1079 1746 1117 libidine
1770 1096 1848 1132 qua-

96 1124 175 1161 dam
199 1136 230 1161 et
257 1127 379 1173 ingenii
402 1125 524 1159 morbo
547 1123 587 1160 ad
609 1125 705 1160 illum
730 1124 986 1174 vituperandum
1009 1126 1227 1175 rapiebantur.
1240 1132 1255 1145 “
1308 1128 1424 1177 Neque
1447 1132 1548 1179 iniqui
1573 1129 1722 1169 censores
1739 1145 1848 1171 tenue-

96 1189 174 1214 runt
189 1180 354 1213 memoria
371 1175 451 1213 illud
470 1177 702 1223 Quinffliliani:
723 1176 899 1221 „modeste
917 1187 949 1213 et
965 1175 1205 1227 circumspecto
1219 1176 1341 1215 iudicio
1361 1180 1401 1216 de
1424 1185 1516 1217 tantis
1534 1187 1609 1218 viris
1633 1185 1847 1224 iudicandum

97 1231 160 1273 est,
184 1245 244 1272 ne,
268 1229 359 1280 quod
381 1229 544 1280 plerisque
568 1229 703 1274 accidit,
736 1229 914 1273 damnent,
942 1244 1026 1280 quae
1050 1244 1120 1266 non
1141 1231 1342 1280 intelligunt.
1356 1239 1370 1252 “
1431 1236 1542 1284 Qare
1563 1239 1638 1286 qui,
1666 1241 1710 1274 vti
1738 1239 1849 1290 plures

94 1282 204 1320 facere
220 1281 394 1319 sueuerunt
408 1293 439 1318 et
455 1281 563 1318 adhuc
581 1281 706 1326 solent,
735 1285 931 1320 Homerum
946 1297 985 1319 ex
1000 1280 1113 1325 sensu,
1140 1297 1207 1334 quo
1225 1298 1286 1320 nos
1303 1286 1420 1322 imbuti
1437 1285 1567 1332 sumus,
1597 1303 1635 1325 ex
1660 1293 1795 1341 ingenio
1817 1304 1850 1330 et

97 1338 247 1373 moribus
271 1335 372 1372 nostri
397 1338 488 1377 aeui,
521 1336 658 1385 legunt,
689 1335 835 1372 iudicant
855 1335 1100 1386 damnantque3
1127 1339 1270 1373 omnino
1297 1338 1424 1382 multa,
1459 1354 1543 1390 quae
1561 1343 1775 1393 vituperanda
1802 1349 1848 1382 vi-

95 1389 253 1436 deantur,
278 1391 458 1439 reperient;
485 1399 517 1424 at
532 1392 621 1424 enim
638 1386 808 1425 summam
827 1403 961 1440 quoque
978 1388 1025 1424 illi
1042 1387 1168 1425 faciunt
1190 1392 1345 1426 iniuriam
1367 1403 1398 1427 et
1422 1393 1534 1430 iniuste
1557 1405 1672 1444 agunt.
1726 1400 1849 1434 Pariter

97 1442 164 1484 illi,
200 1445 254 1492 qui
287 1445 452 1477 maiorem
482 1441 667 1478 litterarum
692 1444 825 1492 copiam
848 1452 879 1478 et
904 1441 1163 1478 reconditiorem
1195 1457 1309 1479 rerum
1337 1443 1526 1482 diuinarum
1557 1450 1849 1502 humanarumque

96 1493 266 1532 scientiam
280 1522 289 1535 ‚
325 1507 426 1545 quam
453 1504 538 1530 aetas
559 1496 745 1531 Homerica
765 1496 884 1531 habere
906 1506 1004 1545 atque
1029 1493 1181 1545 proferre
1206 1499 1335 1546 potuit,
1363 1509 1417 1533 aut
1438 1496 1569 1535 sontem
1587 1501 1674 1551 quasi
1693 1507 1848 1540 omnium

98 1547 328 1584 doffirinarum
351 1549 385 1583 in
407 1550 475 1584 eius
499 1548 699 1584 carminibus
723 1559 904 1598 quaerunt,
931 1551 1039 1584 nimio
1064 1551 1263 1598 antiquitatis
1285 1560 1315 1585 et
1340 1554 1482 1586 Homeri
1503 1567 1620 1589 amore
1640 1554 1782 1605 abrepti,
1808 1558 1848 1594 ab

97 1604 298 1652 ineptiarum
314 1611 411 1651 atque
428 1610 660 1637 contortarum
682 1604 993 1652 interpretationum
1018 1598 1202 1651 suspicione
1216 1601 1303 1638 haud
1323 1603 1414 1639 liberi
1438 1616 1552 1648 erunt;
1580 1608 1689 1643 immo
1715 1622 1794 1645 vero
1815 1611 1850 1647 in

98 1651 230 1690 summa
244 1654 319 1690 luce
334 1655 499 1690 coecutire
513 1652 676 1691 videntur.
731 1656 928 1690 Homerum
942 1653 966 1690 si
980 1656 1068 1690 reete
1081 1654 1266 1704 intelligere
1280 1665 1376 1705 atque
1394 1659 1596 1707 interpretari
1613 1659 1764 1704 velimus,
1793 1676 1848 1699 co-

99 1709 242 1755 gitemus
260 1704 385 1742 necesse
401 1706 464 1753 est,
493 1720 570 1742 eum
590 1704 701 1742 vixisse
716 1707 870 1750 iuuenili,
897 1717 932 1742 vt
950 1710 991 1743 ita
1008 1706 1137 1750 dicam,
1163 1721 1275 1743 rerum
1292 1710 1516 1746 humanarum
1539 1723 1661 1754 aetate,
1688 1714 1849 1763 pluribus-

99 1773 163 1809 que
179 1758 252 1794 ideo
272 1761 413 1808 propriis
429 1758 592 1795 eiusmodi
618 1761 729 1795 aetatis
751 1761 922 1796 virtutibus
949 1773 1053 1810 aeque
1075 1773 1113 1795 ac
1130 1763 1231 1803 vitiis,
1259 1760 1281 1796 si
1295 1775 1378 1811 quae
1395 1765 1426 1797 in
1443 1764 1599 1799 Homero
1615 1764 1677 1800 dici
1703 1765 1848 1816 possunt,

100 1822 154 1846 aut
172 1814 278 1860 potius
293 1811 536 1846 infirmitatibus
552 1809 757 1856 excelluisse,
782 1814 864 1848 bene
883 1813 1049 1848 imbutum
1065 1810 1159 1848 fuisse
1179 1814 1345 1855 omnibus,
1369 1828 1508 1864 quarum
1525 1816 1658 1866 quidem
1684 1828 1769 1856 aetas
1792 1821 1849 1857 illa

98 1862 191 1900 fei-ax
206 1874 292 1906 erat,
319 1862 477 1899 doc‘trinis
491 1876 528 1899 ac
545 1861 742 1912 disciplinis,
770 1877 842 1901 tum
859 1866 1025 1901 itineribus
1038 1862 1161 1915 vsuque
1178 1867 1377 1908 hominum,
1402 1870 1594 1917 ingenium,
1624 1871 1715 1921 quod
1741 1870 1846 1923 splen.

99 1915 236 1959 didum,
270 1913 436 1952 excelsum
466 1929 634 1966 capaxque
656 1919 783 1967 accepit
803 1932 821 1953 a
842 1928 977 1961 natura,
1009 1918 1091 1954 bene
1110 1916 1306 1962 excoluisse,
1338 1933 1395 1963 ea,
1431 1935 1513 1970 quae
1535 1936 1552 1957 a
1579 1926 1712 1973 ceteris,
1743 1937 1846 1963 aetate

101 1970 302 2011 maioribus,
328 1972 434 2019 poetis
452 1969 641 2019 vatibusque
658 1972 783 2019 graecis
795 1999 806 2014 ,
831 1984 914 2020 quos
929 1969 988 2006 nisi
1005 1973 1154 2020 ingenio,
1178 1969 1292 2008 saltem
1310 1973 1452 2009 vbertate
1467 1985 1562 2025 atque
1577 1973 1732 2014 suauitate
1747 1984 1847 2016 varie-

100 2033 232 2072 tateque
251 2024 408 2058 orationis
421 2050 431 2064 ,
458 2022 498 2057 ab
513 2018 583 2071 ipso
599 2021 768 2067 excultae,
793 2020 976 2072 superauit,
999 2024 1086 2060 bona
1102 2026 1216 2060 nac‘tus
1230 2025 1293 2067 est,
1321 2029 1380 2060 rite
1394 2026 1639 2080 prudenterque
1659 2030 1848 2076 adhibuisse,

100 2085 133 2112 et
149 2073 285 2111 scienter
305 2071 578 2110 adcommodasse
599 2078 776 2119 materiae,
802 2090 904 2126 quam
919 2077 1039 2112 viribus
1056 2074 1118 2112 suis
1133 2091 1247 2127 parem
1264 2077 1448 2126 delegerat,
1475 2094 1587 2117 mores
1601 2093 1696 2133 atque
1718 2089 1849 2135 opinio-

100 2141 156 2164 nes
170 2126 210 2163 de
223 2127 282 2163 diis
299 2129 459 2177 rebusque
474 2125 592 2162 diuinis
609 2128 780 2176 vulgares,
807 2132 840 2164 in
855 2129 987 2178 reliquis
1005 2140 1158 2165 naturam
1175 2133 1267 2165 vnice
1288 2127 1482 2180 sequutum,
1503 2147 1519 2168 a
1539 2138 1662 2183 patriae
1679 2147 1710 2172 et
1727 2137 1844 2175 insula-

100 2194 177 2216 rum
203 2179 422 2216 adiacentium
448 2177 640 2215 conditione
653 2179 780 2231 situque
796 2181 922 2223 multa,
946 2196 1030 2231 quae
1052 2180 1093 2217 ad
1116 2181 1347 2218 exornandum
1371 2194 1468 2234 atque
1493 2186 1752 2226 illuminandum
1778 2206 1846 2227 car·

99 2246 179 2269 rnen
196 2230 359 2273 facerent,
386 2244 502 2268 mutua
520 2229 674 2269 sumsisse.
727 2235 818 2270 Hinc
840 2236 1035 2270 Homerum
1056 2247 1119 2283 pro
1143 2234 1247 2277 coeli,
1276 2232 1332 2270 sub
1351 2250 1419 2286 quo
1438 2241 1534 2282 vixit,
1561 2241 1693 2290 habitu,
1716 2257 1846 2294 proque

99 2287 300 2329 hominum,
328 2287 522 2334 quibuscum
545 2287 650 2320 vitam
671 2289 758 2335 egit,
785 2298 841 2323 aut
860 2300 1005 2337 quorum
1032 2299 1081 2322 res
1101 2286 1205 2336 gestas
1226 2290 1394 2339 animique
1416 2287 1502 2327 sensa
1526 2293 1693 2342 expressit,
1719 2296 1842 2341 indole,

99 2349 131 2374 et
147 2352 185 2374 ex
202 2341 327 2374 ratione
340 2336 499 2388 loquendi
515 2348 586 2373 tum
606 2337 735 2389 vulgari
753 2342 976 2389 interpretari,
1003 2350 1100 2389 atque
1122 2343 1156 2375 in
1179 2341 1272 2375 Ionia
1295 2341 1383 2390 quasi
1408 2346 1539 2394 orisque
1554 2345 1646 2383 Asiae
1669 2353 1842 2385 maritimis

95 2388 273 2440 insulisque
288 2388 404 2426 versari
422 2389 599 2434 debemus,
628 2389 651 2426 si
663 2416 672 2431 ‚
700 2393 816 2441 quibus
831 2391 991 2430 abundat.
1019 2392 1149 2442 pulcras
1167 2391 1392 2431 similitudines
1406 2407 1502 2446 atque
1521 2401 1680 2449 imagines
1695 2412 1725 2436 et
1742 2403 1844 2439 fic'tio-

96 2456 171 2486 nes,
198 2457 281 2493 quae
299 2447 332 2479 in
349 2440 480 2480 sensum
494 2445 685 2489 incurrunt,
711 2448 855 2496 poeticas
870 2447 958 2482 rede
975 2443 1093 2482 sentire
1108 2456 1205 2494 atque
1223 2450 1411 2486 examinare
1427 2451 1577 2488 velimus.
1635 2455 1678 2489 At
1693 2454 1790 2505 plura
1805 2454 1845 2490 de

143 2503 212 2535 Vol.
225 2503 254 2535 I.
1065 2498 1094 2534 X
1109 2510 1129 2533 x
1143 2510 1164 2535 x
1784 2510 1843 2543 hac
