2183 2747
80 170 274 227 gog-222
737 171 1194 210 PYTHAGomconM.
1437 175 1511 210 Lib.
1524 176 1575 211 11.
1592 187 1667 222 c.13.
1778 183 1837 223 853

180 268 362 357 {igiwtlersse
385 269 529 318 Syncello
551 281 628 320 pag.
646 281 712 314 271.
787 269 861 306 Fuit
888 279 920 306 et
942 269 1031 306 Milo
1055 269 1212 311 Aetolus,
1250 267 1452 307 Laudamiae
1483 267 1665 321 percussor.
1715 270 1831 319 lustin.

323 350 330 357 .
353 336 379 367 3.
404 329 436 364 8.

75 389 244 432 Miltiades
261 387 526 440 Carthaginensis
552 388 654 425 fidem
672 386 764 425 suam
791 390 933 440 probans
949 388 1067 427 Poffidi
1085 392 1214 439 Argiuo
1238 390 1352 428 itidem
1370 392 1606 441 Pythagorico.
1660 392 1828 429 Iamblich.

181 457 253 494 cap.
277 456 328 488 27.
397 442 460 479 Sed
488 441 673 492 legendum
703 438 913 491 Μυτγιοίὸης
934 456 973 480 ex
1000 442 1234 480 emendatione
1255 447 1319 481 Iac.
1341 445 1502 479 Gronouii
1525 456 1610 480 tom.
1630 445 1670 479 11.
1691 447 1828 494 Antiqu.

175 509 319 546 graecar.
335 495 375 533 ad
394 496 457 532 tab.
478 507 527 539 23.

74 568 212 605 Mimas.
266 567 375 601 Huius
393 562 455 601 effe
471 567 617 614 quinque
632 558 802 615 διαλέξεις
818 563 858 600 de
874 565 964 602 bono
980 576 1011 602 et
1027 565 1140 607 malo.
1166 565 1307 602 honesto
1323 575 1355 601 et
1369 563 1462 601 malo
1474 593 1483 607 ‚
1511 564 1652 601 honesso
1676 575 1707 601 et
1729 568 1829 615 turpi,

179 617 263 654 iusto
280 629 311 654 et
326 618 464 659 iniusto,
492 615 668 652 mendacio
684 628 715 652 et
733 620 889 660 veritate,
914 615 1135 667 sapientiaque
1152 632 1189 654 ac
1203 621 1340 660 virtute,
1366 632 1448 653 num
1468 617 1578 653 doceri
1607 616 1722 667 possit:
1750 631 1831 667 quas

177 684 256 707 cum
276 669 472 720 fragmentis
490 671 780 717 Pythagoreorum
797 669 837 705 ad
856 672 973 706 Laertii
989 671 1115 706 calcem
1131 669 1232 707 edidit
1245 673 1289 706 H.
1307 672 1503 720 Stephanus,
1530 670 1705 706 verisimile
1722 668 1828 706 visum

178 725 317 759 Iohanni
335 723 465 765 North,
492 725 547 771 qui
563 721 634 756 illas
653 722 753 758 latine
767 725 863 758 vertit
879 734 910 758 et
927 727 1013 759 notis
1034 723 1217 759 illustrauit.
1271 723 1406 766 Exstant
1421 727 1504 759 inter
1518 721 1678 773 opuscula
1702 724 1827 769 mythi-

177 791 233 821 ca,
260 773 395 825 physica
415 785 446 810 et
463 776 568 810 ethica
586 775 681 810 Tho.
699 775 802 811 Galei.
831 774 907 811 edit.
930 775 1108 811 Amsselod.
1129 790 1160 825 p.
1179 788 1258 820 704.
1286 788 1316 812 ct
1332 779 1505 812 Mimantis
1529 790 1656 812 nomen
1679 778 1825 811 occurrit

178 843 209 878 p.
228 841 298 871 722.
355 827 416 863 Sed
434 831 466 862 in
486 826 558 862 cod.
574 827 695 869 MSto7
721 831 776 877 qui
795 825 984 864 adstruatur
1004 832 1122 874 Cimo,
1152 830 1294 864 Misniae
1316 828 1463 878 oppido,
1490 827 1618 879 fuitque
1644 827 1727 864 olim
1751 830 1826 864 Rei-

177 879 273 927 nessi,
296 891 327 916 et
343 883 375 915 in
391 881 535 930 quo'hae
550 877 786 916 dissertationes
803 881 902 917 Sexto
921 883 1091 931 Empirico
1107 879 1338 923 subiiciuntun
1367 896 1436 917 non
1458 883 1578 931 legitur
1596 883 1742 927 Μίμοις,
1770 878 1824 916 sed

177 931 292 982 μύςας
312 931 380 969 siue
406 935 563 969 initiatus.
591 933 723 969 Fabric.
762 935 818 983 qui
838 932 879 969 de
903 935 970 970 hoc
991 934 1071 970 loco
1099 933 1263 983 copiosius
1285 931 1405 970 disserit
1436 931 1521 971 infra
1543 934 1597 970 lib.
1615 935 1675 970 Vl.
1703 947 1774 984 cap.
1791 945 1824 978 7.

175 986 243 1022 vol.
268 986 336 1021 XII.
365 999 441 1036 pag.
460 988 529 1030 617.
565 986 665 1021 Harl.

69 1057 347 1092 Mimnomachus
361 1056 552 1090 Leontinus.

69 1125 314 1162 Mnemarchus
333 1121 398 1158 siue
414 1119 633 1158 Mnesarchus
648 1122 810 1157 Theanus
824 1132 856 1158 et
871 1122 1081 1172 Pythagorae
1097 1124 1130 1160 F.
1157 1122 1271 1160 Suidas
1290 1126 1322 1159 in
1341 1118 1476 1163 Θεανώ.
1504 1121 1639 1159 Aristaei
1655 1125 1688 1158 in
1707 1119 1821 1158 schola

178 1178 396 1227 pythagorica
417 1172 596 1215 successor,
630 1173 652 1209 si
677 1173 842 1210 credimus
865 1175 1050 1212 Iamblicho
1073 1192 1143 1226 cap.
1164 1182 1215 1222 36.
1269 1180 1312 1212 At
1343 1179 1498 1211 iuuenem
1528 1173 1691 1211 decc-ssiss‘e
1722 1173 1822 1210 tradit

175 1242 365 1274 anonymus
391 1226 478 1277 apud
496 1228 651 1263 Photium
668 1226 742 1263 cod.
762 1228 907 1264 CCLIX.
933 1231 1027 1264 Pater
1050 1243 1184 1280 quoque
1203 1231 1411 1278 Pythagorae
1431 1225 1649 1263 Mnesarchus
1674 1227 1820 1277 adpella-

171 1282 285 1323 batur‚
313 1291 343 1316 et
364 1277 527 1317 sollemne
542 1281 692 1325 Graecis,
720 1282 860 1315 nomina
877 1294 1022 1317 auorum
1038 1280 1215 1317 infantibus
1241 1285 1434 1331 imponere,
1461 1290 1494 1315 vt
1512 1279 1725 1329 Empedoclis
1749 1281 1820 1328 phi-

171 1332 305 1383 losophi
326 1347 406 1369 auus
423 1333 600 1369 vocabatur
615 1331 730 1368 itidem
746 1332 982 1383 Empedocles.
1036 1335 1088 1369 Sic
1103 1336 1329 1370 Nicomachus
1347 1333 1525 1369 Aristotelis
1543 1344 1644 1382 pater.
1702 1334 1821 1368 Cimo·

171 1389 219 1422 nis
238 1400 342 1436 nepos
359 1388 483 1421 Cimon
499 1384 586 1435 apud
600 1385 828 1422 Plutarchum.
886 1386 987 1423 Ouid.
1005 1389 1059 1422 lx.
1076 1389 1304 1436 Metamorph.
1321 1385 1386 1422 sab.
1406 1398 1450 1420 12.
1481 1385 1575 1421 Vota
1591 1385 1818 1432 Avatersoluit,

169 1451 343 1487 nomenque
360 1441 495 1485 imponit
513 1441 655 1482 auitum,
683 1439 777 1485 Ipliis
791 1451 873 1474 aum
887 1446 968 1475 erat.
996 1440 1170 1491 [compara
1189 1441 1352 1477 Dodwei'l.
1370 1443 1404 1475 in
1422 1441 1538 1474 Exere.
1553 1438 1594 1473 de
1611 1439 1752 1486 Pythag.
1773 1438 1818 1472 vi-

164 1503 195 1527 ta
211 1493 241 1541 §.
261 1504 312 1538 29.
340 1505 372 1541 p.
389 1503 448 1526 222
463 1489 550 1541 sqq.]

58 1558 240 1597 Mnesiiaus
256 1558 486 1609 RheginenfiS.

63 1628 261 1666 Moderatus
279 1629 459 1665 Gaditanus
473 1626 529 1664 sub
543 1629 680 1663 Nerone
703 1627 810 1664 clarus
826 1631 1083 1677 Pythagoricus:
1111 1627 1273 1672 diuersus,
1297 1640 1332 1665 vt
1355 1628 1501 1671 videtur,
1527 1642 1544 1662 a
1567 1629 1602 1663 L.
1621 1627 1716 1661 Iunio
1735 1624 1814 1660 Mo-

163 1680 280 1716 derato
296 1682 508 1721 Columella,
535 1680 612 1716 licet
632 1680 747 1716 itidem
772 1681 938 1720 Gaditano
960 1694 991 1719 et
1013 1683 1161 1719 eiusdem
1182 1686 1292 1719 aetatis
1316 1679 1492 1731 scriptore3
1521 1678 1573 1716 sed
1598 1680 1712 1716 latino.
1744 1675 1813 1711 vid.

165 1734 401 1770 bibliothecam
420 1735 556 1770 latinam
582 1735 681 1781 [tom.
697 1735 736 1769 11.
763 1733 838 1772 edit.
854 1737 990 1772 Ernesti.
1016 1750 1089 1786 cap.
1108 1739 1178 1772 Vll.
1204 1749 1280 1785 pag.
1297 1735 1356 1781 γι]
1391 1737 1441 1769 De
1461 1734 1586 1783 placitis
1611 1729 1713 1767 sedlae
1738 1726 1814 1764 suae

164 1781 289 1835 scripsit
302 1787 403 1822 libros
418 1789 471 1821 xl.
495 1786 572 1822 teste
590 1788 754 1836 l'orphyr.
770 1801 802 1836 p.
817 1800 866 1830 32.
883 1787 949 1824 siue
973 1789 1074 1825 libros
1091 1792 1133 1825 V.
1159 1789 1409 1839 Πυθαγορικῶν
1435 1786 1596 1834 σχολῶν,
1621 1794 1656 1819 vt
1677 1782 1814 1832 Stepha-

163 1850 225 1873 nus
241 1852 280 1874 ac
296 1838 409 1874 Suidas
428 1842 459 1873 iu
475 1835 625 1888 Γάδειρα
636 1866 646 1881 ‚
676 1839 766 1874 idem
782 1843 871 1876 enim
888 1855 973 1891 opus
991 1839 1053 1877 effe
1068 1853 1159 1892 puto.
1187 1840 1267 1887 [vid.
1286 1842 1448 1889 Porphyr.
1465 1842 1499 1874 in
1512 1841 1576 1872 vita
1595 1836 1716 1872 Plotini
1739 1848 1812 1883 cap.

165 1902 218 1926 2ο.
249 1891 451 1937 Heumann]
503 1893 606 1926 Hunc
627 1890 846 1928 Moderatum
870 1897 980 1930 virum
1005 1893 1309 1944 eloquentissimum
1333 1907 1372 1928 ex
1395 1902 1486 1942 parte
1512 1893 1655 1925 imitatus
1679 1887 1812 1923 Iambli-

162 1943 262 1986 chus,
290 1943 367 1979 teste
385 1943 587 1990 Hieronymo
602 1955 629 1978 2.
646 1941 800 1980 aduersus
815 1945 930 1983 Rufin.
984 1948 1038 1984 De
1053 1946 1236 1983 Moderato
1259 1945 1332 1981 vide
1355 1943 1568 1980 Tennulium
1591 1940 1630 1977 ad
1646 1939 1813 1975 Iamblishi

163 1997 371 2032 Arithmetic.
389 2010 419 2045 p.
436 1998 490 2030 60.
519 1996 657 2045 Iorfium
672 1995 729 2032 lib.
746 1997 799 2031 111.
827 2011 899 2047 cap.
916 2011 940 2044 5.
968 2012 999 2047 p.
1019 2012 1092 2045 229.
1119 1998 1203 2034 infra
1219 2002 1251 2034 in
1271 1997 1451 2039 oderam,
1478 2006 1509 2032 et
1524 1994 1638 2045 paullo
1653 2004 1746 2030 ante,
1774 1994 1810 2027 in

161 2048 292 2084 Lucius.
343 2049 583 2097 Fragmentum
598 2050 665 2084 eius
689 2047 775 2098 apud
790 2052 960 2086 Srohaeum
977 2052 1097 2101 Eclog.
1115 2065 1190 2102 pag.
1208 2064 1236 2095 3.
1265 2053 1393 2086 fabric.
1435 2047 1499 2085 vid.
1515 2044 1619 2084 Vales
1637 2045 1706 2081 hist.
1725 2043 1807 2080 eccl.

159 2099 215 2138 lib,
240 2102 298 2137 VI.
328 2115 401 2150 cap.
429 2113 481 2146 29.
508 2113 584 2151 pag.
603 2113 677 2146 109.
707 2099 891 2139 Heumann.
919 2099 1008 2143 conf,
1025 2103 1265 2140 Aldrobandin.
1287 2102 1326 2138 ad
1351 2105 1499 2151 Diogen.
1522 2102 1629 2138 Laert,
1645 2099 1733 2134 V111.
1757 2109 1805 2144 25.

155 2153 314 2201 IPIeinersI
331 2154 353 2190 l.
371 2168 399 2190 c.
418 2155 443 2189 Ι.
471 2165 548 2203 pag.
568 2160 629 2199 248
647 2150 714 2203 sqq.
742 2157 802 2200 536
820 2151 890 2205 [κῃ.
918 2166 952 2191 at
975 2156 1100 2193 collato
1125 2153 1259 2193 censore
1282 2159 1317 2190 in
1340 2154 1490 2190 biblioth.
1511 2156 1582 2190 crit.
1601 2150 1741 2189 Amssel.
1763 2150 1807 2185 Π.

155 2216 239 2255 part.
257 2216 288 2247 8.
317 2220 392 2257 pag.
409 2219 474 2244 122.

54 2272 213 2317 Moerus,
239 2275 382 2324 Hygino
397 2271 462 2309 fab.
484 2286 550 2319 257.
577 2272 685 2320 idem,
712 2276 766 2322 qui
789 2272 857 2308 aliis
873 2276 1037 2318 Phintias,
1062 2273 1255 2326 sponsorem
1281 2278 1399 2311 mortis
1425 2275 1547 2310 habens
1569 2273 1805 2311 Selinuntium,

159 2329 214 2376 qui
229 2328 298 2363 aliis
314 2338 451 2363 vocatur
465 2328 615 2362 Damon.
671 2325 769 2374 Apud
786 2328 953 2362 Laertium
975 2330 1063 2364 vm.
1080 2342 1110 2374 7.
1130 2329 1283 2366 laudatur
1301 2327 1439 2378 quidam
1453 2329 1598 2370 Moeris,
1626 2325 1806 2374 geometri-

154 2392 275 2416 corum
291 2383 533 2430 principiorum
556 2389 631 2414 ante
649 2380 876 2426 Pythagoram
900 2391 1059 2430 repertor.

43 2440 176 2480 ‚Molon
195 2457 214 2478 a
238 2443 422 2480 lamblicho
442 2455 512 2492 cap.
533 2455 578 2487 23.
599 2435 837 2478 adnumeratur
857 2445 914 2490 iis,
942 2447 998 2494 qui
1022 2446 1156 2479 iuuenes
1179 2445 1407 2493 Pythagoram
1430 2445 1498 2480 iam
1516 2440 1628 2480 senem
1645 2440 1804 2479 ausculta-

151 2505 240 2536 tunt.

898 2549 956 2598 ΡΡ
983 2561 1078 2598 ΓΡΡ
1104 2560 1123 2591 3
1592 2548 1799 2590 Mummius,
