2183 2747
1042 98 1117 137 Lib.
1134 100 1164 137 I.
1190 112 1215 136 c.
1227 98 1381 136 XVIII.

32 108 97 141 Vol.
111 110 131 139 t.
146 118 173 146 ρ.
185 118 219 138 ιιι
618 103 842 143 ORPHEVS.
1730 109 1787 143 143

27 209 75 247 illi
98 209 302 248 trihuuntur,
328 203 433 240 alium
454 203 595 240 habeant
609 203 782 239 audiorem
799 198 836 234 ¹).
891 194 1192 249 Qemadmoduin
1217 206 1277 232 nec
1293 194 1483 231 Androtion
1504 194 1592 245 apud
1607 190 1789 232 Aelianum

29 270 128 312 negat
144 261 321 309 Orpheum
342 259 513 293 Thracem
540 253 654 298 fuisse,
690 251 744 291 secl
762 250 856 290 fuiss'e
873 249 1071 300 sapientem,
1114 250 1182 285 Lib.
1198 251 1285 285 vlu.
1305 251 1334 284 V
1337 262 1382 284 ar.
1399 247 1481 283 Hist.
1499 261 1570 298 cap.
1587 251 1617 283 6.
1676 248 1717 284 V
1715 248 1785 294 offio

35 325 146 353 tamen
159 313 227 348 Lib.
246 313 268 347 I.
286 309 327 346 de
345 313 421 346 artis
441 312 589 345 Poeticae
603 319 718 344 natura
740 319 866 343 nomen
886 301 995 354 ipsum
1013 313 1123 338 totum
1140 301 1269 338 videtur
1291 301 1475 338 conticium
1486 297 1543 345 f),
1572 299 1663 350 quod
1683 300 1787 347 Arifa

30 359 189 404 Rr'abibus
212 363 256 400 est
269 363 375 412 scire,
402 361 537 410 noniffc,
567 360 653 397 vnde
668 360 772 407 Aris,
799 357 863 394 sive
879 358 1035 407 Orpheus
1048 356 1176 403 sciens,
1201 356 1368 397 cruditur,
1396 353 1517 388 doetus.
1573 351 1674 402 Qod
1690 365 1786 400 argu-

29 426 183 456 mentum
208 416 231 453 si
253 416 358 458 valet,
385 412 583 464 exspeelabis
604 424 638 449 vt
658 415 782 455 veniat,
810 413 866 462 qui
890 408 1039 446 similiter
1060 409 1194 457 probet,
1231 410 1331 444 etiam
1357 406 1491 442 nullum
1513 403 1606 441 fuisse
1628 403 1783 450 Moysen.

27 472 113 508 Saue
126 483 195 507 non
211 467 386 506 defuerunt
403 471 481 511 iam,
509 470 563 517 qui
581 469 756 516 Orpheum
773 478 851 500 cum
862 460 983 509 Moyse
999 458 1242 498 confunderent
1257 459 1299 495 Β).
1356 459 1419 495 Alii
1437 472 1506 494 non
1522 472 1626 495 vnum
1645 455 1698 494 sed
1715 457 1787 506 plu-

26 538 78 562 ies
99 521 337 573 antiquiiiimos
359 518 525 560 ἔποπειές
546 522 672 569 Orphei
687 521 827 555 nomine
847 514 941 553 fuisse
957 512 1182 557 contendunt,
1209 524 1243 550 vt
1264 522 1351 564 patet
1374 511 1425 548 vel
1442 526 1459 548 e
1474 510 1591 555 suida,
1614 510 1739 546 inultm
1756 507 1788 542 h)

31 579 74 614 Oi
81 578 187 628 pheos
211 585 440 622 memorante,
479 573 546 610 siue
569 573 715 622 fingente
737 574 846 621 potius
863 563 906 604 ”).

71 739 106 771 c)
128 736 260 767 Fabricii
282 731 516 776 explicationem
539 732 778 774 comprobarunt
802 729 884 762 Tril-

26 780 111 813 letus
137 782 170 811 in
195 780 434 818 Anmerkungen
457 789 492 808 zu
515 776 662 815 lingonis
688 775 794 806 Gmtii
817 774 884 806 Lm·-

27 823 144 857 dender
160 822 309 865 Cllristus,
336 821 530 863 Trannypi'tl
540 829 594 850 etc.
619 820 785 858 Iiamburg.
804 825 882 856 1743.

28 878 95 911 pag.
113 872 175 904 586.
194 874 223 905 (x
233 868 262 897 bi
280 877 295 895 a
311 875 378 907 pag.
394 873 446 899 5530
457 881 496 887 —
509 872 570 902 557.
593 862 704 893 multus
721 864 761 892 est
775 863 812 892 de
827 864 883 891 Or-

30 913 145 954 phe0,)
170 920 199 941 ct
217 910 362 950 Daunius
381 909 416 938 ad
433 910 589 938 Ciceronis
605 906 720 936 locum:
740 909 763 935 is
785 915 884 937 tamen

28 954 124 986 alium
149 953 317 989 Aristotelis
349 951 401 982 Iib.
419 955 441 982 1.
470 951 506 981 de
530 954 636 981 Anima
665 960 727 991 cap.
750 953 786 980 V.

29 1003 93 1038 38⁶·
118 997 235 1040 profert
258 995 376 1031 Iocum,
413 1007 447 1026 ex
464 1005 526 1036 quo
549 993 720 1036 philosophi
743 992 825 1023 illius
847 993 883 1022 de

30 1043 174 1084 Orphicis
205 1041 389 1071 carminibus
418 1039 564 1069 sententia
595 1039 628 1068 fit
652 1037 777 1067 clarior:
817 1038 884 1065 τέτο

27 1084 55 1115 δέ
74 1085 217 1121 πέποιθεν,
253 1083 301 1121 731¹
323 1081 337 1112 ὅ
356 1086 382 1111 ἓν
402 1087 454 1111 τοῖς
475 1082 614 1121 Ὀρφικοῖς
636 1083 795 1114 ‚cumulum
815 1080 885 1109 ἔπεσι

28 1129 118 1165 λα’-ρ’.
142 1139 177 1158 ex
193 1138 255 1169 quo
272 1135 371 1157 tamen
387 1125 454 1156 Ioco
477 1126 508 1156 id
531 1135 654 1166 quoque
677 1124 755 1154 effici
777 1125 883 1165 potest,

29 1173 143 1208 libros,
169 1173 223 1213 qui
237 1171 363 1211 Orpheo
376 1169 642 1205 adscribebantur,
667 1169 719 1210 ipIi
737 1167 823 1198 fuisse
839 1167 883 1197 su-

29 1217 152 1259 spec'los.
199 1215 245 1245 Ibi
259 1225 335 1245 vero
352 1213 530 1244 sententiam
548 1213 663 1254 Orphei
681 1211 803 1247 refutat,
819 1213 882 1240 ani-

27 1270 105 1292 mam
128 1258 203 1289 ferri
220 1260 318 1288 ventis
342 1266 421 1288 etex
445 1266 510 1288 toto
532 1256 653 1296 ingredi
671 1255 881 1298 respiratione.

27 1306 123 1336 Locus
143 1313 262 1339 tamen,
286 1303 322 1332 ad
344 1313 434 1343 quem
453 1300 582 1342 respexit
596 1302 723 1336 Cicero,
747 1301 806 1329 iam
825 1299 882 1330 du-

25 1346 98 1378 dum
115 1348 215 1388 periit.
262 1348 346 1376 Errat
361 1348 454 1385 igitur
468 1344 663 1376 Mosliemius
677 1344 715 1374 ad
734 1343 881 1374 Cudwor-

24 1391 71 1422 thi
85 1392 214 1426 systema
235 1388 442 1420 intellectuale
463 1399 526 1430 cap.
551 1391 603 1419 IV.
626 1386 651 1428 §.
668 1397 708 1427 17.
732 1399 761 1418 n.
776 1397 794 1426 7
808 1396 839 1417 et
855 1393 880 1421 8.

25 1444 92 1477 pag.
114 1445 175 1472 342.
197 1435 249 1464 ibi
272 1442 375 1475 putat,
400 1431 589 1463 Aristotelem
615 1431 730 1471 negasse
749 1430 817 1462 loeo
832 1433 880 1461 Ci-

26 1481 146 1508 ceronis
162 1488 340 1514 memorato,
358 1477 445 1507 fuiss'e
463 1487 605 1518 vmquam
623 1477 792 1516 Orpheum.
807 1474 881 1506 Plu·-

25 1523 156 1563 loponus
179 1523 261 1551 enim
277 1523 393 1551 Comm.
415 1523 446 1550 in
464 1519 630 1550 Aristotelis
647 1519 745 1549 'mcum
762 1519 799 1549 de
817 1521 880 1548 ani-

25 1575 75 1596 ma
95 1565 175 1606 apud
199 1565 378 1595 Cudworth.
400 1575 466 1606 pag.
488 1576 554 1602 344.
577 1562 798 1601 „Aristotelcs‚
826 1565 880 1599 ait,

25 1611 159 1640 carmina
188 1610 260 1639 haec
287 1617 375 1639 vocat
395 1608 546 1643 Καλιίμυα
568 1608 606 1645 sic
626 1607 709 1638 diffa
734 1607 879 1648 Orphica,

26 1655 99 1694 qnia
113 1664 175 1683 non
189 1653 226 1683 ab
242 1651 306 1694 ipso
324 1653 470 1683 videntur
486 1646 612 1693 Orpheo
630 1650 687 1682 effe
705 1650 824 1692 scripta,
847 1649 882 1682 id

47 1697 109 1728 uod
127 1695 185 1738 ipse
203 1698 234 1728 in
250 1697 328 1727 libro
343 1697 380 1728 de
391 1695 583 1738 philofhphia
600 1695 752 1737 adfirmat
766 1690 825 1734 (3¹⁷1
840 1692 880 1729 μὶ

39 1741 90 1769 οκέ
104 1739 223 1779 Ὀρφέως
236 1740 272 1768 ταὶ
286 1742 345 1776 ἓιτη,
368 1738 400 1768 οἷς
414 1741 461 1778 ’tw'
474 1738 555 1768 olm-0⁸2
563 1740 587 1768 ἐν
595 1739 632 1775 τῷ
645 1739 704 1777 περί
714 1739 879 1774 φιλοσοφίας

25 1786 121 1820 λέγει).
144 1786 290 1823 Dogmata
311 1783 437 1825 quidem
453 1782 512 1825 ipsa
526 1782 593 1813 sunt
609 1783 743 1824 Orphei3
767 1792 876 1813 verum

25 1829 99 1859 haec
113 1829 343 1858 Onomacritum
356 1830 491 1856 numeris
507 1825 633 1865 illigasse
649 1826 793 1857 ferunt“.
826 1827 877 1855 Ci-

26 1873 264 1910 ceronis.igitur
283 1881 366 1900 mens
381 1869 464 1900 nulla
487 1869 545 1900 alia
561 1869 619 1901 effe
639 1872 756 1911 potnit,
780 1880 814 1899 ac
830 1878 876 1905 ea,

27 1913 217 1946 Aristotelem
240 1913 406 1944 adfirmasse
423 1915 581 1956 Orpheum
604 1915 778 1950 Thracem,
801 1912 878 1943 cele-

26 1960 112 1990 brem
127 1956 213 1988 illum
228 1959 439 1993 mysteriorum
453 1966 622 1999 parentem,
646 1956 729 1987 nulla
743 1959 878 1987 carmina

24 2001 181 2043 reliquisse
207 2011 236 2032 et
251 2001 460 2042 inscriptiones
482 2000 589 2031 talium
605 2004 775 2031 carminum
795 2011 877 2030 men-

26 2048 78 2077 tiri
94 2046 210 2087 Orphei
225 2045 308 2075 illius
323 2055 449 2075 nomen:
472 2046 532 2075 siue
549 2054 698 2087 poemata,
721 2054 798 2086 quae
812 2043 878 2075 vul-

25 2101 66 2130 go
80 2089 146 2120 sunt
162 2090 288 2130 Orpheo
303 2090 434 2125 tributa,
457 2090 494 2119 ab
511 2088 572 2119 alio
587 2089 645 2120 effe
659 2089 806 2124 confecia,
825 2087 878 2118 fal-

26 2133 119 2175 soque
142 2143 253 2163 nomen
275 2132 358 2162 illius
374 2143 445 2174 prae
463 2132 492 2163 se
511 2132 619 2163 tuIiss‘e.
665 2134 760 2163 Docte
784 2131 879 2175 expli-

26 2187 73 2208 cat
88 2179 243 2208 Ciceronis
268 2175 368 2206 locum
388 2176 537 2218 Gtsnertes
553 2179 585 2206 in
603 2175 829 2216 prolegomenis
848 2187 877 2218 p.

25 2223 127 2253 XVIII
145 2220 185 2261 sq.
203 2230 292 2261 atque
308 2221 430 2250 vberius
447 2219 638 2262 persequitur
653 2220 740 2251 illum
757 2219 878 2250 melius-

25 2275 104 2307 que,
124 2275 213 2306 quam
231 2265 352 2294 Ηαησιι.
371 2266 401 2293 in
417 2263 544 2305 Disquis.
561 2265 751 2306 metaphyfle.
767 2275 795 2305 p.
818 2274 878 2302 337.

23 2318 115 2341 ornat
143 2310 443 2349 interpretationem,
478 2315 508 2338 et
528 2307 680 2340 Bruckeri
700 2308 878 2338 sententiam

26 2352 65 2384 de
81 2351 135 2382 illo
151 2351 236 2388 Ioco,
261 2361 334 2381 tom.
351 2354 373 2381 I.
389 2352 464 2381 ΗΜ.
479 2353 543 2382 crit.
561 2350 636 2393 phil.
653 2363 681 2394 p.
700 2362 765 2391 374.
779 2350 878 2393 proIa-

24 2405 86 2428 tam
111 2399 261 2426 examinat
288 2395 510 2426 Tiedcmamms
532 2405 597 2436 pag.
623 2407 668 2433 3-·
677 2406 706 2435 7.
729 2396 806 2426 adde
828 2396 875 2428 Ol.

23 2439 224 2472 Borrichium
241 2438 312 2471 Diss'.
329 2441 353 2470 1.
370 2438 408 2470 de
424 2440 522 2471 Poetis
543 2437 631 2482 §.17.
675 2440 774 2472 Harl.

817 960 883 991 p'lg.

977 567 1041 603 Alii
1064 566 1127 602 alia
1150 570 1298 603 nominis
1322 567 1446 616 Orphei
1470 576 1582 611 etym-‚1
1602 565 1787 600 commenti

1702 613 1785 651 sunt.

971 726 1012 770 s)
1037 727 1128 758 Rce'te
1141 735 1157 755 a
1170 725 1272 757 Voffio
1295 725 1427 757 dissentit
1443 725 1581 756 Thomas
1597 726 1744 754 Burnetns
1761 733 1786 752 c.

938 783 966 809 9.
990 768 1227 809 Archaeologiae
1250 769 1359 800 Philos.
1389 772 1438 800 cui
1468 770 1545 799 addc
1570 767 1788 799 observatores

939 814 1092 847 l-lillenses
1110 815 1169 847 l'l.
1180 824 1224 850 29.
1249 813 1314 844 Alia
1331 813 1518 852 Iityniologia
1537 813 1633 842 arrisit
1649 809 1788 842 Gerardo

938 860 1059 890 Croeiio
1075 861 1105 889 in
1117 859 1192 888 Hist.
1203 858 1413 888 Hebraeorum
1430 860 1464 888 H:
1481 859 1593 887 merita
1609 867 1636 898 p.
1656 859 1718 892 ¹46.
1733 856 1789 894 qui

939 902 1076 934 {imiliter
1090 912 1209 944 praeter
1223 912 1286 931 rem
1303 911 1391 940 negat
1414 901 1510 932 vnum
1520 900 1606 930 fuisse
1619 900 1786 940 Orpheum.

979 952 1017 988 g)
1040 946 1172 977 Leuibus
1203 949 1387 984 argumentis
1410 946 1516 976 duetus
1547 952 1634 984 negat
1654 943 1789 974 Mustius

939 991 1105 1022 Deinonssr.
1124 992 1235 1027 Euang.
1254 992 1341 1030 I'rop.
1358 992 1408 1020 IV.
1425 1001 1488 1031 cap.
1505 997 1529 1023 55.
1547 988 1571 1029 ᾧ.
1592 995 1630 1021 18.
1650 985 1788 1016 exstitiss'e

939 1045 1080 1075 vmquam
1102 1034 1258 1074 Orpheum
1286 1044 1315 1063 et
1340 1032 1364 1074 §.
1385 1043 1423 1069 ¹9.
1454 1033 1490 1063 ad
1515 1033 1602 1063 Molis
1625 1028 1789 1071 exemplar,

939 1080 1096 1119 Orpheum
1120 1077 1215 1119 ipsum
1241 1076 1297 1107 esse
1318 1077 1503 1119 expressum.
1528 1076 1685 1106 contendit
1706 1076 1789 1111 inge-

938 1122 1083 1163 nioseque
1099 1123 1232 1152 instituta
1249 1120 1404 1162 vtriusque
1423 1122 1648 1162 enumeratione
1664 1119 1789 1148 demon-

938 1167 1028 1196 strare
1053 1174 1189 1196 conatur.
1242 1167 1275 1194 Et
1298 1174 1397 1195 tamen
1419 1175 1575 1204 argutatur
1597 1165 1645 1193 vir
1672 1162 1787 1192 deeius·

937 1209 1009 1240 vide
1027 1209 1222 1241 Tiedemamz.
1239 1220 1266 1250 p.
1293 1219 1306 1245 ς
1327 1218 1355 1239 et
1371 1214 1398 1239 6.
1422 1219 1512 1249 atque
1527 1207 1680 1238 censorem
1704 1204 1788 1235 iilius

937 1252 1104 1292 elegantem
1122 1250 1306 1293 d'ochnnque
1329 1255 1359 1282 in
1375 1252 1518 1282 Biblioth.
1536 1253 1650 1282 critica.
1667 1247 1786 1280 [mistel.

936 1296 998 1328 vol.
1014 1300 1052 1328 11.
1070 1304 1146 1338 part.
1163 1299 1213 1326 VI.
1225 1303 1325 1337 pag.8i
1345 1295 1385 1337 sq.
1404 1297 1456 1326 vbi
1474 1306 1597 1337 quoque
1613 1295 1650 1325 de
1666 1293 1788 1332 Diony-

927 1342 994 1384 fio,
1030 1343 1083 1383 qui
1109 1341 1147 1371 dc
1171 1341 1297 1380 Orpheo
1324 1339 1460 1381 prodidit
1477 1362 1486 1375 ,
1524 1339 1653 1379 locoque
1677 1337 1787 1367 Suidae

935 1387 1046 1424 agitur,
1081 1384 1169 1415 Mofis
1185 1382 1271 1414 libris
1286 1384 1406 1413 adiutus
1423 1384 1535 1413 dicitur
1550 1393 1566 1411 a
1581 1384 1694 1412 Iustino
1706 1379 1787 1422 apud

939 1427 1061 1461 Il'ortlz.
1083 1429 1120 1458 ad
1137 1429 1266 1458 Tatiani
1285 1430 1370 1458 Orat.
1389 1427 1424 1456 ad
1443 1430 1572 1456 Graecos
1588 1437 1653 1468 pag.
1673 1437 1696 1462 3.
1712 1436 1741 1454 n.
1759 1427 1788 1454 6.

935 1475 1039 1514 Aeque
1059 1471 1177 1502 lubrica
1200 1470 1332 1512 falsaque
1351 1473 1391 1501 est
1406 1470 1534 1512 suspicio
1551 1471 1574 1501 Ι.
1594 1470 1704 1501 Heinr.
1728 1467 1790 1499 Vr-

926 1517 1006 1559 Jim',
1030 1519 1076 1551 (in
1089 1514 1222 1545 Anale&
1240 1517 1286 1545 SS.
1305 1513 1357 1545 lib.
1376 1517 1427 1545 IV.
1445 1524 1511 1556 pag.
1531 1525 1582 1548 ιιι)
1597 1512 1673 1554 sqq.)
1697 1513 1788 1542 Daui-

935 1560 1005 1591 dem
1020 1570 1121 1599 regem
1137 1558 1189 1589 sub
1207 1561 1332 1600 Orpheo
1352 1557 1455 1589 latere.
1502 1560 1623 1589 Praeter
1639 1559 1787 1587 Huetium
1805 1554 1808 1556 ’

936 1606 1025 1634 etiam
1042 1614 1071 1634 et
1085 1602 1234 1645 Croesum
1252 1612 1268 1631 a
1288 1603 1426 1632 Fabricio
1443 1604 1502 1631 iam
1518 1605 1549 1632 in
1567 1610 1636 1631 nota
1651 1602 1788 1630 nomina-

935 1656 998 1679 tum
1012 1671 1021 1684 ‚
1055 1647 1188 1680 Natalis
1204 1646 1389 1678 Alexander
1410 1647 1500 1681 (Hist.
1517 1644 1588 1675 eccl.
1605 1648 1640 1674 V.
1661 1646 1703 1674 Τ.
1722 1653 1786 1684 cap.

935 1699 959 1727 8.
977 1702 1041 1735 pag.
1060 1696 1134 1730 357).
1183 1692 1341 1732 Orpheum
1360 1688 1530 1731 proscripsit
1550 1689 1633 1730 quasi
1655 1695 1683 1718 ct
1698 1697 1713 1717 e
1731 1697 1787 1717 nu-

933 1747 1019 1766 mero
1033 1733 1209 1766 mortalium
1223 1736 1325 1764 metit:
1344 1735 1403 1763 iam
1418 1731 1485 1763 satis
1499 1741 1600 1763 autem
1615 1732 1786 1772 crebroque

933 1779 1053 1822 explosa
1068 1779 1136 1809 sunt
1152 1777 1204 1808 illa
1219 1777 1332 1808 somnia
1348 1787 1364 1806 a
1379 1779 1453 1807 viris
1469 1777 1574 1808 doetis.
1594 1787 1622 1806 v.
1638 1775 1786 1807 Brucker.

931 1835 959 1866 p.
978 1835 1043 1863 374.
1059 1832 1121 1854 not.
1138 1827 1185 1859 o.)
1201 1831 1228 1852 et
1253 1820 1376 1863 Geykeri
1391 1819 1560 1860 Prolegoni.
1574 1822 1642 1858 Pag.
1659 1820 1712 1850 XX
1723 1817 1786 1859 sqq.

929 1868 1026 1899 Harl.

973 1911 1006 1948 Ιι)
1030 1910 1109 1941 Vide
1126 1911 1216 1940 etiam
1236 1910 1253 1938 si
1273 1907 1369 1950 placet
1387 1909 1567 1939 Kircherum
1585 1907 1651 1937 Lib.
1671 1908 1709 1936 11.
1728 1908 1786 1936 Oc-

932 1955 997 1997 dipi
1021 1964 1096 1997 part.
1115 1966 1136 1985 1.
1159 1965 1186 1995 p.
1204 1964 1262 1989 ¹50-
1287 1953 1340 1983 xbi
1361 1951 1581 1993 corruptissima
1600 1951 1637 1980 de
1659 1950 1786 1990 Orpheo

931 1999 1104 2030 traduntur.
1148 1998 1266 2038 Orphei
1284 1996 1413 2027 alterius
1425 1997 1565 2026 meminit
1587 2002 1616 2024 et
1633 1995 1737 2025 Snidas
1752 1995 1785 2022 in

930 2046 1012 2073 Λεως.
1055 2043 1171 2073 Habuit
1193 2050 1222 2071 ct
1236 2042 1344 2071 Cicero
1366 2039 1487 2070 seruum
1509 2039 1627 2081 Orphei
1650 2038 1786 2068 nomine.

932 2087 1012 2118 Vide
1029 2087 1100 2119 ΧΗ
1112 2087 1129 2121 ’,
1152 2097 1180 2123 4.
1196 2084 1232 2114 ad
1249 2083 1392 2115 familiar.

976 2132 1000 2166 i)
1023 2129 1156 2165 Suidarn,
1181 2131 1338 2159 variorum
1354 2126 1568 2170 compilantem
1584 2126 1784 2161 narrationes,

930 2175 1072 2206 Eudosin
1095 2183 1159 2215 pag.
1177 2179 1224 2209 3¹8
1242 2180 1272 2203 et
1286 2183 1347 2210 319-
1370 2171 1522 2213 descripsit
1540 2173 1698 2200 nia-cimam
1720 2178 1785 2210 par-

933 2226 1005 2249 tem.
1062 2220 1096 2248 In
1126 2226 1254 2246 numero
1277 2215 1413 2258 plurium
1438 2214 1563 2245 illorum
1587 2214 1785 2254 Orpheorum

931 2263 1065 2293 occurrit
1089 2259 1232 2301 Orpheus
1251 2260 1456 2295 Crotonhrta,
1480 2269 1571 2299 quein
1594 2257 1734 2289 Etidocia
1754 2267 1785 2297 p.

932 2318 997 2344 320,
1022 2315 1051 2335 et
1070 2303 1188 2346 Simson
1213 2305 1245 2333 in
1259 2305 1374 2334 Chron.
1398 2302 1508 2334 cathol.
1532 2301 1568 2331 ad
1591 2303 1623 2331 A.
1634 2302 1676 2331 M.
1699 2310 1785 2337 3÷29-

930 2358 997 2380 ante
1016 2349 1167 2379 Christum
1184 2358 1249 2386 574.
1265 2350 1302 2378 V.
1319 2350 1352 2379 C.
1370 2355 1428 2386 1753.
1445 2357 1513 2376 cum
1529 2345 1663 2376 Mem-fio
1680 2345 1786 2384 Argo-

929 2394 1144 2428 nauticorum,
1167 2401 1245 2433 quae
1259 2392 1352 2422 hodic
1366 2389 1636 2424 circumferuntur,
1661 2387 1718 2418 efi'c
1733 2397 1786 2416 au-

929 2439 1044 2470 &oreru
1059 2443 1178 2480 putant:
1200 2439 1234 2468 in
1249 2436 1355 2467 eadem
1369 2434 1515 2467 sententia
1531 2431 1668 2465 versatur
1678 2432 1705 2463 T
1703 2431 1785 2461 lzom.

1673 2475 1784 2510 Reitze-
