2183 2747
176 93 243 133 798
350 83 424 122 Lib.
439 83 489 121 η.
508 96 531 120 e.
547 84 589 121 ης

885 74 1146 116 HIEROCLES
1182 72 1231 113 IN

1741 74 1838 108 vom.
1853 82 1942 112 2⁴70

181 193 316 235 ptorem
334 184 463 220 Aeneae
482 182 603 219 Gazaei
617 175 697 226 Μ),
730 185 764 214 vt
781 189 819 213 ex
838 175 955 212 limine
970 173 1094 222 dialogi
1112 176 1179 208 eius
1195 170 1238 208 de
1260 167 1500 210 resurreetione
1521 170 1713 224 colligitur,
1739 184 1837 226 atque
1859 174 1944 212 adeo

181 241 268 272 circa
291 235 443 272 medium
460 233 578 272 saeculi
596 232 670 284 post
686 230 856 268 Christum
879 240 994 264 natum
1016 229 1119 276 quinti
1139 222 1296 265 floruisse,

1350 228 1463 275 Qam
1481 236 1624 264 aetatem
1644 227 1716 264 aliis
1739 231 1945 278 argumentis

183 294 285 326 etiam
302 288 437 326 adstruit
452 289 573 340 Ionflus
594 288 652 322 111.
670 291 716 327 18.
743 284 795 318 vbi
813 278 945 330 copiose
965 282 1073 329 agitur
1088 278 1129 314 de
1144 279 1318 316 Hierocle.
1346 276 1454 325 (conf.
1475 277 1573 330 supra
1593 278 1634 316 ad
1658 278 1691 331 ᾗ.
1709 281 1767 317 VI.
1794 290 1827 317 et
1848 284 1946 318 Lam.

184 344 267 380 bccii
283 345 481 381 Commeat.
498 340 539 378 de
555 338 701 377 biblioth.
718 333 808 373 Caes.
826 333 970 370 Vindob.
988 331 1057 370 vol.
1068 333 1142 369 vu.
1156 346 1191 383 p.
1204 338 1270 374 288
1281 328 1368 384 sqq.)
1421 333 1487 369 Sed
1503 333 1593 371 male
1608 332 1770 371 cumdem
1782 331 1851 368 ΡΡΡ)
1865 336 1946 372 Hie-

181 513 307 556 flicmus
329 508 491 541 rediuiuus
513 512 566 536 etc.
590 499 773 536 stockholm‚
800 502 875 535 1638.
900 504 924 532 8.
948 500 1036 530 vuius

186 555 322 599 plagulae
338 555 398 589 est,
418 560 492 592 quac
513 552 641 591 primum
665 547 732 576 sistit
755 554 872 574 carmen
887 553 1036 582 graecum,

188 601 276 636 dein,
300 598 388 628 latine
409 594 565 626 redditum.
590 590 649 621 vid.
664 590 746 621 Fant
763 589 873 618 Hister.
891 586 1037 618 litteratu-

187 655 238 676 rae
253 652 372 682 graecae
388 643 416 670 in
433 639 550 673 Snecia,
574 633 727 677 Vpsaliae,
752 642 834 671 1779.
859 643 888 674 p.
904 640 948 670 73.

235 686 442 727 Pythagorae
459 682 489 713 C.
506 680 545 719 A.
562 688 676 720 graece
691 682 720 708 et
735 678 790 708 lat.
812 681 860 712 (ex
884 674 957 706 vers.
974 677 1038 707 Viti

190 731 390 763 Anierbachii)
406 737 470 756 curn
484 724 590 758 analyti
605 725 705 753 critica
722 728 750 752 et
762 721 869 757 ethica,
892 722 1037 751 imitatio-

190 776 276 807 nibus
298 784 400 813 gracco
416 791 425 796 -
443 769 539 800 latinis
563 775 590 798 et
611 766 708 798 indice
730 768 868 804 gemino,
898 775 989 807 opera
1009 772 1038 795 et

190 819 286 852 studio
302 818 345 849 lo.
365 814 434 847 Clzr.
450 811 614 844 Knautlzii.
647 810 789 842 Dresdae.
815 819 899 848 1720.
924 815 948 842 8.

233 866 294 901 Ego
309 872 380 891 vcro
400 857 473 888 illud
494 866 602 898 poema
618 855 686 885 dedi
708 863 796 896 atque
819 852 963 884 illustraui
977 854 1039 895 pri-

189 919 270 938 murn
288 908 315 936 in
334 901 566 934 Clircstomathia
581 911 623 938 gr.
640 901 767 941 poetica,
790 898 935 936 Cobttrgi,
954 901 1038 936 1769.

189 952 255 981 dein
287 947 415 979 secundis
444 947 538 980 curis,
569 946 599 974 in
623 942 804 982 Anthologia
831 952 934 982 graeca
959 949 1039 984 poet.

189 995 393 1030 Noribmgae,
419 999 499 1028 ¹775·
523 995 549 1023 8.

233 1037 440 1078 Pythagorae
473 1041 572 1064 aurea
611 1032 752 1063 carmina
799 1040 867 1062 cum
902 1028 1040 1070 integris

188 1078 506 1122 aetimadueiyionibus
530 1076 682 1108 Friderici
695 1074 878 1116 Sylburgii,
907 1073 1040 1105 Theodo-

188 1129 219 1159 ri
237 1125 396 1160 Mart-iiii,
423 1123 489 1155 Viti
509 1119 714 1153 Amerbachii
737 1124 767 1150 et
784 1119 874 1151 Petri
890 1116 1039 1150 Neea'lta-

188 1172 248 1206 mi,
277 1178 390 1210 graece
415 1171 444 1198 et
475 1166 580 1196 latine.
628 1165 721 1195 Nunc
751 1164 850 1194 denuo
879 1159 1040 1201 recensuit,

187 1225 252 1247 cum
271 1213 396 1253 optimis
411 1210 582 1253 quibusque
598 1207 751 1239 codicibus
771 1208 856 1247 typis
879 1205 1042 1248 descriptis

186 1258 334 1293 contulit,
372 1253 662 1295 interpretationem
692 1252 827 1282 latinam
855 1249 1041 1285 emendanit,

185 1302 344 1345 historiam
361 1299 481 1331 breuem
500 1296 536 1328 de
555 1296 648 1327 rebus
670 1294 714 1326 ad
731 1293 953 1335 Pythagoram
973 1302 1042 1333 per-

186 1344 372 1380 tinentibus,
396 1343 561 1374 variantes
575 1339 734 1375 leffiones,
758 1337 988 1380 obseruationes
1011 1340 1042 1367 et

186 1392 301 1424 indices
316 1388 429 1420 adiecit
452 1386 496 1418 Ιο.
509 1384 621 1416 Adam
635 1381 752 1415 Schier.
768 1382 811 1415 A.
829 1382 877 1413 M.
907 1380 1041 1424 Lipsiae,

187 1445 279 1478 ¹75⁰-
302 1439 326 1466 s.

232 1476 382 1510 Praemisit
403 1474 531 1506 indicem
552 1472 720 1503 editionum
744 1471 970 1513 praecipuarum
987 1469 1041 1502 Py-

187 1524 328 1562 thagorae
351 1521 531 1550 carminum:
556 1516 670 1547 addidit
693 1515 772 1546 idem
796 1517 889 1546 vitam
910 1511 1040 1555 philoso-

188 1569 252 1610 phi.
299 1567 398 1597 Notae
416 1565 532 1594 criticae
550 1560 695 1591 subiectae
712 1559 776 1590 sunt
799 1559 968 1588 contextui:
991 1555 1040 1585 ad-

190 1612 357 1644 notationes
371 1615 470 1639 autcm
486 1606 638 1636 vberiores
655 1603 741 1634 illum
763 1604 923 1644 excipiunt.

233 1654 509 1696 Pythagoreorum
534 1658 664 1680 aureum
686 1656 830 1682 carmen,
855 1644 1043 1676 varietatem

192 1697 327 1731 leffionis
356 1701 508 1736 notasque
534 1692 666 1724 adiecit.-
693 1691 724 1722 t'n
755 1689 841 1732 vyiam
863 1686 1044 1730 scholarum

190 1743 286 1775 edidit
301 1739 472 1772 Eberhard
491 1735 616 1770 Gottlob
634 1732 811 1776 Glandors,
834 1734 877 1766 (in
899 1729 1044 1774 praesenti

193 1787 358 1818 Conrec‘tor
387 1782 536 1818 Gytnnasii
562 1779 738 1815 Onoldini),
785 1777 915 1817 Lipsiae,
958 1776 1042 1812 1776.

194 1833 265 1861 min.
283 1836 307 1863 8.
331 1839 373 1866 gr.
396 1835 424 1858 et
445 1825 493 1856 lat.
540 1825 585 1855 Est
607 1825 692 1865 prior
713 1832 779 1864 pars
802 1819 872 1850 libri
895 1817 1043 1859 inscripti:

192 1871 384 1913 Sententiosa
394 1868 655 1913 vetusttffimorum
663 1865 773 1908 gnomt'
777 1873 880 1896 corum
895 1870 1041 1904 quorum-

194 1918 267 1949 dam
282 1920 444 1956 poctarum
460 1921 565 1954 opera.
611 1914 644 1942 ln
659 1909 872 1940 commentario
888 1907 1040 1936 vberrimo

195 1970 255 1992 tuin
276 1961 311 1990 dc
336 1959 470 1989 iectionis
492 1959 634 1990 varietate
656 1965 688 1984 ac
711 1954 854 1988 veritate,
890 1960 979 1991 quam
1006 1948 1042 1978 de

198 2004 279 2036 sensit
294 2002 429 2034 versuum
447 2003 535 2042 vique
550 2001 713 2029 verborum
735 1996 874 2026 sollicitus
897 2003 959 2024 erat
980 1992 1041 2022 edi-

199 2058 255 2078 tor.
301 2050 332 2077 In
350 2045 568 2083 Prolegoincnis
584 2041 726 2072 dc'codd.
743 2038 923 2070 editionibus
935 2061 944 2073 ,
967 2044 1044 2066 acta-

198 2100 243 2128 te,
266 2099 438 2127 argumento
453 2097 505 2118 ctc.
531 2086 687 2124 diligenter
701 2094 728 2115 et
743 2082 860 2125 copiose
876 2080 1034 2111 disseritur.

243 2133 376 2166 Brund,
394 2132 473 2161 dedit
489 2130 561 2162 illud
578 2140 702 2172 pot-tna,
725 2139 767 2168 gr.
793 2129 868 2157 inter
884 2125 1048 2157 Gnomicos

198 2183 466 2221 povtasgrascos.
489 2175 693 2212 Argentorati‚
718 2179 799 2210 ¹78⁴-
821 2176 845 2203 8.
870 2181 896 2210 p.
916 2178 970 2207 ¹07
987 2168 1046 2209 sqq.

200 2235 230 2252 ct
250 2221 356 2250 adiecit
378 2219 495 2248 lutintnn
519 2218 792 2258 interpretationem
815 2214 950 2244 versuum
964 2236 971 2247 ‚
995 2223 1047 2253 qut

202 2265 280 2308 apud
303 2264 458 2293 stobaeum
479 2261 559 2296 sunt,
583 2263 742 2301 interprete
759 2261 886 2296 Hugone
908 2258 1024 2287 Grotio.

246 2308 424 2343 Subinngani
439 2307 577 2345 quaffllnin
594 2305 748 2333 vestiunt-s.
772 2300 979 2342 Pythagorae
993 2310 1048 2330 tlu-

202 2362 258 2384 rta
281 2351 396 2383 veiim,
420 2352 544 2377 Soet-uis
566 2346 723 2382 Symbola,
747 2346 897 2388 Speusippi
922 2344 997 2374 liber
1013 2343 1048 2373 dc

205 2393 457 2426 distinctionibus,
483 2393 652 2421 Xenocratis
674 2390 748 2420 libu-
769 2391 803 2419 de
829 2398 924 2419 mot-tt·
941 2388 1048 2418 Aristu-

204 2440 269 2472 tclis
294 2437 329 2468 de
353 2438 467 2467 animae
492 2433 712 2465 immortalitate
738 2442 791 2464 etc.
817 2450 855 2458 -—
883 2432 980 2464 latine.
1008 2447 1050 2456 —

1801 390 1946 432 coelem,

1090 495 1228 530 Iacobus
1252 495 1522 540 Pulcridrapensis
1547 497 1584 530 de
1606 496 1852 540 Bao-gofrancho
1873 500 1946 531 haec

1090 541 1269 572 collediauea
1284 543 1367 572 omni
1376 550 1439 572 arte
1453 549 1482 572 et
1499 541 1616 573 solertia
1631 545 1764 585 imprimi
1779 544 1899 574 curabat
1913 546 1944 575 in

1090 586 1168 617 alma
1202 594 1231 616 et
1265 585 1373 621 inclyta
1403 587 1523 616 ciuitate
1546 585 1689 627 Papiae,
1725 588 1866 619 MDXVI.
1891 586 1946 618 fol.

1091 630 1153 662 vid.
1173 632 1323 661 Maittaire
1342 629 1433 661 Indic.
1456 632 1488 660 in
1511 632 1545 660 A.
1559 631 1601 661 Τ.
1621 641 1651 672 p.
1667 640 1732 667 ¹90·
1768 646 1812 654 ·—
1848 632 1945 664 Galli·

1089 684 1159 707 cam
1183 676 1322 712 Dacerii,
1345 673 1447 717 paullo
1470 681 1538 705 ante
1559 676 1746 711 mcmoraui,
1768 672 1857 705 aliam
1877 686 1945 706 cum

1089 718 1252 755 Phocylide
1274 718 1360 760 supra
1384 717 1546 749 laudaram
1615 717 1826 755 Germanica,
1856 729 1945 750 carm.

1091 774 1154 794 aur.
1179 773 1271 805 eaque
1295 764 1418 793 metrica
1436 762 1578 799 Gteimii,
1601 764 1632 792 in
1646 763 1799 793 Mercurio
1817 765 1946 794 teutoni·

1091 819 1145 845 co,
1177 806 1346 842 (deutschen
1369 809 1499 837 Mercur.
1528 807 1678 837 menstruo
1703 804 1831 843 libello‚)
1864 815 1947 845 1775.

1091 851 1182 883 mens.
1201 853 1301 884 Maio;
1322 850 1445 887 Linkii,
1469 850 1596 882 Altdorf.
1615 857 1696 888 1780.
1721 860 1751 886 4.
1783 866 1826 873 -·-
1848 850 1947 891 Pyth.

1093 895 1234 940 epistolae
1254 895 1300 927 aa'
1315 895 1502 932 Hieronem,
1524 897 1572 925 in:
1597 894 1821 926 Wandsbecker
1838 895 1947 933 Bothe,

1091 951 1138 971 an.
1155 948 1235 978 1773.
1258 950 1301 970 nr.
1319 942 1381 975 196.
1406 956 1449 962 -
1472 947 1557 970 antea
1569 938 1661 969 latine
1679 941 1710 969 in
1728 937 1808 970 Gilb.
1827 938 1948 980 Cogmv

1094 985 1120 1016 ti
1142 986 1259 1023 Farrag.
1284 982 1398 1026 epistol.
1415 985 1522 1014 Lacon.
1546 993 1611 1025 pag.
1630 993 1703 1020 424.
1722 991 1750 1013 et
1766 991 1825 1020 195.
1849 985 1880 1014 in
1899 983 1948 1016 Ῑο.

1093 1027 1241 1061 Buclzleri
1256 1037 1275 1059 a
1292 1026 1455 1059 Gladbach
1480 1027 1617 1058 thesauro
1633 1026 1746 1068 epistol.
1762 1028 1897 1058 Laconic.
1918 1039 1947 1070 p.

1093 1083 1167 1110 494.
1181 1079 1211 1104 et
1227 1081 1293 1109 599.
1314 1079 1344 1102 et
1358 1074 1389 1102 in
1404 1070 1539 1103 Stanleii
1553 1072 1627 1102 Hist.
1644 1070 1750 1113 philos.
1773 1070 1849 1113 Lips.
1876 1081 1948 1111 ¹7¹¹·

1093 1128 1124 1152 4.
1149 1127 1214 1159 pag.
1230 1125 1304 1154 700.
1358 1115 1491 1147 Italicae
1513 1115 1665 1157 sequentes
1689 1122 1894 1146 memorantur
1917 1118 1948 1147 in

1094 1161 1225 1194 Pattom·
1247 1158 1410 1190 Bibliotcca
1436 1158 1513 1199 degli
1543 1161 1642 1190 autori
1664 1160 1774 1190 antichi
1795 1170 1838 1198 gr.
1860 1170 1875 1190 e
1897 1159 1948 1191 lat.

1094 1205 1307 1244 volgarizzati,
1331 1213 1402 1233 tom.
1418 1206 1470 1234 111.
1493 1215 1522 1246 p.
1540 1210 1589 1237 ¹08
1607 1203 1647 1246 sq.
1670 1208 1692 1239 ι)
1712 1206 1759 1234 in:
1784 1205 1825 1234 La
1839 1202 1949 1235 Callio-

1095 1260 1149 1292 pe,
1179 1259 1274 1280 overo
1295 1250 1408 1280 XXXX
1426 1250 1549 1278 Sonneti
1568 1246 1678 1279 morali
1700 1265 1745 1271 -
1770 1247 1800 1278 di
1822 1246 1949 1279 Aleffan-

1095 1294 1151 1324 dro
1169 1293 1303 1324 Adimari
1328 1300 1382 1322 etc.
1428 1295 1461 1323 In
1483 1293 1624 1328 Fircnze,
1661 1295 1740 1328 1641.
1764 1303 1794 1328 4.
1861 1296 1891 1328 2)
1917 1294 1950 1324 in

1095 1339 1232 1381 Capponi
1262 1337 1380 1368 Liriche
1409 1335 1548 1378 parafrafi
1573 1343 1626 1366 etc.
1664 1339 1769 1367 Venet.
1796 1340 1882 1375 ¹⁶70·
1906 1346 1949 1367 η.

1094 1387 1122 1419 3)
1145 1384 1322 1412 commento
1346 1380 1377 1411 di
1398 1379 1510 1411 Ierocle
1532 1379 1664 1412 Filososo
1689 1379 1775 1422 sopra
1796 1380 1895 1411 ivcrfi
1917 1379 1954 1412 di

1094 1428 1249 1466 Pitagora,
1280 1425 1355 1455 detti
1380 1423 1407 1454 d'
1423 1426 1506 1461 Oro,
1531 1424 1736 1463 vulgat-mente
1758 1423 1889 1455 tradotto
1910 1423 1948 1454 da

1095 1469 1206 1502 Dardi
1227 1468 1345 1501 Bembo
1367 1476 1421 1498 etc.
1447 1471 1551 1498 Vener.
1571 1471 1651 1503 1603.
1666 1477 1696 1504 4.
1719 1469 1811 1503 item,
1834 1466 1949 1498 ibidem

1096 1518 1184 1550 ¹604-
1200 1523 1230 1549 4.
1254 1512 1328 1546 (vid.
1345 1513 1460 1542 Paitoni
1482 1510 1501 1540 1.
1520 1522 1558 1540 m.
1581 1520 1654 1540 tom.
1675 1513 1710 1541 11.
1726 1521 1756 1552 p.
1774 1513 1833 1543 186.
1868 1512 1949 1540 Duas

1095 1559 1147 1589 has
1176 1556 1322 1586 editiones
1349 1565 1366 1584 a
1396 1554 1518 1584 diuersis
1548 1554 1741 1595 typographis
1768 1552 1903 1589 excusas,
1932 1564 1950 1586 a

1095 1599 1260 1632 Mittarello
1282 1601 1312 1628 in
1335 1597 1428 1628 catal.
1448 1598 1527 1628 MSS.
1543 1596 1681 1627 biblioth,
1696 1599 1826 1628 Venetae
1849 1598 1876 1628 S.
1891 1599 1948 1629 Mi-

1095 1642 1221 1679 chaelis,
1245 1653 1273 1685 p.
1291 1647 1332 1677 83.
1351 1641 1476 1682 aliisque
1492 1640 1652 1676 confundi,
1677 1639 1834 1682 aliquoties
1855 1644 1950 1672 anim·

1096 1688 1235 1722 aduerti.)
1280 1686 1413 1716 Addatur
1429 1683 1568 1716 Parasi-n}
1586 1684 1630 1714 de*
1646 1685 1720 1715 versi
1738 1687 1819 1715 aurei
1845 1685 1875 1716 di
1892 1687 1951 1717 Pit-

1096 1740 1218 1770 πεζοι-ε,
1241 1731 1272 1760 in
1291 1730 1408 1760 Sclierzi
1429 1731 1557 1772 poetici,
1581 1739 1600 1758 o
1623 1729 1702 1758 {iano
1724 1729 1892 1760 traduzioni
1914 1728 1951 1760 li-

1096 1777 1166 1806 bere
1183 1773 1229 1804 dnl
1245 1775 1341 1804 Greco
1357 1773 1387 1804 di
1405 1774 1570 1804 Domenico
1593 1772 1629 1802 da
1643 1774 1794 1803 Gattinara
1805 1796 1813 1809 ‚
1837 1772 1951 1804 Profer-

1097 1820 1162 1850 sore
1191 1817 1267 1848 della
1294 1817 1394 1856 lingua
1424 1816 1488 1848 Ital.
1516 1816 1563 1847 nel
1591 1815 1727 1856 Collegio
1750 1816 1892 1848 carolino
1918 1816 1950 1848 di

1093 1862 1244 1896 Brunsvic.
1269 1867 1351 1901 1784.
1376 1867 1402 1896 8.
1427 1860 1525 1893 Harl.

1139 1927 1210 1958 οοο)
1233 1921 1310 1954 Vide
1331 1932 1408 1965 quae
1428 1921 1465 1952 de
1489 1922 1604 1958 Aeneae
1627 1925 1721 1951 aetate
1739 1920 1843 1951 notaui
1863 1918 1951 1963 supra

1094 1978 1158 2010 cap.
1175 1969 1211 1998 X.
1234 1965 1259 2008 §.
1279 1976 1328 2004 29.

1141 2030 1219 2068 ppp)
1243 2026 1419 2056 Communis
1439 2025 1487 2054 hie
1515 2033 1602 2054 error
1624 2021 1725 2052 multi·
1751 2021 1895 2059 eruditis,
1917 2028 1951 2054 vt

1098 2070 1147 2101 vel
1161 2081 1227 2100 cuni
1241 2071 1341 2100 Stoico
1355 2067 1461 2111 philos.
1479 2067 1515 2098 de
1531 2078 1593 2109 quo
1606 2066 1730 2102 Gellius,
1753 2065 1800 2097 vel
1815 2077 1881 2097 cum
1895 2067 1949 2096 L·-

1100 2116 1203 2145 &antii
1227 2112 1343 2155 aequali
1370 2113 1500 2142 nostruin
1523 2110 1713 2141 confundam.
1759 2109 1869 2140 Eadem
1888 2108 1949 2140 sett-

1100 2161 1191 2190 tentia
1216 2157 1335 2187 videtur
1355 2155 1439 2187 fuiffe
1463 2158 1500 2186 H.
1517 2156 1598 2185 Mori
1623 2156 1674 2195 qui
1693 2164 1759 2196 pag.
1781 2157 1849 2192 276.
1870 2155 1949 2195 Opp.

1101 2202 1231 2240 theolog.
1255 2200 1414 2232 Hierocles
1436 2199 1585 2240 egregius
1606 2198 1652 2229 ille
1674 2206 1827 2238 paganus
1844 2205 1953 2228 mon·

1102 2248 1160 2281 lis,
1192 2245 1346 2276 miracula
1369 2242 1480 2285 christi
1502 2252 1562 2273 non
1584 2245 1701 2282 negat,
1731 2250 1785 2272 nec
1802 2238 1952 2281 perfiant

1098 2289 1345 2332 praestantiam,
1365 2285 1424 2329 sed
1446 2285 1620 2321 contendit,
1647 2283 1843 2324 Apollonium
1872 2284 1952 2324 Tya-

1102 2343 1192 2364 neum
1209 2342 1274 2364 cum
1290 2341 1323 2362 eo
1337 2330 1448 2372 saltim
1469 2329 1605 2370 consen-i
1626 2326 1716 2370 poffe.
1763 2329 1817 2357 Pro
1834 2327 1951 2358 Hei-ali-

1103 2386 1146 2412 (ο,
1178 2375 1336 2407 Hierocles
1348 2373 1488 2412 legendus
1502 2374 1541 2403 cit
1558 2374 1587 2403 in
1602 2373 1719 2417 Lipcnii
1734 2370 1871 2403 biblioth.
1885 2372 1953 2414 phi-

1103 2420 1255 2463 losophica
1277 2427 1350 2450 tom.
1368 2420 1406 2451 u.
1435 2429 1464 2461 p.
1488 2420 1571 2457 1276.
