2183 2747
737 114 930 153 HESIODI
962 115 1220 154 EDITIONES.
1475 120 1546 156 Lib.
1557 120 1607 156 II.
1622 133 1646 156 c.
1656 128 1686 160 ε.
1787 132 1853 169 597

215 213 376 250 Theocriti
392 212 537 261 Eclogae
551 214 702 260 triginta.
743 213 858 250 Genus
879 212 1046 249 Theocriti
1061 220 1092 249 et
1107 214 1146 250 de
1161 216 1342 252 inventione
1355 214 1594 253 Bucolicorum.
1630 216 1765 253 Catonis
1781 218 1845 254 Ro-

97 268 369 316 uranifinterrtiae
385 268 603 313 parastaticae
619 265 749 314 distichi,
803 267 979 301 Sententiae
994 266 1120 314 septem
1137 267 1334 315 sapicntusn.
1390 269 1445 304 De
1458 270 1591 307 inuidia.
1648 270 1845 318 Theognidis

97 321 301 371 Megarerfis
319 319 603 367 Siculismtentiae
616 319 781 368 elcgiacae.
820 320 999 354 Sententiae
1015 319 1206 367 Monostichi
1214 333 1278 368 per
1291 323 1395 367 capita
1413 334 1452 356 ex
1466 325 1567 358 variis
1577 325 1693 368 poetis.
1729 322 1844 357 Aurea

98 378 241 409 carmmn
258 374 476 421 Pythagorae.
526 372 721 420 Phocylidae
733 385 846 419 poema
863 372 1121 408 admonitor-ium.
1175 373 1329 409 Carmina
1342 374 1480 421 Sibyllae
1496 375 1678 423 Erythrum
1693 376 1731 409 de
1749 375 1842 411 Chri-

86 425 143 474 sto
161 427 238 474 lesia
256 427 396 461 Domino
411 423 529 472 nqllro.
588 424 786 472 Differentia
805 427 898 461 vocis.
952 425 1085 474 Hqfiodi
1107 423 1299 474 ἸῚιιοὲοηία.
1356 427 1510 462 Eiusdem
1522 428 1654 475 scutmn
1673 428 1839 463 Herculis.

94 481 251 515 Eiusdem
267 479 450 525 Georgicon
466 478 543 513 libri
559 478 581 512 I
583 478 610 512 I.
664 479 702 512 In
719 476 808 512 calce
823 476 979 527 leguntur
993 478 1091 513 haec:
1116 478 1296 528 imprqffum
1316 480 1358 516 V
1352 482 1460 515 metiis
1477 480 1713 516 charafflribus
1729 479 1841 526 aestu-

95 534 149 567 dio
166 532 249 568 Aldi
265 533 415 566 Mamerti
432 532 590 571 Romani,
614 532 810 578 cumgratia
825 541 883 565 etc.
911 531 1180 567 MCCCCXCV.
1209 532 1312 580 mense
1334 533 1528 570 Februario.
1582 535 1685 568 Error
1711 530 1772 568 effe
1795 535 1840 568 vi-

93 583 210 627 detur,
235 583 369 634 quando
393 585 426 618 in
444 582 591 619 biblioth.
617 581 727 618 nostra
750 583 885 618 Fabricii
907 581 982 618 edit.
997 586 1115 633 prioris
1139 598 1242 620 annus
1258 596 1347 631 1494.
1375 588 1409 621 in
1433 584 1576 622 editione
1600 596 1711 621 autem
1737 584 1838 621 altera

92 651 148 676 an.
167 649 252 684 1491.
271 636 491 686 significatur,
516 648 584 685 quo
601 633 633 670 id
649 648 732 685 opus
750 635 925 672 luculentis
940 638 1026 686 typis
1045 633 1242 686 exscriptum
1260 636 1315 673 sit:
1339 641 1432 687 prior
1453 652 1557 675 annus
1580 650 1668 685 1494.
1692 637 1733 674 de
1756 648 1837 674 tem-

91 703 193 740 pore,
216 703 284 740 quo
302 691 411 738 coepit
428 688 542 738 praelo
559 685 668 723 subiici
686 701 781 738 opus,
809 699 865 724 aut
880 687 1024 738 Epistola
1040 692 1280 740 nuncupatoria
1295 689 1335 726 ad
1350 690 1524 740 Baptissam
1544 693 1728 727 Guarinum
1746 704 1838 741 prae-

91 754 263 792 ceptorem
289 739 384 777 suum
409 738 545 791 scripta,
579 743 699 790 poterit
721 740 879 790 intelligi:
911 751 1007 791 atque
1026 742 1205 791 ViIImJson⁹
1231 745 1285 793 qui
1312 745 1345 778 in
1373 743 1551 780 Anecdotis
1571 757 1678 794 graec.
1706 743 1773 780 vol.
1793 744 1833 779 Π.

91 800 254 845 p.1g.265.
279 793 443 843 quaedam
465 807 504 830 ex
523 792 599 829 Aldi
620 790 826 843 praefatione
848 792 889 829 de
911 794 996 830 illius
1020 793 1126 831 fludio
1151 809 1294 845 curaque
1317 795 1474 833 codicum
1497 796 1599 833 fidem
1624 808 1655 833 et
1676 796 1834 834 lectiones

90 846 249 883 reddendi
269 844 492 896 excerpserat,
521 859 646 881 annum
672 848 893 895 1494p011it,
918 860 986 896 quo
1007 846 1111 883 Aldus
1134 850 1267 885 Manut.
1293 847 1480 886 Hesiodum
1505 851 1651 886 Veneriis
1676 863 1694 884 e
1718 848 1833 900 praelo

89 898 149 936 suo
171 902 258 935 exire
280 898 427 934 iussill'et:
455 897 829 948 eumdemque-armum
852 899 1015 935 Fabricius
1038 897 1121 935 infra
1143 901 1198 937 lib.
1212 902 1251 937 11.
1267 914 1340 951 cap.
1357 902 1412 939 xi.
1429 915 1459 948 4.
1474 913 1505 939 et
1528 900 1636 939 rursus
1661 902 1728 939 vol.
1745 902 1833 938 xm.

87 967 120 1003 p.
137 954 216 989 606.
242 952 294 987 vbi
311 950 387 988 Aldi
403 948 646 1001 praefationem
662 949 886 987 recudendam
904 955 1049 991 curauit,
1074 951 1163 989 dedit
1183 955 1261 989 huic
1282 952 1422 992 Aldinae
1442 954 1589 992 editioni.
1642 957 1730 992 Nota
1752 966 1833 990 vero

88 1019 141 1041 311.
160 1017 246 1051 1491.
271 1007 354 1054 (quo
373 1018 461 1040 anno
480 1006 652 1040 Manutius
666 1003 820 1040 nondum
837 1018 965 1040 nomen
980 1002 1075 1040 suum
1091 1004 1215 1042 addidit
1229 1007 1330 1054 libris,
1347 1004 1402 1042 sua
1418 1021 1495 1044 cura
1510 1010 1597 1058 typis
1615 1007 1748 1049 excusis,
1765 1005 1831 1042 vid.

86 1059 189 1094 Geret
207 1060 241 1093 iu
257 1055 328 1094 diff.
345 1055 386 1093 de
402 1055 491 1093 Aldo
508 1071 541 1107 p.
561 1060 606 1103 69
631 1071 664 1092 n.
680 1056 724 1101 9)
745 1067 776 1092 et
792 1071 822 1107 p.
840 1069 892 1102 141
912 1054 974 1107 sq.)
998 1060 1032 1093 in
1055 1057 1154 1094 altera
1170 1060 1304 1095 fabricii
1329 1058 1474 1097 editione
1498 1074 1591 1097 error
1615 1060 1833 1110 typographi-

85 1124 142 1146 cus
157 1107 221 1146 effe
235 1109 372 1146 videtur.
424 1111 512 1146 Nam
532 1111 696 1146 Fabricius
719 1106 785 1158 ipse
809 1109 969 1145 habuerat
991 1111 1204 1161 exemplum,
1227 1123 1258 1147 et
1282 1126 1375 1162 „quo
1391 1111 1462 1148 vsns
1485 1113 1547 1159 est,
1575 1116 1636 1154 ait,
1663 1113 1746 1150 olim
1766 1113 1832 1148 Da-

84 1163 152 1200 niel
167 1161 339 1205 Heinfius,
365 1164 421 1212 qui
434 1176 537 1198 manu
555 1160 609 1198 sua
626 1162 790 1198 nonnulla
804 1161 994 1201 adnotauit.
1021 1174 1053 1199 et
1069 1164 1230 1213 quaedam
1248 1178 1317 1200 non
1334 1165 1480 1216 vulgaria
1495 1180 1534 1202 ex
1551 1168 1613 1202 hac
1639 1169 1670 1200 in
1697 1164 1830 1214 reliquis

85 1215 319 1252 recentioribus
336 1214 504 1251 emendari
522 1213 612 1264 posse
626 1218 769 1251 monuit.
780 1218 796 1234 “
850 1218 894 1251 At
910 1229 1036 1251 annum
1053 1229 1131 1263 1495
1161 1217 1242 1252 calci
1259 1220 1365 1266 operis
1381 1217 1584 1268 adpositum,
1604 1219 1724 1254 habent
1740 1230 1829 1267 prae-

84 1278 134 1304 ter
151 1267 364 1317 exemplum,
387 1266 477 1317 quod
492 1265 558 1318 ipse
574 1266 639 1303 vidi
662 1270 696 1304 in
715 1267 866 1304 biblioth.
886 1268 1077 1318 perillustris
1097 1273 1133 1304 de
1148 1270 1288 1316 ΗαΙΙεν,
1311 1270 1484 1306 consiliarii
1510 1274 1636 1318 intimi,
1673 1266 1833 1318 ampliffiq

83 1334 140 1356 ma
155 1321 377 1369 Noribergac‚
403 1320 605 1370 exemplaria
625 1323 660 1356 in
683 1320 886 1357 bibliothecis
903 1321 1130 1373 Lr'pstenfibm‚
1166 1321 1206 1358 de
1229 1323 1362 1372 quibus,
1390 1327 1583 1374 praecipue,
1612 1322 1701 1373 quod
1726 1325 1757 1357 in
1783 1321 1827 1357 bi-

82 1376 131 1409 nis
149 1372 296 1410 eiusdem
312 1375 388 1408 anni
408 1373 569 1423 exemplis
584 1386 707 1422 magna
729 1373 773 1409 est
797 1376 831 1408 in
849 1375 1026 1410 Theocriti
1050 1373 1174 1420 idylliis
1195 1375 1344 1412 lediionis
1365 1387 1396 1412 et
1419 1377 1542 1413 ordinis
1567 1380 1718 1414 varietas,
1755 1373 1826 1409 dili·

81 1437 198 1475 genter
223 1429 290 1475 egit
315 1426 425 1461 Reiska
447 1429 479 1461 in
503 1423 706 1474 praefatione
727 1424 768 1461 ad
794 1428 1019 1462 Theocritum
1046 1424 1140 1463 suum
1166 1441 1240 1477 pag.
1257 1430 1303 1464 VI
1320 1425 1388 1479 sqq.
1413 1432 1447 1465 in
1470 1429 1667 1466 bibliotheca
1692 1429 1825 1463 Gottin-

75 1480 182 1528 genfi,
207 1477 248 1514 de
268 1479 383 1528 quibus
398 1477 496 1515 doc‘te
510 1477 652 1526 disputat
665 1478 706 1514 cl.
723 1479 901 1527 Glandorf
913 1483 946 1515 in
967 1475 1079 1516 indice
1103 1480 1342 1518 collectionum
1366 1494 1541 1531 poctarum
1563 1484 1825 1521 Gnomkornm,

78 1529 256 1581 praemiiso
281 1531 367 1567 illius
392 1531 527 1567 editioni
546 1533 837 1580 Pythagoreorum
865 1535 953 1568 aurei
977 1536 1150 1577 carminis⁷
1176 1534 1334 1583 (Lipsiae,
1361 1538 1452 1579 1776.
1479 1538 1527 1581 8.)
1555 1548 1630 1584 pag.
1647 1547 1676 1577 3¹
1695 1530 1763 1582 sqq.
1790 1533 1824 1566 in

78 1584 273 1621 bibliotheca
290 1583 605 1633 Lugduno-Bataua
625 1599 656 1634 p.
672 1597 748 1632 492.
777 1599 827 1621 nr.
843 1597 888 1633 25.
912 1595 944 1621 et
960 1585 1121 1622 Hulsiana
1136 1598 1218 1622 tom.
1238 1589 1291 1622 lV.
1316 1598 1400 1636 part.
1418 1589 1441 1622 1.
1469 1602 1499 1637 p.
1516 1591 1591 1631 ²64·
1619 1587 1669 1622 vbi
1695 1586 1740 1621 bis
1770 1596 1824 1619 oc-

78 1640 197 1679 currit,
226 1639 374 1687 primum
392 1650 469 1672 cum
486 1638 676 1674 Theocrito
694 1649 726 1673 et
741 1638 894 1688 reliquiS‚
921 1636 997 1674 dein
1011 1638 1177 1675 Hesiodus
1192 1637 1345 1682 seorsim,
1374 1643 1414 1675 ita
1437 1652 1469 1676 vt
1495 1638 1704 1689 inscriptione
1727 1649 1823 1686 pecu·

77 1688 148 1724 liari
163 1689 314 1726 instructa
332 1689 431 1725 altera
449 1703 522 1740 pars
539 1693 647 1741 operis
663 1688 834 1728 seiunctim
850 1704 984 1741 quoque
999 1691 1130 1728 vendita
1146 1691 1201 1735 fit,
1226 1703 1257 1728 et
1281 1694 1422 1727 Comitis
1443 1694 1480 1728 de
1495 1693 1658 1740 Rei-iczky
1678 1705 1712 1740 p.
1731 1698 1763 1731 8.
1787 1691 1823 1724 in

78 1741 248 1776 Mnittarii
267 1743 421 1777 Annal.1.
443 1757 476 1792 p.
495 1755 563 1789 243.
580 1755 652 1788 244.
669 1754 700 1779 et
715 1745 773 1780 IV.
790 1754 875 1794 part.
894 1745 935 1779 11.
951 1758 1028 1795 pag.
1046 1757 1121 1791 590.
1143 1748 1177 1780 in
1191 1747 1230 1780 dc
1248 1746 1335 1779 Rure
1356 1745 1597 1795 Bibliographie
1623 1744 1821 1781 instrufflve,

79 1792 183 1828 Belles
201 1794 330 1835 lettres,
357 1804 440 1832 tom.
455 1796 476 1829 l.
506 1810 538 1844 p.
556 1808 627 1842 194.
652 1809 700 1831 111.
721 1802 818 1840 2480.
845 1800 900 1847 qui
921 1795 1054 1846 copiose
1071 1797 1220 1833 describit
1235 1795 1381 1833 formam
1401 1810 1431 1833 ct
1448 1801 1609 1833 rationem
1637 1799 1733 1832 huius
1756 1793 1821 1830 edi-

79 1847 196 1885 tionis,
223 1848 256 1880 in
272 1846 439 1894 Catalogo
463 1843 484 1881 s.
498 1847 693 1884 bibliotheca
718 1847 809 1884 ducis
832 1850 869 1884 de
883 1850 915 1883 la
933 1851 1080 1887 Vallicre
1099 1861 1184 1886 tom.
1204 1852 1242 1884 Π.
1272 1863 1347 1900 pag.
1367 1853 1421 1888 60.
1450 1864 1497 1885 nr.
1515 1861 1599 1895 2355.
1627 1853 1661 1885 in
1678 1849 1818 1884 Osmrm't

79 1899 283 1933 1)?t³tionaire
306 1900 575 1947 typographique
600 1920 652 1926 —
678 1900 734 1936 des
759 1901 856 1938 livres
879 1915 965 1937 rares
989 1914 1047 1938 etc.
1077 1914 1159 1938 tom.
1177 1904 1200 1938 1.
1226 1916 1302 1952 pag.
1320 1914 1386 1948 345.
1413 1914 1528 1939 notato
1546 1905 1651 1952 pretio
1676 1913 1726 1947 50.
1741 1900 1763 1935 l.
1784 1901 1818 1935 in

75 1952 160 1985 Sam.
174 1951 311 1985 Lntlreri
329 1950 429 1984 Gen-et
445 1947 524 2000 disp.
542 1949 582 1986 de
596 1950 672 1987 Aldi
689 1954 733 1988 Pii
749 1955 892 1989 Manutii
909 1967 996 1990 rom.
1012 1958 1076 1991 vita
1092 1958 1281 2005 meritisque
1292 1987 1302 2002 ‚
1329 1956 1604 2003 Visittembergaffi
1632 1965 1712 2000 1753.
1742 1965 1817 2001 pag·

76 2009 126 2046 83.
155 2005 188 2038 in
201 2003 438 2048 Badenhauptii
454 2003 591 2038 biblioth
613 2017 688 2054 pag.
705 2007 770 2043 161.
797 2006 848 2041 vbi
864 2003 974 2043 forma
989 2006 1108 2044 dicitur
1121 2019 1234 2058 quarta
1254 2009 1419 2050 maxima,
1445 2019 1476 2043 et
1494 2009 1576 2043 alibi.
1632 2009 1720 2043 Nam
1737 2008 1817 2041 haec

75 2055 261 2091 testimonia
287 2052 467 2097 sufficiant,
498 2069 582 2105 quae
607 2071 669 2107 pro
696 2071 784 2093 anno
807 2071 895 2104 1495.
921 2060 1075 2097 militent.
1129 2060 1222 2096 Adde
1247 2061 1288 2098 cl.
1304 2061 1469 2108 Lcngnich
1485 2064 1535 2096 in:
1557 2063 1741 2110 Beytr'a'gen
1758 2070 1818 2094 zur

73 2105 246 2144 Kenntniss
270 2105 407 2143 seltener
429 2107 497 2144 und
520 2109 786 2160 merkvt‘irdiger
804 2112 950 2159 Biicher‚
977 2125 1061 2163 part.
1080 2115 1120 2149 11.
1149 2126 1224 2163 pag.
1238 2125 1291 2159 94.

174 2193 266 2228 Laus
282 2192 458 2239 Mufizrum
473 2205 513 2228 ex
530 2193 660 2243 Hesiodi
678 2195 811 2242 Ascraei
832 2197 1038 2245 Theogonia:
1065 2201 1096 2233 in
1111 2197 1310 2233 collec‘tiene
1328 2195 1470 2246 quadam
1497 2201 1685 2234 carminum
1710 2195 1815 2233 sacro-

73 2257 149 2282 rum
166 2257 198 2281 et
215 2243 448 2294 profanorum.
477 2265 521 2273 -—
554 2246 740 2296 Erphordie
756 2263 816 2298 per
829 2250 989 2285 Enricum
1006 2251 1187 2286 Sertorium
1203 2250 1529 2299 blancopolitanum,
1556 2264 1637 2296 1501.
1655 2264 1686 2295 4.
1703 2256 1751 2296 ⁴3·
1765 2251 1812 2301 pl.

70 2297 127 2335 Est
142 2297 245 2334 versio
260 2299 359 2335 libera
377 2297 518 2334 versibus
534 2299 673 2335 heroicis
694 2315 712 2335 a
726 2299 818 2337 versu
835 2313 871 2348 25
891 2320 935 2329 —
951 2305 1004 2348 67.

32 2404 48 2428 χ
176 2379 314 2424 Ἠσιέὲῐς
335 2384 424 2435 ἕξγεο
451 2378 509 2430 ηαξ
530 2382 666 2433 ἦμέροη,
693 2393 826 2421 curante
847 2386 1018 2433 Framisco
1049 2385 1214 2433 Tg'ffiirdo,
1254 2401 1313 2438 per
1347 2387 1525 2438 Aegidium
1558 2391 1810 2425 Gormontinm.

71 2434 167 2474 Paris.
192 2449 280 2484 1507.
308 2451 340 2484 4.
370 2433 460 2474 cons.
477 2439 516 2473 A.
534 2437 785 2475 Chevillierium
800 2438 840 2475 de
858 2442 1243 2536 origilrtiTJf-pogeraphiae
1260 2438 1355 2477 Paris.
1374 2455 1404 2492 p.
1421 2454 1494 2489 249.
1518 2454 1549 2480 et
1562 2445 1730 2480 Maittaire
1741 2443 1810 2530 223-
