2183 2747
533 129 725 169 HOMERI
765 133 1332 173 BATRACHOMYOMACHIA.
1446 137 1518 173 Lib.
1536 139 1584 173 II.
1603 152 1624 175 c.
1645 153 1669 176 2.
1750 154 1809 188 339

161 229 258 265 Hom.
276 227 427 264 Bato-ach.
441 240 568 277 graece.
597 230 741 266 Lutetiae
762 228 850 280 apud
874 232 954 266 Chr.
974 230 1177 266 Wec11e1u1n
1192 259 1201 274 ‚
1237 244 1319 279 1530.
1345 239 1376 273 8.
1413 233 1476 270 vid.
1498 234 1648 271 Bibliotli.
1668 238 1809 278 Beckeri,

79 292 137 318 art.
157 283 178 317 Ι.
221 310 228 317 .
247 295 298 326 4⁴·

55 296 77 333 Ρ
161 296 256 371 Hiim.
275 334 429 371 Batrach.
451 346 500 382 gr.
521 344 553 369 ct
577 333 633 370 lat.
670 349 685 370 3
706 335 898 370 Leonlmrdo
914 336 1014 385 Lycio
1038 335 1232 382 emendata,
1264 337 1387 387 Lipsiae
1414 351 1502 384 1540,
1525 351 1554 384 4.
1598 340 1660 377 vid.
1679 342 1758 378 Clzri
1786 346 1809 378 ii

55 386 209 423 Biblioth.
232 398 312 437 part.
331 389 369 421 11.
394 401 427 436 p.
445 399 501 429 ¹13·
538 387 699 436 Rericzky
717 388 819 426 emal,
835 403 865 438 p.
879 401 909 432 7.

157 440 383 474 Fannliarium
399 440 631 487 colloquiorum
640 442 822 488 formulae,
843 454 898 487 gr.
914 447 944 476 ct
960 442 1016 477 lat.
1045 442 1169 479 Cebetis·
1186 440 1308 494 Πηαξ,
1338 465 1386 471 —-
1417 451 1737 494 Γαλςωμυσμαχα
1757 466 1805 474 -.

63 492 249 541 Tragoedia
264 505 320 540 gr.
349 513 399 519 —
425 499 707 543 Βατραχομυομ.
731 494 944 540 cumfilwliis
966 495 1051 529 Phil.
1072 496 1338 530 Mslmzclttlzmzis.
1378 499 1464 542 Elisit
1482 497 1628 535 Gnlmlii
1646 499 1806 545 Amphra-

55 546 149 596 tensis
165 547 202 581 de
215 546 295 580 bello
316 546 482 580 Ranarum
496 552 526 580 et
546 547 697 582 Μιινίιιηι
714 549 787 582 libri
804 548 876 581 III.
904 545 1007 582 Andr.
1022 550 1175 583 Guarnae
1190 547 1230 584 de
1245 548 1334 585 bello
1354 543 1436 585 111101·
1451 554 1689 599 grammaticae
1715 565 1806 600 reges

54 596 110 634 lib.
128 601 150 638 l.
183 597 267 634 Bafil
297 610 378 644 1541.
403 617 455 624 —-
483 598 546 633 alia
564 598 684 641 editio,
710 602 882 649 Antwcrp.
901 602 933 634 in
949 599 1080 636 aedibus
1099 604 1144 636 lo.
1160 600 1303 649 Steelfii,
1330 616 1414 648 1547.
1442 607 1548 654 (typis
1569 606 1615 642 io.
1635 598 1807 655 Graphei.)

160 652 259 687 Hom.
278 651 430 687 Bari-ach.
448 665 526 687 cum
543 649 696 702 Aesopo,
719 666 770 701 gr.
786 663 817 688 et
836 652 890 687 131.
915 653 1094 702 'I'ubingae
1110 656 1196 699 1546.
1224 659 1254 694 8.

159 704 257 739 Hom.
279 705 430 738 Batrach.
448 718 497 754 gr.
513 714 544 740 et
560 704 615 740 lat.
642 719 661 740 a
678 706 795 740 Leonlz.
811 707 914 753 Lycio
931 706 1136 741 emendatius
1150 705 1244 742 edita.
1298 711 1376 743 Ace.
1396 708 1484 745 Plzil.
1502 709 1761 745 Melanclztlzonis
1778 719 1809 746 et

54 756 161 792 Hmr.
179 757 332 803 Stephani
348 768 508 793 annotatt.
525 768 556 793 et
573 759 650 797 Sim.
669 758 794 793 Lemnii
809 757 983 794 comici-fio
998 758 1139 794 versibus
1154 760 1302 799 heroicis,
1335 760 1460 810 Lipsiae
1475 765 1507 797 in
1524 763 1613 798 offic.
1630 765 1666 798 E.
1679 765 1807 811 Voege-

54 809 123 845 lini.
156 821 244 856 ¹549-
268 821 298 853 4.
328 830 379 836 —
407 809 480 845 ibid.
501 823 585 855 ¹550-
611 823 641 853 4.
675 830 728 838 —-
760 812 855 862 Lycii
877 810 953 847 edit.
979 811 1023 847 est
1044 815 1174 856 critica,
1207 815 1340 863 eiusque
1364 814 1523 851 lectiones
1544 815 1669 851 Ernesti
1691 815 1809 866 aliique

54 859 148 913 saepe
165 873 363 898 reuocarunt
379 873 434 898 aut
450 863 594 912 amplexi
608 861 692 899 suut.

159 915 256 950 Ham.
272 916 427 953 Bari-ach,
445 923 475 951 ct
492 917 616 965 Hymni
629 929 679 966 gr.
705 914 841 960 Parisiis,
864 915 952 967 apud
972 916 1060 953 Guil.
1074 916 1275 955 Morellum.
1293 925 1379 966 1588.
1400 924 1430 961 8.
1459 919 1525 956 vid.
1541 920 1646 958 Catal.
1661 921 1809 959 biblioth.

53 969 102 1005 Lu
130 966 208 1003 dun.
225 969 291 1004 Bat.
338 996 344 1002 .
364 971 435 1009 186.

105 980 128 1018 g
160 1019 259 1058 Hom.
280 982 435 1057 Biia-ach.
452 1034 501 1070 gr.
518 1035 596 1057 cum
612 1018 742 1058 scholiis
763 1020 1033 1057 Melanchtlmnis.
1060 1018 1155 1056 Paris.
1175 1024 1263 1068 1560.
1281 1035 1312 1066 4.
1340 1022 1405 1059 vid.
1422 1023 1500 1060 Bibl.
1519 1026 1650 1062 Askew.
1676 1042 1708 1078 p.
1727 1031 1782 1075 69.

158 1074 258 1109 Hom.
280 1075 435 1109 Batrach.
460 1087 538 1109 cum
562 1071 692 1110 scholiis
713 1074 872 1110 eiusdem.
912 1070 1006 1109 Paris.
1031 1072 1120 1123 apud
1141 1074 1319 1111 Theodor.
1337 1076 1556 1115 Richardum.
1580 1082 1666 1125 1562.
1688 1093 1720 1125 4.
1744 1079 1808 1116 vid.

55 1125 135 1162 Bibl.
155 1127 326 1172 Reviczky
339 1126 360 1162 l.
378 1140 424 1162 m.
438 1137 470 1162 et
484 1126 559 1162 bibl.
577 1140 645 1175 reg.
661 1123 756 1162 Paris.

158 1179 256 1214 Hom.
271 1178 427 1216 Batrach.
454 1193 556 1229 opera
577 1180 765 1215 Leonlmrdi
787 1180 887 1227 Lycii.
927 1176 1052 1228 Lipsiae
1074 1180 1163 1224 1566.
1184 1190 1216 1222 4.
1259 1179 1322 1216 vid.
1347 1182 1498 1219 Biblioth.
1523 1184 1667 1226 Ernesti,
1699 1199 1730 1234 p,
1749 1198 1811 1231 141.

55 1231 148 1268 Idem
171 1232 295 1268 Ernesti
319 1235 351 1267 in
374 1229 510 1280 praefat.
533 1231 574 1267 ad
597 1233 746 1268 Bari-ach.
773 1230 886 1267 laudat
909 1232 995 1266 hanc
1019 1229 1201 1267 editionem
1223 1244 1254 1268 et
1278 1234 1541 1273 emendatiorem
1564 1248 1595 1274 et
1611 1237 1812 1288 pleniorem,

55 1288 145 1322 cuius
160 1284 312 1332 exempla
329 1285 469 1321 habeant
490 1282 599 1320 versus
623 1286 758 1321 CCCX.
782 1295 888 1320 cetera
904 1295 1015 1320 autem
1031 1285 1214 1320 CCXCIV.

156 1338 255 1375 Hom.
271 1336 428 1374 Rati-ach.
448 1352 527 1374 cum
544 1335 686 1388 Aesopo.
715 1337 819 1387 Lugd.
837 1350 921 1384 1570.
947 1340 995 1373 16.
1029 1335 1094 1372 vid.
1113 1337 1268 1374 Biblioth.
1285 1339 1419 1375 AskeW.
1443 1354 1475 1390 p.
1490 1353 1537 1385 33.

160 1391 261 1426 Hom.
282 1391 435 1426 Batrach.
462 1393 496 1426 in
517 1391 640 1426 Mutth.
660 1390 808 1439 Drffri
832 1387 1030 1436 Gymnasm.
1045 1389 1246 1426 litteraturae
1266 1404 1315 1441 gr.
1344 1392 1479 1441 Lipsiae.
1499 1404 1580 1438 1575.
1609 1400 1640 1434 8.

157 1443 257 1478 Hom.
280 1443 430 1478 Batrach.
447 1456 498 1492 gr,
517 1454 548 1479 et
564 1443 620 1478 lat.
637 1443 725 1493 apud
745 1442 1036 1484 Fed.M0rellu1n.
1065 1450 1157 1486 1580.
1182 1456 1211 1488 4.
1246 1444 1310 1483 vid.
1325 1446 1406 1481 Bibl.
1421 1446 1557 1482 Askew.
1580 1460 1613 1497 p.
1632 1452 1706 1491 148.

158 1496 259 1531 Hom.
276 1494 433 1532 Bau-ach.
447 1508 495 1544 gr.
521 1507 552 1531 et
575 1495 628 1532 lat.
652 1510 751 1546 opera
771 1497 889 1531 Leonlz.
909 1497 1021 1544 Lycii,
1049 1509 1127 1531 cum
1155 1499 1242 1532 notis
1267 1498 1352 1533 Phil.
1370 1498 1629 1534 Melanclztf‘zonis
1650 1509 1680 1535 et
1702 1498 1808 1535 Henr.

54 1547 220 1595 Stephani.
274 1550 351 1583 Ace.
369 1550 416 1583 Io.
432 1549 471 1584 ab
491 1548 745 1585 Haeckelslionen
767 1546 936 1599 dispositio
962 1551 1137 1599 poematis.
1164 1547 1372 1586 Francofurti
1395 1553 1487 1595 1604.
1511 1563 1543 1595 4.

159 1601 257 1639 Hom,
276 1601 430 1636 Batrach.
445 1615 545 1651 opera
561 1603 602 1640 L.
620 1604 710 1652 Lycii
728 1615 806 1638 cum
820 1605 907 1639 notis
927 1602 1015 1645 Phil.
1032 1602 1294 1638 Melanchtlzonis
1312 1613 1343 1639 et
1360 1604 1484 1639 Matth.
1501 1602 1659 1652 Drtffiri.
1686 1603 1813 1655 Lipsiae

57 1655 117 1689 160
143 1661 196 1696 .8.
225 1653 300 1689 ibid.
323 1657 411 1690 1622.
434 1661 464 1696 8.

121 1666 139 1699 7
160 1708 249 1742 Hom
275 1707 430 1742 Bana-h.
449 1720 498 1756 gr.
514 1717 546 1744 et
561 1707 618 1744 lat.
633 1711 667 1744 in
683 1708 783 1756 Cass).
803 1707 970 1745 Dornauii
983 1709 1230 1758 amphitheatro
1248 1710 1322 1759 Sap.
1345 1711 1432 1754 1619.
1450 1705 1511 1748 sol.

159 1759 300 1796 Fabulae
317 1758 497 1809 Aesopicae
513 1771 544 1796 et
560 1763 689 1797 Auiani.
745 1760 881 1797 Accedit
898 1762 1068 1796 Ranarum
1088 1768 1118 1796 et
1134 1774 1407 1810 murumpugna,
1435 1774 1485 1810 gr.
1505 1771 1536 1798 et
1557 1761 1612 1798 lat.
1636 1775 1714 1798 011111
1731 1761 1811 1811 figg.

56 1812 157 1854 δοίη,
185 1812 424 1862 chalcographi
445 1814 561 1850 Norib.
583 1812 691 1864 Lugd.
708 1815 776 1850 Bat.
805 1817 893 1851 1626.
914 1821 945 1855 8.
1263 1811 1305 1830 “⁷‘'

163 1866 263 1900 Hom.
285 1866 436 1901 Batraclz.
460 1879 499 1901 ex
517 1865 607 1905 Dm,
623 1868 746 1917 Heirfii
771 1869 1020 1917 recognitione,
1048 1879 1127 1902 cum
1151 1869 1219 1902 eius
1242 1864 1410 1909 versione,
1437 1863 1669 1917 Aesopicisque
1691 1864 1814 1902 selectis

57 1928 89 1954 et
105 1919 223 1954 Auieni
242 1915 371 1954 fabulis.
400 1917 554 1967 Lugduni
571 1923 658 1964 1632.
675 1926 706 1960 8.
729 1933 831 1969 quam
855 1918 929 1955 edit.
945 1919 1110 1955 Fabricius
1133 1922 1199 1955 iam
1219 1918 1389 1955 indicarat.

161 1971 261 2006 Hom.
280 1971 436 2006 Batraclz.
459 1984 586 2020 graece.
611 1969 706 2007 Paris.
729 1971 819 2023 apud
840 1972 960 2009 Libert.
986 1974 1075 2017 1637.
1101 1985 1132 2018 4.
1162 1971 1274 2009 Editio
1297 1972 1467 2008 rarissnna.
1498 1969 1561 2007 vid.
1579 1970 1661 2008 Bibl.
1679 1971 1814 2007 Askew.

83 2051 90 2059 .
106 2036 160 2068 70.

57 2037 81 2075 P
162 2077 264 2115 Hom,
284 2076 440 2111 Bari-ach.
456 2088 505 2125 gr.
525 2086 555 2112 et
579 2076 634 2113 lat.
661 2079 820 2115 Lubecae.
846 2080 925 2115 1611.
953 2090 984 2122 4.

162 2151 216 2157 --
268 2150 318 2156 —
373 2149 422 2156 -
476 2143 555 2164 cum
578 2128 721 2181 Aesopo.
756 2134 872 2167 Venet.
899 2143 990 2176 1709.
1019 2137 1050 2173 8.

164 2182 264 2218 Hom.
284 2182 438 2217 Batraclz.
457 2195 508 2232 gr.
525 2193 556 2218 et
570 2182 624 2219 lat.
644 2198 723 2220 cum
738 2195 922 2221 comment.
939 2184 1055 2219 Herm.
1073 2194 1137 2217 von
1153 2181 1212 2217 der
1229 2181 1356 2217 Has-dt.
1379 2179 1565 2218 Helmstad.
1583 2193 1660 2227 1717.
1683 2185 1714 2220 8.

162 2235 264 2270 Hom.
285 2235 436 2270 Rati-ach.
455 2248 591 2284 graece,
619 2236 660 2273 ad
676 2248 826 2273 veterum
851 2236 1095 2286 exemplarium
1118 2233 1221 2270 fidem
1245 2232 1375 2279 recusa;
1403 2233 1509 2284 gloffa
1532 2247 1668 2284 graeca3
1692 2234 1816 2267 varian-

0 2281 13 2324 ὓ
60 2288 144 2324 tibus
175 2287 393 2332 leffionibus,
426 2287 628 2326 versionibus
651 2289 779 2337 latinis3
815 2291 1066 2326 commentariis
1089 2298 1121 2324 et
1149 2286 1310 2324 indicibus
1341 2287 1508 2324 illustrata.
1548 2284 1701 2323 Londini.
1736 2297 1816 2329 ¹72¹·

0 2342 20 2391 ἐξ
61 2343 138 2376 11131.
155 2349 186 2383 3.

164 2394 380 2435 Maittariur,
409 2391 535 2436 editor,
564 2393 778 2440 adverbum,
800 2395 894 2432 lineis
922 2405 1087 2444 praeterea
1114 2393 1219 2429 rubris
1244 2403 1275 2428 et
1291 2396 1394 2442 nigris
1417 2392 1566 2434 alternis,
1594 2387 1816 2426 recudendam

0 2458 28 2478 ’.κ
61 2448 187 2482 curauit
210 2445 391 2483 editionem
419 2449 584 2483 Venetam
609 2461 636 2483 a.
651 2451 747 2493 1486.
802 2446 980 2486 Rarescere
996 2449 1129 2497 incipit,
1157 2444 1246 2497 quod
1268 2456 1397 2483 tantum
1420 2457 1490 2490 204
1511 2443 1712 2494 exemplaria
1735 2445 1818 2478 exie-

964 2503 1022 2536 Vv
1052 2513 1070 2536 3
1740 2503 1816 2529 runt
