2183 2747
90 128 379 165 Vei-1·P·2⁶¹l'¹⁶2
677 130 869 168 HOMERr
905 128 1251 168 ENCOMIASTAE.
1472 125 1546 162 Lib.
1564 126 1611 161 II.
1638 138 1701 162 c.1.
1783 133 1841 170 333

88 167 373 181 ———

125 227 325 263 ElogiainHo-
405 227 444 264 Χ.
470 225 590 263 Nullus
609 226 750 278 denique
775 226 914 278 scriptor
931 227 996 271 est,
1024 229 1080 277 qui
1105 227 1144 262 ab
1161 228 1255 261 omui
1275 234 1378 260 aetate
1400 233 1526 259 tantam
1552 223 1692 271 ingenii,
1719 218 1840 256 (1οᾶιῆ-

87 267 324 302 ''‘'“”¹“'''⁸‘st⁰‘
349 291 433 323 nae,
461 277 635 330 sapientiae
649 280 783 317 laudem
800 281 965 323 retulerit,
991 291 1089 330 atque
1106 293 1188 315 vnus
1203 280 1387 321 Homerus,
1414 279 1490 328 qui,
1515 286 1549 312 vt
1564 273 1640 312 scite
1653 273 1694 310 de
1708 270 1778 323 ipso
1795 272 1840 308 est

85 331 174 384 apud
196 334 405 382 Propertium
432 333 498 368 Lib.
516 334 570 370 111.
589 333 684 384 Eleg.
702 336 725 369 1.

428 410 616 454 Posteritate
629 410 722 453 siitmi
748 409 877 452 crisi-ere
890 409 988 454 sentit
1011 419 1097 452 opus.

83 481 211 531 Atque,
238 490 273 516 vt
290 483 334 517 ait
350 480 541 518 Plutarchus
559 480 612 516 lib.
629 480 670 516 de
685 480 876 530 garrulitate
893 496 923 531 p,
938 494 1009 526 504.
1037 477 1136 530 μᾶνος
1147 481 1211 525 τῆς
1227 480 1294 519 τῶν
1310 474 1504 530 ἀνθρώπων
1529 476 1722 528 ἁψικορίας
1748 489 1841 526 περι-

31 531 39 535 ’
83 537 233 581 γέγονεν.
263 534 380 580 [Plato
393 537 426 569 iu
444 536 489 570 lo.
506 550 537 584 p.
555 541 585 575 8.
613 533 688 569 edit.
705 534 844 570 Miilleri
863 546 959 571 vocat
978 548 1055 570 eum
1074 531 1189 585 deig-cy
1205 529 1263 581 ,(οαὶ
1277 528 1478 572 θειότατον.
1505 530 1588 567 adde
1611 531 1713 565 Dion.
1732 527 1840 574 Chry·

74 587 270 636 sqslomum,
298 598 378 622 orat.
394 589 478 622 LilI.
499 587 540 623 de
568 588 742 626 Homero,
769 599 854 623 tom.
871 590 911 623 ll.
936 586 1012 624 edit.
1030 589 1164 628 Reiske,
1190 601 1221 636 p.
1241 599 1307 631 274
1326 583 1392 635 sqq.
1417 595 1498 621 orat.
1516 586 1582 620 LV.
1607 598 1638 633 p.
1654 589 1731 627 284.
1749 579 1840 616 audit

83 649 181 690 poeta
199 639 263 678 οἶος
279 635 367 679 ἐὸεᾶς
383 636 516 679 ἄλλος·
545 643 655 689 ecquis
676 639 778 675 finem
796 643 947 690 reperiat,
964 639 987 676 st
1003 640 1078 676 loca
1097 650 1260 682 veterum,
1279 642 1311 674 in
1327 639 1443 688 quibus
1461 648 1558 687 poeta
1576 635 1740 674 laudatur7
1760 647 1840 669 con-

83 695 213 743 quirere
228 692 344 742 velim]
399 692 565 743 Qicquid
582 696 671 728 enim
688 690 757 729 fere
775 693 819 729 est
837 693 1037 740 doctorum,
1063 691 1210 743 fuitque,
1235 695 1270 728 in
1286 705 1326 728 eo
1343 689 1559 733 celebrando,
1588 700 1620 725 et
1633 687 1781 723 laudibus
1798 685 1841 721 ad

83 744 220 782 coelum
235 742 427 786 efferendo,
452 745 536 782 adeo
555 743 784 795 conspirarunt
802 749 887 782 inter
902 744 934 782 se
946 776 956 789 ,
982 756 1017 782 vt
1036 755 1204 782 certarent.
1259 747 1414 794 Qorum
1428 746 1597 793 integrum
1623 752 1654 778 et
1667 741 1750 776 bene
1768 738 1841 774 lou-

83 812 168 849 gum
185 797 389 848 Catalogum
409 809 535 839 texere,
563 799 720 835 hocloco
735 799 870 841 liceret,
900 798 959 835 nisi
974 802 1150 849 praecipua
1175 800 1320 839 Homeri
1344 795 1698 846 elogia·Alphabetico
1723 791 1841 828 ordine

84 850 208 901 digesta
227 854 295 886 iam
311 851 472 888 exstarent
490 866 508 888 a
524 850 796 888 Graecantiffimo
815 852 874 887 illo
899 863 930 889 et
949 855 1094 888 Homeri
1118 854 1284 887 imitatore
1305 848 1492 886 feliciflimo
1507 850 1624 884 Iacobo
1642 847 1707 883 Du
1724 847 1840 886 Porto,

83 904 218 954 AngIO,
246 906 279 938 in
301 904 494 954 Appendice
511 904 551 940 ad
569 905 839 954 Guomologiam
857 907 1098 950 Homericam,
1125 917 1156 940 et
1178 903 1219 939 ad
1242 904 1368 947 calcem
1388 903 1500 938 Clanis
1515 903 1719 937 Homericae
1736 898 1841 934 Geor-

79 959 130 1006 git
149 957 308 1006 l’erkbfi,
335 959 449 1007 quibus
467 958 528 993 alia
547 956 694 994 adiunxit
711 960 851 992 loannes
869 959 1107 1005 Schema-zenas
1124 969 1198 993 aute
1222 956 1328 992 Iliadis
1351 956 1452 992 libros
1474 954 1558 990 duos
1579 957 1744 1004 primores
1761 964 1840 986 cum

82 1007 300 1059 Moschopuli
321 1007 453 1046 scholiis
473 1024 491 1046 a
513 1008 544 1046 se
568 1009 682 1047 editos.
745 1012 850 1060 Igitur
875 1024 932 1047 eos
955 1021 1084 1047 tantum
1109 1013 1142 1046 in
1166 1007 1327 1060 praesenti
1349 1008 1648 1050 commemorabo,
1683 1008 1737 1055 qui
1763 1017 1841 1053 pro·

82 1063 176 1100 lixius
194 1062 255 1109 [if]
272 1062 323 1098 vel
340 1065 474 1112 integris
489 1064 643 1112 ScriptiS,
672 1064 916 1099 orationibusue
931 1067 1068 1100 Poetam
1086 1062 1303 1106 decorarunt,
1330 1074 1364 1098 vt
1385 1076 1423 1098 ex
1446 1059 1555 1112 priscis
1571 1061 1641 1096 Dio
1657 1056 1840 1106 Chiyfhsto-

81 1129 153 1152 mus
169 1113 238 1151 diff.
260 1117 341 1151 Lm.
355 1126 386 1152 et
400 1117 486 1153 LIV.
542 1117 714 1151 Maximus
737 1116 862 1164 Tyrius
876 1115 946 1152 diff.
964 1118 1053 1155 XVI.
1107 1117 1275 1151 Liuianus
1291 1118 1324 1151 in
1339 1117 1506 1152 Encomio
1523 1112 1771 1154 Demosthenis,
1796 1123 1838 1145 ne

81 1168 122 1205 de
137 1171 231 1204 variis
246 1170 505 1217 Epigrammatis
521 1171 645 1216 graecis
663 1167 772 1204 dicam
786 1197 795 1210 ,
823 1182 907 1218 quae
924 1172 958 1204 in
972 1171 1117 1205 Homeri
1136 1167 1270 1205 laudem
1294 1171 1475 1204 occ-urruut
1501 1169 1534 1202 in
1550 1164 1778 1213 Anthologia,
1805 1173 1838 1198 et

81 1225 114 1257 in
132 1235 235 1257 vnum
253 1220 392 1257 collecta
411 1235 428 1256 a
447 1222 517 1256 ioh.
532 1220 716 1270 Spondauo
734 1219 806 1256 suae
825 1223 969 1258 Homeri
988 1221 1122 1258 editioni
1141 1222 1285 1270 praefixa
1303 1219 1385 1256 sunt.
1441 1223 1468 1256 E
1485 1219 1718 1255 recentioribus
1735 1220 1766 1251 in
1785 1229 1835 1250 ce-

78 1273 238 1311 lebrando
255 1275 373 1311 Poetae
387 1276 523 1324 ingenio
539 1273 636 1311 multi
653 1271 745 1310 fuere
760 1276 914 1324 Angelus
933 1277 1124 1312 politianus
1138 1273 1178 1307 “)
1199 1278 1233 1310 in
1250 1278 1401 1312 oratione
1424 1272 1464 1309 de
1480 1275 1637 1309 Homero
1649 1300 1659 1315 ,
1687 1283 1770 1321 quae
1791 1268 1836 1304 le-

1064 1329 1121 1365 Tt
1147 1341 1164 1372 3
1748 1324 1838 1372 gitur

79 1423 183 1454 duc‘ius
198 1423 336 1466 suspicor.
383 1426 404 1455 E
420 1423 547 1455 leetione
562 1426 690 1456 Homeri
714 1423 941 1463 cognoscimus,'
982 1426 1044 1455 rius
1066 1429 1126 1455 non
1150 1423 1254 1455 vixisse
1269 1434 1336 1455 eum
1351 1423 1499 1458 vidimus,
1523 1421 1593 1452 ideo
1608 1418 1656 1450 vel
1679 1417 1836 1449 leuiffimas

78 1479 165 1504 eum,
189 1468 270 1509 quod
293 1469 380 1497 ctiam
399 1469 518 1505 wood,
550 1468 711 1500 Blackwell
731 1468 843 1510 aliique
865 1468 926 1499 sen·
981 1471 1170 1511 minutasque
1183 1479 1229 1499 res
1246 1468 1318 1499 scire
1332 1476 1361 1499 et
1376 1466 1554 1498 carminibus
1570 1467 1720 1499 intexere,
1743 1460 1837 1491 multa

78 1512 194 1548 serunt,
227 1522 264 1541 eo
289 1520 423 1554 tempore
455 1508 576 1549 vixiss‘e,
608 1524 669 1555 quo
693 1512 806 1543 summa
833 1512 929 1543 adhue
983 1515 1071 1544 etiam
1093 1523 1129 1544 ex
1153 1512 1373 1554 antiquioribus
1394 1510 1573 1541 carminibus
1595 1510 1687 1539 tutius
1716 1507 1837 1537 haurire

77 1558 175 1594 viguit
206 1558 237 1585 in
258 1558 342 1586 Ionia
365 1556 526 1598 insulisque
548 1557 716 1599 {implicitas
745 1566 773 1587 et
809 1568 928 1587 morum
979 1565 1114 1599 poterat:
1145 1568 1160 1587 e
1183 1557 1290 1599 quibus
1313 1564 1464 1598 praeterea
1485 1555 1518 1585 fit
1542 1552 1746 1585 manifestum,
1783 1559 1836 1578 cur

77 1609 106 1631 et
123 1600 282 1636 sermonis,
304 1602 456 1638 ingenium
472 1610 568 1631 tamen
588 1602 751 1632 humanum
767 1600 819 1631 vsu
837 1608 866 1630 et
885 1600 929 1631 di·

77 1643 198 1686 sciplina
218 1646 309 1682 magis
332 1643 460 1681 cultum,
485 1655 537 1674 nee
560 1654 674 1681 tamen,
703 1645 784 1687 quod
804 1656 863 1675 non
889 1647 929 1675 ita

78 1688 174 1719 multo
189 1688 253 1728 post
268 1690 367 1718 cueuit
377 1711 386 1724 ,
408 1688 568 1719 subtilitate
583 1688 814 1731 philosophandi
834 1691 928 1719 maio·

77 1744 109 1764 re
125 1732 271 1763 imbutum
287 1731 477 1774 pluriumque
493 1732 658 1764 litterarum
681 1736 767 1775 copia
789 1740 929 1763 ornatum

77 1777 259 1808 obrutumue
280 1775 356 1812 fuit,
385 1776 511 1807 necdum
531 1777 606 1808 adeo
627 1779 718 1808 animi
739 1780 802 1814 vis,
839 1788 928 1819 quam

75 1829 183 1852 vocant
199 1821 460 1858 imaginationem,
482 1821 617 1852 adstrieta
631 1830 659 1852 et
683 1821 844 1863 impedita,
867 1832 928 1862 quo

41 1876 45 1882 ·
76 1865 201 1896 liberior
215 1863 337 1893 viucudi
353 1871 382 1894 ct
396 1863 538 1895 sentiendi
554 1868 649 1901 ratio,
674 1876 725 1895 nec
740 1865 837 1896 forma
855 1867 927 1895 ciui-

76 1918 170 1940 tatum
189 1910 343 1938 immutata
365 1919 380 1937 a
404 1909 524 1949 pristina
547 1908 757 1939 consuetudine
780 1909 927 1939 moribus-

76 1963 133 1996 que
155 1951 282 1982 mulium
304 1952 431 1984 receffit3
461 1963 520 1994 quo
545 1954 653 1994 posteri
683 1953 778 1982 adhuc
809 1964 926 1989 eorum,

77 1999 129 2040 qui
144 1995 223 2026 bello
248 1994 446 2026 interfuerunt
467 1998 603 2033 troiano,
628 1997 760 2027 nondum
777 1997 885 2033 deleti,
909 2008 926 2027 a

75 2040 239 2072 maioribus
254 2050 373 2069 omnem
390 2038 460 2070 belli
476 2039 556 2071 illius
573 2049 601 2071 et
622 2042 748 2071 heroum
772 2042 925 2071 historiam

76 2096 129 2117 ore
141 2084 279 2115 traditam
296 2092 503 2125 acceptamque
522 2087 667 2115 memoria
689 2093 788 2115 tenere
811 2086 925 2116 firmio-

75 2140 127 2166 re,
164 2127 288 2158 necdum
319 2127 526 2158 acceffionibus
559 2128 726 2170 fabulisque
754 2137 924 2170 corruptam

60 2174 140 2206 *aliis
163 2171 310 2214 explicare
331 2180 476 2212 poterant.
537 2175 621 2210 Qiae
645 2175 764 2209 omnia,
803 2177 924 2214 opinor,

74 2217 219 2260 quadrant
240 2217 271 2245 in
291 2225 374 2251 eam,
399 2226 486 2256 quam
508 2218 664 2249 constitui.
692 2217 870 2258 periodum,
895 2224 924 2248 et

75 2261 191 2293 facilius
229 2261 410 2288 conueniunt
444 2270 510 2290 cum
545 2261 709 2290 rationibus
738 2261 921 2297 Philochori,

74 2304 287 2339 Eratosthenis,
310 2302 504 2343 Apollodori,
528 2305 657 2335 auam-is
677 2307 756 2335 vitae
778 2307 920 2335 Homeri-

73 2361 141 2385 eae,
163 2347 296 2390 quisquis
320 2346 369 2376 ille
391 2346 499 2383 fucrit,
529 2355 557 2377 et
579 2359 645 2378 cum
666 2359 815 2379 marmore
837 2351 919 2380 Oxo-

24 2401 40 2422 ,τ
75 2393 174 2425 nicusi.
219 2393 255 2420 At
271 2397 383 2419 certum
398 2401 519 2427 annum,
542 2394 636 2422 immo
653 2402 726 2423 vero
745 2393 918 2422 decennium

74 2439 139 2479 quis
153 2436 275 2465 definire
293 2434 381 2469 ausit,
406 2443 485 2465 tanta
502 2433 623 2465 vltimae
638 2438 740 2466 aetatis
759 2436 920 2467 obscurita-

25 2490 40 2511 Α
74 2489 103 2512 κ
121 2488 207 2523 atque
229 2480 414 2516 ignorantia?
461 2480 621 2511 Enimuero
641 2488 746 2522 pocta,
770 2479 852 2523 quod
879 2479 919 2510 se-

983 1604 1133 1632 Homerus
1148 1609 1256 1632 tantam
1273 1601 1478 1630 auftoritatem
1495 1599 1596 1630 uac'ius
1611 1605 1640 1625 et
1655 1598 1718 1625 eius
1734 1603 1834 1623 narra-

983 1647 1115 1676 tionibus
1134 1653 1213 1676 tanta
1235 1644 1306 1675 fides
1327 1645 1464 1674 historica
1487 1642 1520 1672 fit
1543 1640 1709 1674 adtributa,
1737 1639 1778 1667 ita
1803 1642 1836 1666 vt

981 1689 1102 1722 Strabo
1119 1692 1170 1721 XI.
1186 1698 1258 1727 774.
1275 1691 1302 1718 ei
1318 1697 1346 1718 ct
1364 1686 1511 1722 Hesiodo,
1535 1683 1654 1727 quando
1678 1682 1714 1712 de
1734 1682 1834 1712 heroi-

982 1734 1036 1764 bus
1055 1734 1145 1764 verba
1160 1733 1289 1770 faciunt,
1311 1731 1399 1762 fldem
1415 1729 1530 1761 facilius
1551 1728 1723 1762 adhiberet,
1743 1735 1834 1766 quam

983 1778 1093 1808 Ctefiae
1105 1801 1113 1814 ‚
1138 1777 1306 1813 Herodoto,
1331 1775 1485 1806 Hellanico
1501 1782 1665 1814 eorumque
1680 1768 1833 1800 similibus.

981 1825 1094 1853 Verum
1111 1824 1190 1852 enim
1205 1831 1277 1852 vero
1294 1819 1377 1850 suum
1401 1821 1508 1860 cuique
1530 1816 1658 1847 liberum
1679 1815 1738 1846 esto
1755 1813 1833 1842 arbi-

982 1868 1072 1897 trium
1085 1889 1092 1902 ‚
1121 1877 1232 1908 quum,
1256 1865 1336 1906 quod
1349 1864 1473 1894 omnino
1489 1862 1522 1891 fit
1536 1868 1648 1891 certum
1666 1866 1695 1889 et
1715 1867 1832 1892 verum,

981 1921 1100 1940 cernere
1117 1921 1176 1940 nou
1193 1910 1341 1951 possimus.
1386 1909 1420 1938 In
1443 1905 1625 1937 Bibliotheca
1650 1901 1832 1933 Coisliuiana

981 1956 1022 1984 est
1048 1955 1117 1984 tcsse
1133 1952 1350 1984 Moutfalconio
1362 1962 1392 1993 p.
1408 1960 1479 1987 429.
1500 1949 1565 1979 cod.
1582 1948 1736 1978 CCCXVI.
1756 1943 1830 1975 olim

981 2000 1083 2029 LXIX.
1100 2000 1128 2028 in
1148 2008 1207 2038 quo
1224 1996 1427 2035 nugacissimus
1441 1993 1561 2036 quidam
1571 1990 1742 2025 Graeculus,
1753 1991 1831 2018 Con-

980 2044 1119 2073 stantinus
1144 2044 1353 2076 Ermeniacus,
1382 2039 1418 2068 de
1439 2040 1552 2080 patria,
1573 2036 1710 2071 Thebis,
1740 2041 1768 2062 et
1794 2033 1830 2061 de

978 2086 1093 2128 scriptis
1114 2088 1240 2116 Homeri
1268 2095 1372 2126 parum
1398 2082 1513 2112 erudite
1541 2078 1680 2122 scripliffe
1710 2077 1828 2107 dicitur.

979 2130 1061 2160 Adde
1078 2129 1198 2161 Carina
1221 2129 1248 2158 d'
1263 2128 1308 2158 eta
1325 2128 1473 2158 d’O-mero
1496 2136 1511 2155 e
1535 2123 1696 2159 d‘Efiodo,
1721 2124 1751 2151 in
1770 2119 1826 2150 Ad-

979 2174 1149 2204 ditamentis
1171 2172 1207 2202 ad
1221 2172 1350 2203 Vicende
1372 2169 1448 2201 della
1469 2169 1658 2203 letteratura,
1683 2166 1712 2196 di
1736 2163 1826 2213 Cario

979 2220 1102 2248 Denina.
1126 2219 1203 2246 Luca
1227 2220 1306 2254 1763.
1329 2224 1358 2247 et
1378 2213 1509 2256 Costard
1531 2214 1567 2243 de
1589 2220 1682 2242 aetate
1699 2212 1825 2240 Home-ri

977 2270 1064 2302 atque
1086 2260 1224 2297 Hefiodi,
1249 2259 1446 2301 philosophie.
1462 2257 1619 2288 Transafi.
1641 2253 1702 2285 vol.
1719 2258 1766 2289 48.
1789 2252 1826 2281 ad

976 2317 1002 2335 a.
1022 2314 1103 2342 1754.
1128 2315 1203 2345 quos
1228 2304 1349 2346 quidem
1371 2304 1458 2334 binos
1478 2300 1571 2332 libros
1590 2298 1741 2330 consulere
1766 2306 1825 2326 non

973 2351 1068 2392 potui.
1100 2348 1197 2380 Harl.
1504 2343 1511 2347 “

1019 2398 1061 2428 cc)
1085 2394 1142 2422 Hic
1157 2390 1318 2422 Politianus
1336 2391 1427 2430 Plagii
1442 2391 1576 2428 arguitur
1590 2398 1606 2416 a
1624 2385 1752 2417 Budaeo
1764 2393 1823 2433 ‘an-

974 2444 1035 2466 not.
1053 2438 1145 2478 prior.
1163 2438 1192 2466 in
1207 2436 1364 2466 Pandeetas
1379 2447 1407 2477 p.
1424 2443 1491 2472 547.
1515 2434 1566 2473 qui
1582 2441 1618 2461 eo
1635 2429 1700 2460 loco
1718 2436 1746 2458 et
1762 2426 1822 2468 ipse

975 2480 1094 2523 prolixo
1118 2489 1207 2523 atque
1228 2481 1332 2519 infigni
1357 2480 1493 2510 encomio
1516 2479 1683 2508 Homerum
1704 2472 1824 2546 uxi-&³52

1762 2526 1811 2554 gui
