2183 2747
0 86 223 121 ,Ιιμ649ῐ6ςῠ
665 85 966 124 DEPERDITAE
1186 87 1259 125 Lib.
1271 90 1320 124 II.
1335 102 1359 126 c.
1372 90 1523 130 XVIII.
1629 107 1694 141 249
1736 136 1738 138 ‚

13 184 153 224 Δίκτυς.
205 183 288 219 Acta
304 183 476 219 Archonte
494 180 695 228 Pythodoro
711 183 854 234 Olymp.
871 172 1115 220 LXXXVII.‘1.
1167 183 1254 221 Vide
1277 198 1515 235 argumentum
1541 188 1691 226 Medeae.

36 234 164 272 Laudat
181 235 382 272 Plutarchus
395 231 554 272 consolat.
571 234 611 271 ad
627 235 788 285 Apollon.
805 237 973 276 Stobaeus.
1002 238 1196 286 [MusgraU.
1218 251 1256 273 ac
1272 239 1367 275 Beck.
1383 253 1460 290 pag.
1476 253 1533 285 441
1552 238 1637 292 sqq]

19 303 152 348 Ἑλένης
166 300 370 348 ἀπαίτησις.
422 306 486 340 Sex
502 302 554 340 vel
571 301 695 354 septem
715 304 884 347 versiculi,
911 318 994 356 quos
1017 321 1035 342 a
1056 306 1216 342 Clemente
1240 308 1294 342 111.
1318 320 1345 345 a.
1369 307 1554 359 paedagog.
1574 313 1688 348 citato:

37 355 80 394 nd
98 358 165 393 hoc
178 356 294 393 drama
313 354 414 393 refert
430 355 599 392 Barnesius
615 371 647 406 p.
666 359 745 400 466.
765 361 856 408 petiti
871 355 945 394 sunt
957 371 996 394 ex
1017 360 1184 408 Iphigenia
1203 362 1237 394 in
1255 359 1376 397 Aulide
1394 375 1421 396 v.
1438 374 1472 406 71
1488 359 1533 411 sq.
1549 374 1581 398 vt
1596 363 1686 400 idem

60 422 114 459 ag.
140 420 212 456 520.
232 407 391 460 agnoscit.
446 409 604 446 Ceterum
628 408 762 455 Ἑλένης
783 406 974 456 άπαῖτησιν
990 410 1206 461 Euripideam
1226 425 1395 449 memorat
1411 414 1561 460 Etymol.
1579 418 1631 452 M.
1652 420 1687 452 in

47 469 168 513 Ημην,
195 473 228 498 et
251 464 367 499 auc‘tor
387 465 576 511 argumenti
597 461 747 506 Ἑλέιης,
777 467 833 513 qui
856 463 1006 508 testatur,
1043 463 1301 515 Aristophanem
1327 469 1359 501 in
1381 463 1684 517 Thesmophoriaz.

35 515 143 552 multa
159 528 200 551 ex
211 514 392 564 Euripideo
408 515 468 551 isso
483 514 632 551 dramate
650 513 943 568 πεπαςιῳὸηκέιναφ.
972 519 1099 552 Fabrir.
1154 521 1195 553 At
1217 518 1367 568 Euripidi
1389 519 1599 557 tribuendam
1623 519 1685 558 effe

36 567 132 605 issam
156 577 241 617 trag.
260 577 359 618 negat
375 567 518 616 Pietfim.
536 566 576 603 ad
597 569 735 604 Moerin
749 583 826 619 pag.
845 582 908 614 ¹72·
932 580 963 605 et
984 570 1137 606 Valckcn.
1156 569 1260 606 Diatr.
1275 584 1352 621 pag.
1372 585 1415 618 15.
1443 573 1543 608 Harl.

16 633 230 689 Ἑξάμετςος
245 634 391 689 τήρησις.
450 636 593 673 Clemens
607 636 706 673 Alex.
722 638 778 674 VI.
797 638 922 674 Strom.
940 652 973 688 p.
992 641 1064 682 627.
1085 639 1200 688 quibus
1218 640 1322 675 verbis
1344 639 1429 675 nihil
1450 640 1537 676 aliud
1561 640 1683 691 fignifi-

35 693 102 726 cari
118 690 270 726 existimo
286 705 304 726 a
320 690 515 732 Clemente,
542 703 643 739 quam
661 688 855 740 Euripidem
870 692 1083 727 Hexametris
1098 691 1249 727 Iambicis
1264 693 1482 742 complexum
1499 692 1574 738 eisc,
1599 709 1684 744 quae

33 740 132 794 prosa
156 745 379 793 Hippocrates
404 739 580 792 scripserat.
635 741 799 778 Meursms
820 741 876 779 fibi
898 741 965 793 ipse
987 742 1124 786 diffidit,
1157 743 1270 792 legens
1294 746 1394 795 τηρᾶ.
1445 746 1562 783 Paullo
1586 747 1685 784 auda.

32 799 101 832 cius
118 797 320 832 Gatacitaerus
334 809 365 845 p.
385 806 456 839 104.
484 791 656 830 Aduersar.
673 799 704 833 ἐν
721 795 982 847 Βελλεξοφέντῃ
996 797 1114 846 ῥητῶς.
1144 797 1274 832 Fabric.
1304 796 1392 845 [vide
1409 798 1449 834 V
1447 799 1563 835 alcken.
1579 801 1683 840 Diatr.

29 862 106 899 pag.
126 861 159 896 15
178 846 222 899 sq.
250 848 433 884 Clementis
451 846 567 883 locum
583 847 772 884 emendauit
787 849 967 895 Hemsterh.
985 849 1026 884 ad
1043 848 1212 895 Aristoph.
1231 849 1316 886 Plut.
1343 863 1420 900 pag.
1436 864 1508 896 227.
1537 852 1654 901 Harl]

11 913 210 969 Ἐρεχθεύς.
248 917 394 954 Clemens
408 916 507 952 Alex.
525 917 582 952 VI.
601 918 724 953 Strom.
742 930 817 967 pag.
835 921 906 963 619.
923 919 990 952 62¹.
1020 917 1171 964 Eustats'z.
1187 917 1227 953 ad
1247 917 1337 955 Iliad.
1355 915 1404 957 π’.
1421 932 1498 969 pag.
1518 932 1610 965 1074.
1629 933 1679 965 41-

33 971 145 1020 Steph.
164 972 200 1006 in
215 968 360 1017 Αἰθίοψ.
414 969 504 1006 Stob.
521 969 590 1016 [vbi
605 973 639 1005 in
655 970 768 1006 Floril.
785 972 830 1005 tit.
848 971 930 1008 LIX.
948 967 1089 1006 senarius
1107 973 1140 1005 in
1158 969 1272 1006 codice
1288 969 1383 1007 Paris.
1399 975 1493 1020 regio
1510 971 1681 1023 perspicua

31 1020 193 1073 scriptura
211 1021 415 1058 adiudicatur
428 1021 598 1072 Euripidi,
626 1022 704 1066 teste
722 1023 888 1058 Brunckio
914 1025 949 1058 in
972 1020 1150 1071 fragment.
1167 1023 1326 1072 Sophocl.
1351 1037 1383 1072 p.
1400 1027 1480 1070 669.
1502 1023 1579 1061 edit.
1595 1027 1680 1062 min.

28 1078 65 1113 in
79 1076 129 1123 8.]
157 1072 302 1120 Hesych.
318 1074 466 1121 Etymol.
482 1077 533 1111 M.
556 1073 645 1112 Suid.
668 1078 702 1111 in
725 1072 917 1116 Ἀιίέςειτσι
939 1085 971 1111 et
990 1076 1057 1115 Βὲς
1081 1071 1239 1123 {fideme-
1289 1077 1456 1112 Plutarch.
1472 1079 1505 1112 in
1527 1077 1677 1126 parallel.

30 1141 108 1179 pag.
129 1140 196 1172 310.
257 1127 365 1164 Theou
385 1130 419 1163 in
443 1130 600 1170 Aratum,
628 1129 680 1164 vbi
700 1128 788 1165 male
806 1126 953 1179 Ἐρχθεῗὶ
968 1141 1031 1178 pro
1048 1125 1222 1180 Ἐρεχθεῖ.
1276 1127 1455 1177 Adpendix
1473 1131 1631 1166 Vaticana
1647 1133 1682 1167 in

31 1182 211 1231 prouerbio
229 1181 390 1228 Μίασμα
407 1176 509 1230 deusse-
569 1181 695 1215 Ennius
709 1194 843 1232 quoque
860 1183 1086 1216 Erechtheum
1105 1179 1292 1230 scripserat,
1321 1195 1359 1216 ex
1374 1180 1551 1231 Euripide,
1577 1193 1612 1218 vt
1634 1186 1680 1218 vi-

28 1233 133 1270 detur.
185 1231 337 1269 Laudant
353 1233 479 1270 Genius
502 1243 532 1268 et
553 1234 756 1270 Macrobius.
808 1231 938 1270 Confer
960 1233 1193 1282 Hieronymum
1215 1234 1400 1270 Columnam
1425 1233 1465 1269 ad
1491 1231 1680 1283 fragmenta

27 1287 128 1323 Ennii
144 1299 219 1336 pag.
236 1288 295 1332 256
312 1282 359 1335 sq.
387 1286 441 1321 vbi
454 1287 629 1322 Erechthei
644 1285 812 1336 Euripidei
831 1284 1020 1335 fragmenta
1037 1300 1054 1322 e
1073 1288 1218 1335 Lycurgi
1237 1288 1396 1322 Oratione
1412 1297 1527 1323 contra
1541 1289 1680 1324 Leocra-

29 1349 98 1376 tem
115 1349 175 1375 etc.
203 1335 368 1385 [Valcken.
386 1338 489 1375 Diatr.
502 1352 538 1389 p.
557 1342 628 1381 168.
645 1341 685 1375 C.
702 1352 773 1384 170.
798 1341 971 1388 Musgrau.
989 1349 1020 1375 et
1035 1340 1076 1375 cl.
1094 1340 1190 1376 Beck.
1212 1352 1287 1388 pag.
1304 1350 1366 1384 442
1380 1335 1467 1389 sqq.]

6 1399 210 1466 Edquefflrnf
228 1408 430 1463 Σατυρικές.
485 1413 612 1449 Pollux
630 1414 669 1449 X.
689 1426 739 1458 24.
760 1412 818 1449 nisi
836 1412 1018 1463 legendum
1035 1410 1201 1464 Εὐρυσθεῖ
1222 1426 1284 1463 pro
1302 1410 1506 1463 Εὐρυσθένει.
1531 1415 1592 1462 [vti
1610 1417 1678 1453 iam

27 1463 205 1518 suspicatus
227 1465 272 1502 est
290 1466 464 1513 Cqfizubon.
481 1464 660 1502 Animadu.
686 1469 719 1501 in
742 1467 864 1504 Athen.
882 1467 937 1502 XI.
953 1479 1023 1516 cap.
1043 1466 1103 1511 14]

8 1539 198 1595 Εὐρυσθεύς
212 1536 416 1590 Σωτυξικὲς.
470 1541 580 1589 Steph.
597 1543 630 1575 in
650 1537 850 1591 Τάρταρος,
906 1539 1044 1585 [Pollux
1061 1541 1099 1574 X.
1115 1539 1197 1584 ¹45]
1253 1541 1381 1575 Citatur
1402 1550 1432 1576 et
1446 1537 1635 1591 Εὐρυσθεὺς
1657 1556 1675 1578 a

26 1597 116 1633 Stob.
136 1596 255 1630 Athen.
281 1595 443 1629 Erotiano
458 1595 491 1628 in
507 1591 555 1632 Τὸ
570 1593 712 1644 τέρθρον
731 1605 763 1629 et
779 1592 958 1629 Scholiaste
976 1594 1088 1642 Eurip.
1104 1595 1138 1627 in
1154 1593 1328 1627 Hecubam
1345 1600 1416 1637 837.
1433 1592 1574 1629 Barnefii
1588 1591 1678 1643 frag.

26 1659 139 1686 menta
154 1661 186 1697 p.
204 1649 283 1693 469.
303 1656 335 1682 et
350 1659 418 1692 520.
450 1645 515 1691 [V
513 1647 628 1682 alclcm.
644 1647 750 1682 Diatr.
769 1661 802 1696 p.
823 1658 875 1691 ¹7¹
891 1642 936 1695 sq.
965 1645 1147 1693 Mus-grau.
1162 1654 1195 1680 et
1210 1644 1302 1679 Beck.
1318 1657 1351 1694 p.
1367 1647 1432 1689 446
1451 1641 1518 1695 sqq.
1553 1646 1677 1694 Cqsau.

17 1699 99 1737 'bom
118 1699 159 1736 de
175 1701 280 1746 Satyr.
294 1697 387 1735 Pocsi
406 1701 430 1733 Ι.
454 1712 524 1748 cap.
542 1712 567 1746 3.
582 1712 660 1749 pag.
676 1711 741 1743 141.
764 1698 839 1735 edit.
857 1698 1056 1744 Rambach.]

0 1766 143 1820 Εὐρώπη
165 1766 341 1816 tragoediis
363 1766 529 1816 Euripidis
553 1780 592 1803 ex
614 1768 693 1804 loco
715 1767 864 1817 quodam
887 1766 1034 1804 Malelae
1056 1767 1196 1802 minime
1219 1761 1427 1801 accensenda.
1479 1765 1564 1803 Vide
1581 1767 1672 1804 Rich.

0 1822 162 1876 ’'k-,Bentleii
176 1821 277 1870 Epist.
302 1819 342 1856 ad
365 1821 516 1858 Mu'iimn
537 1833 635 1870 pagg.
652 1833 700 1864 43.
719 1833 750 1857 et
768 1833 821 1865 44.

0 1886 51 1930 *1¹3
65 1893 102 1929 ἐκ
119 1892 180 1935 *rie
193 1888 393 1939 Ἠλέκτρας
407 1886 496 1937 apud
516 1888 687 1924 Lacr-tium
701 1890 775 1926 vn.
794 1901 859 1934 172.
877 1886 1006 1939 respicit
1020 1888 1138 1925 locum
1158 1889 1192 1922 in
1204 1886 1372 1937 Euripidis
1389 1886 1521 1932 Oreste,
1545 1896 1581 1924 vt
1600 1888 1674 1939 pul.

26 1956 80 1979 ere
100 1945 228 1980 notauit
242 1944 255 1976 Ι
259 1939 367 1978 saacus
382 1937 606 1977 casaubonus.

4 2018 225 2066 Θεμιςοκλῆς.
251 2064 258 2067 -
283 2015 374 2053 Stob.
393 2011 490 2050 serm.
507 2027 571 2060 119.
589 2013 649 2051 nisi
668 2014 832 2052 mendum
857 2015 921 2059 est,
954 2025 988 2051 vt
1011 2012 1197 2050 existimant
1220 2010 1385 2049 Meurfiue
1408 2023 1440 2049 et
1460 2014 1670 2052 Gatackerus.

25 2068 120 2106 Idem
134 2073 225 2107 enim
241 2068 335 2105 locus
349 2068 426 2103 alibi
441 2066 596 2104 laudatur
617 2081 657 2103 ex
677 2068 844 2118 Euripidis
860 2065 1077 2118 Cresphonte.

7 2140 144 2196 Θεςιςοὴ
157 2141 317 2195 Σάτυροι.
371 2141 607 2191 Aristophanes
621 2143 868 2178 Grammaticus
891 2143 924 2176 in
949 2149 1147 2188 argumento
1170 2136 1311 2174 Medeae
1331 2138 1514 2188 Euripidis,
1539 2140 1673 2178 testatur

18 2192 91 2246 hc
105 2195 219 2233 drama
233 2197 421 2242 satyricum
439 2196 551 2230 ac'lum
569 2194 710 2244 Olymp.
726 2195 924 2230 LXXXVII.
949 2193 1120 2229 Archonte
1135 2189 1342 2236 Pythodoro.
1371 2191 1427 2239 [if]

9 2256 147 2315 ῥησεῦς.
197 2270 288 2306 Stob.
303 2269 426 2305 Athen.
442 2269 552 2316 Steph.
569 2277 601 2302 et
622 2266 818 2303 Scholiastes
835 2265 1067 2313 Aristophanis
1084 2261 1125 2298 ad
1142 2264 1273 2306 Ram,
1303 2264 1393 2310 [476.
1403 2262 1449 2306 ,ad
1468 2261 1589 2315 Vespas
1604 2277 1669 2309 312.

20 2321 145 2358 Athen.
158 2335 190 2371 p.
209 2322 296 2368 454]
341 2319 533 2370 Cin-Tusc.
560 2319 681 2370 quaest.
705 2319 760 2356 lib.
779 2320 834 2354 111.
861 2330 908 2362 14.
953 2318 1096 2353 Tzetzes
1113 2316 1200 2352 Chil.
1220 2317 1275 2351 XI.
1293 2316 1366 2353 hist.
1383 2327 1457 2363 379.
1477 2317 1670 2365 [Musgrau.

28 2369 148 2424 fragm.
192 2387 245 2424 ag.
262 2372 352 2419 473]

0 2440 98 2492 rofa
168 2388 190 2425 Ρ
867 2447 901 2482 Ii
1006 2460 1009 2463 ·
1447 2450 1504 2496 36)
1532 2450 1673 2494 Θυέςησ.
