2183 2747
305 484 823 543 LECTORI
904 484 1521 542 BENEVOLO

868 612 970 643 s.D

164 709 552 758 GOTTLIEB
620 707 1293 757 CHRISTOPHORVS
1354 708 1661 754 HARLES

25 869 333 1017 Quoniam
352 916 390 955 in
401 923 689 967 programmate
706 912 758 955 de
776 926 886 955 noua
904 913 1179 957 bibliothecae
1192 926 1380 970 graecae
1395 911 1490 956 LA.
1501 911 1702 954 Fabricii
1717 911 1804 952 edi-

198 977 308 1017 tione
324 974 522 1016 curanda
544 986 721 1015 mentem
742 988 872 1014 meam
898 985 938 1015 et
964 976 1123 1015 instituti
1148 977 1343 1016 rationem
1369 976 1446 1014 iam
1471 974 1560 1015 satis
1579 970 1804 1026 explicuisse

26 1037 126 1078 mihi
144 1036 300 1081 videor3
333 1034 474 1089 idque,
508 1044 550 1074 vt
571 1034 722 1087 plures,
756 1049 847 1074 cum
864 1036 1001 1087 primis
1027 1038 1166 1085 exteri,
1198 1038 1239 1076 in
1255 1048 1427 1090 quorum
1445 1048 1581 1075 manus
1605 1034 1805 1073 notitiam-

26 1110 103 1153 que
127 1095 224 1136 illud
248 1094 429 1134 nondum
448 1095 693 1146 peruenerit,
730 1107 860 1133 meam
881 1094 1162 1149 sociorumque
1187 1108 1351 1149 operam
1374 1095 1623 1149 studiumque
1650 1106 1804 1146 cogno-

24 1158 154 1207 scant,
196 1152 405 1194 hincinde
429 1151 647 1206 paullulum
668 1155 922 1194 immutatum
944 1153 1178 1206 praefationi
1209 1155 1303 1196 huic
1335 1154 1422 1195 sum
1454 1152 1722 1203 subiefflums,
1752 1153 1802 1205 ¹in

23 1215 216 1272 praesenti
242 1215 376 1268 paucis
398 1227 463 1254 me
491 1213 677 1267 expedire
694 1245 708 1265 ⁷
758 1224 796 1254 et
823 1212 1010 1255 nonnulla
1038 1224 1215 1265 tantum,
1253 1228 1352 1269 quae
1376 1214 1504 1256 adhuc
1528 1213 1692 1254 dicenda
1718 1211 1801 1263 sint,

24 1278 193 1318 adiicere
215 1273 362 1315 licebit.
420 1275 560 1329 Neque
586 1275 693 1314 enim
722 1287 824 1328 opus
857 1273 930 1314 esse
961 1274 1116 1315 videtur
1144 1274 1307 1327 copiosa
1338 1277 1441 1315 vitae
1474 1289 1519 1314 ac
1552 1276 1800 1322 meritorum,

23 1348 194 1393 quorum
211 1335 375 1390 quidem
391 1336 584 1375 memoria
606 1337 678 1375 erit
695 1333 941 1385 immortalis,
970 1333 1303 1385 Fabricianorum‚
1334 1348 1406 1374 nec
1425 1333 1540 1386 longa
1560 1334 1800 1376 iudiciorum

23 1396 341 1446 enumeratione,
374 1408 473 1450 quae
490 1394 539 1435 dc
559 1408 681 1451 opere
696 1394 824 1436 hocce
850 1394 1073 1449 praeclaro,
1105 1409 1126 1436 a
1143 1392 1303 1452 Pfqffio
1319 1397 1359 1435 in
1378 1394 1523 1435 Introd.
1540 1395 1581 1434 in
1598 1392 1683 1435 hist.
1701 1392 1800 1433 liter.

20 1456 142 1500 theol.
156 1469 194 1510 p.
211 1468 275 1509 30.
294 1455 385 1508 edin
404 1454 478 1496 sec.
495 1455 704 1507 magnifice
719 1454 892 1506 laudato,
923 1464 962 1496 et
978 1455 1089 1511 quod
1107 1454 1328 1498 Needlmm
1347 1458 1388 1495 In
1411 1452 1567 1509 praefat.
1587 1453 1637 1495 ad
1652 1456 1798 1495 Hiero-

19 1517 121 1559 clem
142 1530 179 1570 p.
198 1527 232 1568 5.
250 1525 367 1556 vocat
382 1515 620 1556 maximum
639 1517 847 1570 antiquae
864 1515 1122 1557 eruditionis
1139 1513 1404 1573 thesaurum,
1432 1515 1713 1557 Hemnamz‘us
1729 1528 1798 1555 ve-

21 1591 66 1618 ro
85 1579 125 1618 in
143 1575 317 1629 exempli
332 1576 392 1616 sui
406 1574 558 1626 fronte,
592 1575 670 1617 fine
697 1575 772 1616 vlla
799 1575 1034 1617 adulationis
1061 1576 1213 1630 specie,
1242 1582 1346 1625 (nam
1370 1576 1412 1616 id
1440 1576 1654 1616 testimonii
1676 1588 1796 1615 manu

18 1638 86 1679 sua
110 1637 298 1691 scriptum
322 1635 560 1691 reliquerat)
591 1634 788 1694 Museum
815 1635 1044 1689 Graeciae,
1074 1636 1258 1691 permulti
1285 1637 1355 1676 viri
1383 1635 1548 1685 eruditi,
1577 1636 1798 1690 harumque

19 1698 233 1739 litterarum
257 1706 297 1737 et
319 1698 436 1750 periti
454 1706 493 1737 et
508 1697 670 1737 statores
685 1697 823 1751 paffim
846 1696 1029 1738 tulerunt.
1089 1700 1190 1738 Nam
1213 1706 1359 1752 quanto
1383 1695 1566 1748 adplausu
1583 1695 1794 1736 hominum

20 1756 233 1799 dodorum
257 1758 370 1797 omni
393 1766 575 1811 tempore
597 1768 759 1811 excepta
778 1755 820 1799 fit
838 1756 1081 1799 Bibliotheca
1099 1771 1255 1811 graeca,
1286 1770 1332 1796 ex
1351 1756 1480 1796 indice
1497 1765 1602 1809 patet
1622 1754 1794 1796 iudicio-

20 1831 108 1858 rum
129 1826 246 1871 atque
269 1815 492 1869 elogiorum
515 1816 616 1858 bene
643 1817 786 1871 longo,
819 1831 940 1873 quem
967 1818 1076 1860 dedit
1091 1818 1238 1859 Herm.
1258 1816 1372 1858 Sam.
1387 1815 1641 1867 Reimmws,
1671 1828 1794 1867 gener

20 1876 221 1933 quondam
244 1874 407 1917 Fabricii
432 1877 675 1929 digniffimus
704 1888 742 1917 et
767 1876 963 1919 Profeffor
987 1881 1027 1919 in
1053 1876 1266 1929 Gymnafio
1292 1875 1577 1929 Hamburgenfi
1601 1876 1687 1929 post
1712 1874 1790 1916 fata

17 1935 297 1978 celeberrimus
311 1937 365 1987 ³⁶).
410 1938 501 1977 Non
522 1935 730 1978 defuerunt
747 1937 933 1993 quidem,
963 1941 1032 1994 qui
1057 1937 1297 1980 diffentirent
1317 1936 1516 1978 interdum
1542 1935 1590 1977 ab
1615 1934 1791 1987 ἣυᾶοτε,

16 2008 81 2038 aut
96 1997 337 2049 corrigerent
357 1998 491 2038 minus
514 1996 619 2038 recle
641 1997 904 2054 adcurateque
926 1997 1003 2042 fiue
1018 2010 1165 2041 narrata
1184 1997 1261 2038 siue
1288 1996 1479 2051 exposita,
1517 2007 1557 2037 vt
1579 1996 1791 2036 nouiffime

14 2053 243 2102 Kollarius
258 2056 352 2097 hinc
376 2056 469 2097 inde
492 2060 532 2098 in
557 2061 660 2099 notis
687 2057 736 2100 ad
760 2057 962 2101 Lambecii
981 2061 1291 2101 commentarios
1309 2058 1357 2098 de
1374 2057 1489 2098 codd.
1512 2059 1624 2097 mstis
1647 2055 1791 2097 biblio·

14 2117 152 2158 thecae
179 2116 376 2157 Caesareo
399 2117 741 2170 vindobonenfis‚
785 2130 851 2160 aut
881 2120 1064 2162 ordinem
1097 2133 1227 2160 rerum
1251 2133 1334 2159 non
1367 2121 1534 2159 omnino
1564 2115 1789 2171 probarent,

14 2179 252 2227 Enimuero,
297 2179 386 2232 quis
416 2178 647 2222 mortalium
678 2182 913 2234 reperietur,
952 2183 1020 2237 qui
1049 2193 1177 2234 opus,
1218 2179 1405 2221 omnibus
1428 2181 1603 2221 numeris
1629 2176 1786 2218 absolu,-

1700 2248 1786 2278 tum

54 2358 84 2392 ’ἢ
109 2359 144 2388 In
166 2354 266 2387 libro:
295 2355 336 2387 de
353 2358 416 2388 vita
434 2366 465 2389 et
486 2356 602 2401 scriptis
620 2361 664 2391 Io.
682 2358 802 2392 Arberti
818 2362 871 2391 Fa·
922 2361 1077 2393 bricium:
1101 2370 1223 2405 praeter
1244 2372 1278 2392 ea
1301 2359 1344 2404 pl.
1359 2371 1424 2391 reu.
1442 2360 1605 2391 Christiani
1629 2360 1785 2391 Kortholti

10 2400 100 2451 bricii
116 2403 378 2431 Commentarius:
417 2403 566 2434 accedunt
583 2413 760 2443 argumenta
778 2407 870 2436 histo·
923 2408 1096 2437 Parentatio
1120 2407 1276 2449 Lipsiensrs
1296 2415 1325 2437 et
1341 2408 1500 2438 variorum
1513 2405 1664 2448 epicedia.
1690 2408 1785 2437 Ham-

5 2447 202 2476 nco-critica
229 2456 266 2477 ex
287 2445 420 2488 epistolis
452 2450 595 2479 virorum
617 2448 729 2481 clai-or,
755 2450 794 2482 ad
818 2452 870 2482 Fa-
921 2451 1031 2490 burgi,
1057 2461 1139 2493 1737.
1153 2460 1178 2488 8.
1193 2462 1260 2495 pag.
1280 2461 1457 2492 127—234·
