2183 2747
0 2690 4 2719 *-
0 2644 9 2675 ‘v

5 204 7 207 Α
39 178 101 206 Vol.
111 178 132 205 1.
140 184 163 210 p.
173 183 220 212 293
228 177 250 212 P
259 184 309 211 ²9⁴

551 174 748 215 senoni
787 148 886 214 ilisa
925 174 976 214 m
1012 174 1270 214 noMizRvM.
1397 178 1534 216 Lean.
1548 193 1571 215 c.
1581 193 1612 226 5.

1719 196 1782 229 ⁴03

34 272 349 325 eutparaphrafibus
364 270 545 323 glossisque
561 273 746 321 intimam,
772 277 1050 316 commemorare.
1072 297 1076 301 -
1104 273 1222 310 Codex
1247 285 1314 322 reg.
1332 271 1463 310 Parisin.
1482 276 1784 316 MMDCCLXVII

36 331 182 365 continet
196 325 331 368 scholia,
351 329 494 375 itemque
510 325 617 361 codex
629 329 924 364 MMDCCLvni.
940 323 1061 362 scholia
1077 329 1106 362 in
1118 329 1233 376 viginti
1251 325 1520 375 quatuorlliados
1538 328 1656 372 libros,
1684 334 1716 366 in
1733 334 1783 367 iis.

37 393 103 430 que
120 375 310 432 Ὀμηςικοὶς
324 375 478 430 α’ποςιάς
495 377 553 425 ιῳά
569 377 694 418 Adeas.
745 381 889 416 Bandtm·
907 383 940 416 in
957 381 1122 427 Catalogo
1141 378 1294 414 codicum
1311 391 1508 427 graecorum
1535 381 1612 417 bibl.
1641 384 1782 420 Lauren·

34 436 140 469 tianae
157 435 327 468 Mediceae
343 443 514 467 enumerat
530 431 628 468 codd.
648 431 765 468 iliados
781 446 857 469 cum
872 431 997 468 ineditis
1015 430 1158 471 scholiis,
1185 443 1270 467 tom.
1296 432 1334 467 ΙΙ.
1360 444 1392 479 p.
1415 438 1461 473 8¹-
1480 445 1544 476 ¹2⁴-
1565 446 1612 478 131
1632 432 1700 484 sqq.
1727 449 1782 482 134

36 483 106 535 sqq.
126 498 195 530 174.
212 492 286 531 178.
304 496 388 520 tom.
406 486 459 519 ΙΙΙ.
475 497 508 532 p.
528 497 608 529 4²0·
627 497 697 529 4²¹·
721 497 780 521 etc.
849 485 944 521 Plura
964 484 1051 520 dabit
1073 487 1286 520 continuator
1310 487 1419 532 operis
1445 486 1559 522 Lami:
1586 490 1630 522 Le
1652 488 1783 526 Delizie

37 536 90 574 dei
107 537 189 574 dotti
206 549 238 574 et
256 537 343 586 degli
361 535 490 576 eruditi,
516 539 576 573 Nr.
592 549 620 573 2.
638 551 671 587 p.
689 550 743 574 20¹
765 536 832 587 sqq.
850 551 934 587 quae
951 550 1013 572 nos
1030 537 1144 586 paullo
1161 534 1243 572 infra
1257 546 1449 585 repetemus.
1504 536 1597 574 Idem
1617 539 1784 590 Villoifim

39 603 82 626 ex
102 592 223 626 Jriarti
238 589 402 640 Catalogo
423 588 521 625 codd.
540 603 686 638 graecor.
702 588 883 626 Matritens.
900 604 931 638 p.
947 597 991 633 84
1007 587 1074 639 sqq.
1094 588 1214 625 indicat
1229 588 1378 625 codicem
1395 591 1501 625 Hom.
1524 604 1603 627 cum
1618 592 1730 641 glossis
1753 605 1785 631 et

36 638 174 685 scholiis,
189 642 314 678 ineditis
333 645 364 677 in
381 645 505 692 priores
523 644 590 678 ΧΗ.
605 642 725 679 Iliados
740 642 842 679 libros
857 654 888 678 et
905 644 988 678 Xlll.
1007 651 1129 691 partem
1146 655 1182 677 ac
1202 639 1350 678 seorsum
1365 644 1399 677 in
1416 643 1599 680 Boeotiam.
1638 646 1785 695 Timage-

37 708 94 733 ms
111 699 142 734 ἕν
158 697 237 735 ταῖς
251 691 528 743 παραφράσεσιν
545 693 585 730 ad
603 693 731 731 versum
747 694 852 731 Iliadis
868 694 1016 731 laudatur
1032 697 1065 730 in
1080 694 1250 740 Apollonii
1271 695 1376 743 Soph.
1397 697 1522 731 Lexico
1541 697 1682 737 Homer,
1697 708 1782 737 tom.

39 750 64 784 1.
80 746 210 784 Villoil'.
228 761 302 784 xoc.
322 745 467 798 dignum!
483 763 514 797 p.
531 751 606 784 206.
624 768 673 777 —
698 750 734 783 ln
751 749 782 784 I.
808 749 931 797 Aloigfii
951 748 1144 794 Mingarelli
1161 747 1324 796 Catalogo
1340 760 1446 796 graec,
1462 747 1560 784 codd.
1576 750 1689 788 MSSr.
1699 752 1785 801 apud

39 802 168 837 Nanios
183 798 441 847 adseruazoi-um,
458 814 488 848 p.
507 812 588 846 490.
606 799 651 836 est
668 800 744 836 cod.
762 801 944 836 ccxciii.
961 802 994 835 in
1015 811 1083 847 quo
1101 797 1255 848 leguntur
1270 801 1394 847 priores
1409 802 1556 850 quinque
1581 801 1690 839 Iliadis
1712 805 1786 840 libri

41 866 120 889 cum
137 855 403 901 interpretatione
421 853 593 902 mai-ginali
611 864 778 901 perpetua,
806 867 843 888 ac
860 865 1024 900 nusquam
1042 853 1230 900 interrupta,
1255 849 1308 886 sed
1326 849 1479 888 sermone
1500 855 1786 902 gracco-barbaro,

42 907 136 941 euius
154 907 283 940 initium
301 905 343 941 est
360 902 385 943 εἷ
399 906 474 944 θεοῖ
489 907 603 945 Μέσοι
622 903 808 949 Καλλιόπη
821 902 965 953 xiicim-e.
993 900 1052 950 ›2oe}
1068 901 1142 943 εἰπὲ
1157 903 1363 957 maffia&
1378 902 1439 949 ’ΐῆν
1453 905 1672 957 Φθθξοπθίθὶν
1687 906 1787 961 ’devm‘

42 954 102 1004 »wi
116 958 259 1008 ἔχθραν
275 959 323 998 τῦ
337 961 538 1008 Λχιλλὲως,
565 974 611 998 τε
625 957 676 998 ὼε
693 974 739 998 τε
755 955 895 1002 Πήλεως
912 968 973 992 etc.
999 957 1114 1004 Harl]

75 1036 193 1061 ‘ttetzae
202 1043 253 1060 me·
333 1029 421 1063 XlV.
451 1027 607 1062 Iohannis
624 1027 768 1062 Tzetzae
778 1029 808 1073 ⁹)
835 1023 1051 1074 Metaphrasts
1067 1026 1210 1060 Homeri
1227 1023 1368 1060 versibus
1385 1025 1542 1068 Politicis,
1568 1026 1646 1073 flue,
1670 1039 1703 1064 vt
1722 1029 1790 1079 ipse

45 1075 182 1108 “Ph''st'
207 1081 253 1100 m·
280 1078 423 1115 Chiliad.
438 1080 492 1115 IX.
505 1077 547 1113 vs.
559 1086 631 1122 283.
655 1078 812 1126 loquitur,
837 1076 1080 1128 ἡμαξευμὲνως
1101 1078 1214 1124 §ixcx
1234 1074 1345 1126 scripta
1361 1077 1401 1113 ad
1416 1081 1531 1115 [renen
1556 1081 1747 1129 Angustam,
1772 1098 1789 1118 a

44 1142 112 1177 qua
132 1142 193 1177 pro
211 1128 343 1180 singulis
360 1134 486 1180 paginis
502 1131 574 1166 tulit
589 1130 769 1167 duodecim
786 1143 915 1173 aureos,
942 1132 1021 1164 hinc
1037 1126 1097 1173 τὴν
1116 1125 1286 1175 ’Λυγέςης
1302 1129 1434 1173 βίβλον
1451 1142 1546 1167 vocat
1562 1134 1648 1168 Xlll.
1667 1147 1698 1170 v.
1719 1138 1790 1180 625.

47 1183 120 1217 Fuit
147 1183 243 1219 MSta
264 1186 296 1218 in
322 1184 523 1219 Bibliotheca
552 1185 687 1218 Antonii
711 1182 895 1232 Augustini,
918 1182 974 1229 [if]
1003 1191 1033 1217 et
1055 1180 1221 1230 hodieque
1247 1185 1280 1216 in
1303 1182 1483 1219 Bodleiana
1505 1184 1604 1220 exstat
1623 1187 1787 1226 oxoniae,

44 1232 335 1284 fragmentumque
351 1236 435 1271 illius
453 1234 611 1284 produxit
630 1237 792 1270 chm'cus
807 1235 1007 1270 Dodwellus
1023 1235 1056 1268 in
1072 1231 1344 1270 dissertationibus
1358 1234 1398 1270 de
1416 1238 1573 1272 veteribus
1585 1239 1790 1275 Graecorum

45 1297 76 1322 et
94 1291 327 1322 Romanorum
345 1288 459 1332 Cyclis
478 1301 510 1336 p.
526 1294 600 1328 802.
615 1301 655 1323 ex
673 1300 742 1337 quo
758 1286 901 1336 adparet,
927 1299 997 1321 non
1013 1288 1205 1321 Homerum
1222 1287 1472 1330 tantummode,
1497 1287 1549 1324 sed
1565 1300 1596 1325 et
1616 1291 1709 1334 alim,
1735 1295 1790 1340 qui

45 1337 87 1374 de
102 1338 190 1374 bello
208 1339 364 1376 Troiano
382 1338 587 1388 scripserunt,
613 1353 714 1389 opere
732 1340 793 1375 illo
809 1339 898 1374 velut
911 1337 1115 1387 compendio
1139 1335 1202 1374 esse
1230 1339 1498 1387 comprehensos.
1556 1341 1662 1378 Video
1690 1345 1790 1380 etiam

44 1405 65 1426 a
80 1392 212 1427 Labbeo
228 1403 259 1427 et
276 1395 359 1428 inter
379 1391 511 1438 codices
530 1393 646 1428 MStos
662 1393 883 1428 Bibliothecae
900 1388 1076 1427 Caesareae
1084 1389 1352 1426 Vindobonensis
1367 1390 1477 1428 referri
1489 1394 1637 1430 Tzetzae
1656 1395 1791 1432 Iliadem

45 1455 182 1492 paruam
199 1446 438 1481 Homericam:
464 1448 628 1480 Praeterea
641 1448 674 1479 in
692 1447 795 1494 Regia
811 1441 1012 1479 Londinenfi
1036 1445 1195 1479 habentur
1216 1443 1362 1479 eiusdem
1384 1446 1531 1480 Tzet7ae
1554 1449 1791 1484 Pro-Homeri·

45 1508 84 1531 ca
94 1494 140 1536 ²),
167 1497 362 1539 Homerica,
388 1508 420 1533 et
435 1497 508 1547 post
523 1499 721 1541 Homerica,
749 1499 880 1546 quaein
897 1496 1062 1545 Catalogo
1077 1497 1173 1532 MSS.
1190 1496 1329 1545 Angliae
1345 1507 1418 1532 ante
1434 1510 1557 1547 paucos
1576 1513 1680 1535 annos
1702 1501 1792 1537 edito

991 1551 1018 1585 E
1028 1563 1044 1584 e
1054 1563 1070 1583 c
1094 1563 1112 1586 2
1621 1566 1794 1601 perperam

90 1630 126 1667 y)
154 1628 194 1657 Ex
220 1626 261 1658 Io.
285 1627 425 1658 Ttelz'ae
445 1628 565 1656 metrica
587 1627 754 1668 paraphrasi
784 1625 894 1656 inedita
949 1626 1039 1665 Qiod
1055 1628 1084 1656 in
1099 1625 1198 1655 codice
1213 1627 1378 1664 Angustano
1393 1628 1479 1656 tertia
1502 1638 1579 1670 pars,
1603 1639 1678 1670 quae
1698 1629 1792 1659 Mesa-

47 1669 240 1714 Burgtjffium
258 1679 393 1712 excerpta
410 1669 535 1707 dedisse,
567 1670 697 1700 vidimus
719 1670 755 1700 ad
781 1678 894 1700 antece·
946 1671 1051 1710 μήμκα
1068 1669 1289 1710 complectatur,
1307 1668 1392 1710 plane
1409 1670 1605 1708 desideratur,
1637 1671 1670 1702 tl.
1695 1673 1794 1705 editor

49 1714 166 1744 dentem
183 1713 299 1754 §.circa
319 1715 368 1744 fin.
392 1714 487 1745 Harl.
947 1713 1061 1744 addidit
1078 1713 1194 1748 versus,
1225 1724 1298 1754 quos
1324 1713 1495 1743 Dodwellus
1515 1717 1573 1744 iam
1594 1715 1792 1754 euulganerat.

92 1764 131 1795 z)
154 1759 360 1796 Fragmentum
375 1758 483 1787 horum
501 1757 590 1787 exstat
604 1759 693 1787 etiam
707 1758 738 1787 in
752 1757 894 1788 Bibl.Au-
950 1758 1088 1788 Eiusdem
1106 1759 1242 1787 carminis
1258 1757 1350 1786 codex
1372 1757 1541 1788 adseruatnr
1559 1761 1589 1788 in
1611 1759 1794 1791 Bibliotheca

49 1802 186 1840 gustanaz
209 1801 257 1831 sed
270 1803 301 1831 in
316 1800 454 1840 Catalago
472 1802 550 1832 MSS.
566 1813 594 1842 p.
609 1810 659 1839 79.
683 1811 838 1843 perperam
855 1800 895 1831 la-

51 1847 112 1875 tine
127 1844 260 1875 redditur
275 1843 390 1874 titulus:
416 1854 519 1875 rtrum
542 1850 614 1874 aitte
632 1844 762 1875 Homeri
782 1850 895 1885 tempo-

50 1896 91 1919 ra
102 1888 270 1930 gestarum.
317 1889 549 1918 Pro-Homerica
563 1891 642 1918 enim
665 1888 723 1917 flue
743 1890 896 1918 Ante-Ho-

50 1935 160 1962 merica
177 1931 241 1961 sunt
256 1931 292 1960 de
311 1931 397 1960 rebus
421 1933 583 1961 Homerico
605 1933 736 1972 poemati
759 1934 897 1972 praemit-

50 1976 145 2006 tendis
162 1978 283 2016 eiusque
292 1983 496 2012 argumentum
511 1974 755 2003 antecedentibus.
773 1975 898 2005 Fabi-ic.

53 2021 98 2050 De
111 2021 225 2050 Tzctza
240 2020 361 2058 eiusque
376 2017 462 2047 editis
481 2027 509 2047 et
524 2017 641 2047 ineditis
664 2016 776 2059 scriptis
797 2021 898 2060 copio-

54 2063 110 2093 fius
132 2070 160 2093 ct
180 2063 342 2092 distinctius
365 2063 424 2099 agit
449 2060 629 2097 Fabricius,
662 2060 738 2091 infra
761 2061 838 2092 libro
862 2065 898 2092 V.

55 2117 118 2148 cap.
137 2117 185 2142 42.
200 2105 266 2136 scft.
283 2107 333 2135 111.
349 2114 377 2134 et
393 2104 512 2145 quidem
535 2108 578 2134 nr.
602 2113 615 2140 ς
632 2112 660 2134 ct
675 2108 703 2134 6.
726 2104 762 2134 de
784 2104 899 2144 Allego-

55 2152 108 2182 riis
125 2151 292 2181 Homericis
307 2157 334 2178 et
352 2150 565 2178 commentario
588 2150 618 2178 in
637 2150 812 2178 Homerum.
860 2151 900 2180 Ex

53 2193 240 2234 Augustam)
254 2202 351 2222 autem
369 2192 469 2221 codice
485 2191 597 2221 editum
611 2193 650 2221 est
664 2191 860 2230 fragmentum
873 2206 878 2222 :

125 2238 168 2266 Τε
182 2235 288 2273 Τζιτξκ
301 2248 337 2262 τοι
353 2247 400 2274 προ
412 2234 530 2274 ιΟμηρε,
552 2247 587 2262 τα
604 2237 701 2274 Ομηρε
723 2249 767 2272 κα]
788 2248 823 2263 τοι
837 2234 903 2271 μεθ’

54 2279 172 2318 Ὅμηρον
186 2291 209 2307 n
224 2291 341 2315 συντομῳ
357 2275 509 2308 ε’κδοθεντκ.
533 2278 664 2309 Ioannis
677 2279 813 2310 Tzetzae
828 2280 902 2311 Car-

56 2325 143 2355 mina
160 2324 261 2355 Iliaca
276 2333 356 2353 num:
369 2324 506 2363 primum
528 2331 543 2352 e
563 2321 662 2352 codice
683 2323 814 2366 August.
842 2322 902 2354 edi·

58 2366 106 2398 dit
118 2366 244 2399 Gotuob
259 2365 372 2397 Bened.
388 2363 549 2396 Srliirach.
573 2364 674 2395 Halae.
691 2375 775 2404 ¹770-
799 2372 824 2400 8.

125 2409 186 2440 Cel.
202 2410 305 2440 Editor
329 2412 359 2439 in
380 2408 563 2450 praefatione
587 2411 646 2446 agit
667 2409 702 2438 de
717 2411 844 2446 Tzetza,
867 2409 904 2439 de

58 2453 151 2488 cyclo
167 2456 263 2495 epico,
287 2453 322 2482 de
337 2453 487 2482 codicibus
503 2460 531 2481 et
553 2462 588 2481 ex
605 2452 754 2482 Dodwelli
775 2453 904 2483 differta-

58 2497 188 2529 tionibus
206 2495 399 2540 particulam,
422 2506 497 2539 quae
519 2496 576 2526 huc
596 2497 743 2538 pertinet,
776 2499 904 2540 repetiit.

949 1801 1066 1844 publica
1084 1800 1246 1831 Dresdenfi.
1292 1799 1378 1831 Illum
1395 1811 1467 1830 vero
1482 1813 1569 1832 manu
1584 1802 1722 1837 Tryllitii
1737 1804 1792 1834 esse

950 1845 1101 1886 scriptum,
1126 1847 1155 1873 in
1174 1843 1358 1884 frontispicio
1376 1844 1545 1874 adnotatum
1569 1847 1623 1875 est:
1653 1855 1681 1876 at
1705 1846 1792 1888 Quel-

951 1890 1010 1920 lius
1024 1891 1054 1918 in
1070 1887 1195 1929 Epistola
1218 1887 1252 1916 ad
1271 1886 1435 1923 Klotziuin‚
1466 1892 1506 1929 (p.
1531 1890 1571 1919 IX
1594 1889 1652 1930 sqq.
1680 1890 1793 1931 praefa-

950 1935 1038 1967 tion.)
1061 1942 1095 1961 ex
1120 1930 1220 1960 lacuna
1243 1939 1341 1960 notata
1363 1930 1491 1969 colligit,
1515 1931 1579 1961 cod.
1602 1933 1794 1964 Dresdensem

951 1987 986 2006 ex
997 1976 1162 2014 Augustano
1171 1973 1331 2015 exemplari
1346 1973 1401 2004 esse
1410 1974 1596 2016 descriptum,
1614 1985 1664 2006 aut
1676 1976 1794 2008 fortass‘e

951 2027 1111 2060 Vtrumque
1136 2029 1170 2048 ex
1195 2016 1373 2047 bibliotheca
1408 2021 1487 2056 regia
1509 2019 1700 2057 Londinenfi,
1742 2021 1794 2052 vbi

952 2064 1022 2093 haec
1039 2064 1197 2092 Homerica
1211 2061 1371 2091 seruantur.
1401 2062 1552 2093 Subit-ciac
1576 2062 1669 2093 sunta
1692 2075 1720 2106 p.
1741 2073 1791 2103 77.

953 2115 1039 2136 notae
1060 2115 1146 2146 atque
1163 2104 1397 2136 emendationem
1411 2115 1426 2134 a
1442 2108 1628 2146 p.81.—fin.
1646 2108 1792 2138 humanis.

954 2151 1018 2180 simi
1044 2149 1127 2180 Sam.
1151 2148 1203 2179 Fr.
1229 2146 1370 2178 Nathan.
1393 2149 1479 2178 [Uari
1500 2158 1587 2179 notae
1608 2150 1644 2180 ad
1669 2160 1791 2182 textum.

955 2193 1028 2223 adde
1047 2193 1163 2223 Klotzic'
1180 2190 1270 2232 praef.
1286 2191 1321 2220 ad
1343 2194 1482 2221 Stratonis
1505 2195 1732 2233 epigrammata,
1765 2207 1792 2237 p.

957 2247 998 2272 ¹9-
1021 2235 1080 2276 sqq.
1127 2234 1303 2264 Lacunosam
1327 2242 1423 2264 tamen
1446 2245 1473 2266 et
1494 2247 1623 2266 mancam
1645 2239 1717 2268 hanc
1738 2239 1793 2270 effe

956 2280 1116 2309 editionem
1139 2287 1261 2318 Vtraque
1285 2286 1377 2318 parte,
1409 2278 1510 2309 docuit
1535 2280 1587 2309 cel.
1611 2281 1739 2323 Tyriisen
1761 2285 1792 2313 in

957 2322 1125 2353 Bibliothck
1140 2321 1192 2350 der
1205 2321 1280 2350 alten
1299 2323 1458 2352 Litteratur
1474 2322 1531 2352 und
1543 2325 1641 2360 Kunst,
1655 2334 1728 2366 part.
1743 2328 1794 2357 IV.

955 2365 1059 2398 Inedit.
1076 2367 1098 2395 1.
1109 2364 1159 2394 vbi
1171 2365 1306 2395 ‘l'zetzae
1320 2368 1489 2396 carminum
1501 2367 1663 2398 Ila-corum
1679 2370 1797 2400 initium

956 2421 972 2439 e
990 2409 1054 2438 cod.
1072 2407 1289 2437 Vindubcncnli
1308 2419 1381 2439 nnnc
1404 2412 1530 2450 primurn
1555 2411 1664 2440 editum
1689 2414 1745 2449 est,
1769 2422 1797 2444 et

958 2454 1078 2483 historia
1101 2453 1223 2480 Tzctzis
1245 2450 1365 2492 eiusque
1394 2453 1567 2493 scriptorum
1596 2457 1625 2483 in
1652 2456 1797 2486 Panemo-

958 2495 1066 2527 ncndi's
1082 2496 1198 2533 egregie
1211 2494 1393 2532 illustratur,
1415 2505 1443 2527 et
1461 2497 1607 2528 Fabricius
1628 2500 1724 2529 noster
1747 2511 1798 2529 no-

1721 2551 1799 2575 tatur
