2183 2747
801 158 1123 198 HOMERISTAE.
1456 164 1531 200 Lib.
1542 165 1594 200 11.
1613 176 1636 201 e.
1647 176 1673 201 2.
1777 177 1833 212 373

185 252 258 299 (M.
274 253 399 297 Scliott)
418 253 500 290 Bito!
512 255 594 290 eines
608 253 840 303 Homer-{silim
855 255 1112 304 Kunstricliters,
1139 258 1175 294 in
1190 254 1475 296 nitemur-*und
1500 235 1830 312 Theater-Zeitung‚

74 316 111 341 ἰ.
129 312 219 350 1782.
236 313 271 348 8.
295 318 377 357 part.
395 308 452 343 111.
470 307 577 343 Berol.
599 321 632 357 p.
649 320 724 353 450.

183 370 315 418 Einiges
338 368 416 404 iiber
438 367 495 404 das
518 365 619 404 Lesen
642 370 789 404 Homers
811 371 845 404 in
865 369 1020 406 Schulen.
1074 371 1138 407 Ein
1158 372 1360 421 Programm
1381 386 1450 410 von
1477 372 1536 410 der
1564 372 1766 412 Stadtscliiile
1788 386 1831 410 zu

80 419 247 457 Buttssfidt.
274 423 429 469 (auclore
451 421 656 466 Schwabio)
684 423 857 462 Vinariae‚
888 429 978 467 1788.

177 482 229 517 M.
247 480 324 518 Car.
345 480 506 516 Benedifi‘.
526 479 710 530 Suttinger,
737 482 872 517 Rec'lor.
891 478 1024 518 scholae
1037 481 1278 527 Lubbenianae‚
1303 497 1420 534 progr.
1438 485 1479 522 de
1495 488 1583 523 re<ste
1597 485 1741 536 legendo
1759 487 1831 522 Ho-

80 546 176 569 mero
195 536 225 568 in
245 530 363 569 scholis
379 530 606 576 inferioribus,
628 533 796 569 Lubbenii.
817 536 909 578 1786.
925 546 956 578 4.
976 544 1038 571 etc.
1062 544 1095 569 vt
1112 534 1331 581 Rocheforti,
1354 539 1492 576 Bitaube'
1501 539 1712 590 aliorumque
1736 552 1829 578 com·

78 587 318 628 mutationes,
339 585 540 622 versionibus
559 586 697 622 illorum
715 585 858 629 additas,
888 589 1162 635 praetermittam.

180 647 247 681 Hic
272 659 407 696 quoque
423 644 610 682 notandum
639 649 748 689 venii,
771 649 838 682 iam
859 648 1096 696 antiquioribus
1121 651 1326 699 temporibus
1348 655 1452 688 moris
1475 649 1569 688 fuisse
1591 655 1830 702 grammaticis,

77 697 283 748 quaestiones
298 700 486 734 homericas
506 712 697 748 proponere
713 709 810 749 atque
834 696 972 737 soluere.
1025 701 1239 750 Qiaessiones
1262 705 1466 741 vocabantur
1490 703 1651 755 olm-elas,
1679 701 1832 755 {nv-ripau-

78 767 144 798 τα,
170 747 408 801 α’πορῆματα,
432 750 700 802 προβλήματα,
729 763 760 787 et
773 754 828 801 qui
845 751 916 788 illas
931 754 1165 803 proponebant
1179 765 1278 806 atque
1295 756 1476 801 instabant,
1504 757 1696 794 dicebantur
1709 761 1832 797 ἐνστα·

77 806 176 842 τικοί.
227 801 470 853 Responfiones
488 803 554 839 siue
574 801 753 840 solutiones
767 803 1164 855 adpellabantuimiicreqc,
1193 818 1224 843 et
1245 810 1378 848 λυτικοὶ
1403 809 1472 847 fiue
1498 811 1690 850 ἔπιλυτικοῖ
1708 814 1750 854 ii,
1774 813 1831 860 qui

78 854 262 907 propositas
278 856 482 905 quaestiones
496 855 594 893 dod'te
610 853 790 893 soluebant.
844 856 1036 904 Aristoteles
1051 856 1175 910 scripsit
1189 858 1415 912 ἀπορήματα
1428 860 1620 915 Ὁμηρικοὶ,
1646 863 1688 900 de
1713 864 1830 913 quibus

78 907 144 944 vid.
162 909 355 956 Menagium
377 908 418 945 ad
443 911 589 958 Diogen.
606 911 795 953 Laenium,
823 909 877 948 lib.
893 912 933 945 V.
955 924 990 961 p.
1006 923 1065 957 155.
1117 911 1187 948 illis
1209 915 1452 963 quaestionibus
1475 916 1684 953 occasionem
1710 913 1832 952 dedisse

78 960 229 997 videntur
245 958 415 1010 sophistae.
471 963 524 996 Sic
541 964 738 1010 Protagoras
756 964 950 998 Homerum
968 963 1243 1013 reprehenderat,
1270 967 1362 1017 quod
1384 965 1521 1004 Musam
1542 972 1702 1006 inuocans
1726 972 1832 1018 impe·

76 1012 169 1049 randi
186 1012 330 1049 modum
347 1012 558 1057 adhibuisset,
584 1013 660 1050 teste
676 1014 850 1061 Aristotele
874 1014 915 1051 de
937 1027 1023 1064 poet.
1047 1030 1117 1066 cap.
1135 1030 1182 1065 19.
1204 1022 1256 1054 eui
1279 1017 1473 1070 responsum
1495 1021 1572 1057 esta
1590 1024 1829 1071 grammaticis.

76 1065 140 1101 vid.
161 1063 267 1102 schol.
293 1065 378 1101 edita
401 1076 433 1101 et
455 1066 664 1109 Florentina‚
696 1080 842 1116 quorum
867 1065 1034 1117 specimen
1055 1068 1144 1105 dedit
1163 1071 1311 1118 Hossen.
1334 1071 1375 1108 de
1393 1075 1457 1109 vita
1479 1083 1510 1109 et
1534 1071 1641 1123 script.
1666 1075 1830 1124 Porphyr.

75 1132 146 1167 cap.
164 1131 193 1163 7.
209 1129 240 1154 et
256 1118 392 1157 Anistel.
412 1117 452 1154 ad
477 1118 515 1154 ll.
532 1121 684 1161 initium,
717 1119 936 1168 Wcfflnbeigli
958 1122 1037 1156 Not.
1061 1121 1102 1157 ad
1125 1124 1280 1173 Paraplir.
1298 1124 1334 1163 Il.
1358 1139 1391 1175 p.
1409 1133 1465 1166 128
1485 1123 1553 1176 sqq.
1573 1137 1605 1162 et
1626 1126 1829 1162 Valckcnaer

75 1168 144 1207 diss.
168 1169 208 1206 de
234 1168 364 1207 scholiis
388 1173 421 1207 in
448 1172 642 1208 Homerum
664 1170 814 1215 ineditis,
847 1186 879 1221 p.
903 1184 956 1216 143
977 1170 1045 1222 sqq.
1108 1175 1174 1224 Qi
1198 1179 1231 1211 in
1254 1175 1371 1213 museo
1394 1178 1622 1215 Alexandrino
1645 1178 1828 1222 alebantur,

74 1226 250 1274 praecipue
262 1225 419 1259 vacabant
438 1225 616 1260 homericis
632 1223 695 1260 islis
710 1224 952 1274 quaestionibus
974 1225 1203 1275 proponendis
1226 1242 1264 1264 ac
1286 1226 1470 1270 soluendis,
1496 1243 1528 1267 et
1551 1229 1731 1268 solutiones
1754 1229 1829 1266 scri-

74 1287 134 1328 pto
149 1275 345 1325 consignare
363 1274 520 1320 solebant.
549 1275 630 1322 (vid.
645 1276 758 1313 Schol.
775 1279 811 1313 Β.
827 1278 942 1313 Venet.
959 1277 999 1313 ad
1015 1278 1105 1314 Iliad.
1122 1280 1140 1316 i.
1158 1282 1256 1326 684.)
1309 1283 1482 1319 Eiusmodi
1500 1284 1704 1333 quaestiones
1721 1293 1752 1319 et
1777 1281 1828 1319 so-

73 1329 215 1365 lutiones
231 1329 489 1378 colligebantur,
517 1339 549 1365 et
563 1330 792 1378 Porphyrius,
821 1332 912 1365 cuius
927 1327 1123 1381 ζητήματα
1139 1335 1280 1368 citantur
1295 1337 1328 1370 in
1345 1333 1436 1371 editis
1453 1333 1582 1372 scholiis
1606 1336 1647 1372 ad
1670 1335 1760 1372 Iliad.
1777 1332 1826 1379 β’.

74 1393 147 1429 249.
168 1389 242 1425 308.
261 1392 320 1419 etc.
337 1392 368 1418 et
384 1384 474 1418 cuius
492 1378 660 1433 Ὁμηρικοὶ
678 1378 874 1431 ζητήματα
890 1386 1018 1433 primus
1043 1383 1144 1420 edidit
1158 1386 1312 1421 Andreas
1327 1387 1513 1434 Asulanur,
1540 1402 1577 1425 ac
1600 1390 1772 1439 Barmfius
1792 1391 1827 1424 in

73 1437 187 1485 primo
203 1433 355 1471 editionis
372 1432 446 1470 suae
462 1436 666 1471 Homericae
678 1434 863 1472 Volumine
877 1434 989 1471 recudi
1007 1433 1096 1479 fecit,
1125 1437 1257 1473 testatur
1273 1438 1313 1474 ad
1333 1439 1424 1476 iliad.
1443 1437 1483 1479 κ’.
1498 1453 1563 1488 252.
1584 1444 1618 1476 in
1637 1440 1710 1477 cod.
1721 1443 1827 1476 Vene-

74 1499 122 1530 to.
153 1498 226 1523 ante
242 1484 334 1522 suam
347 1487 598 1531 collec‘iionem‚
614 1491 706 1523 cuius
718 1490 865 1523 maxima
881 1501 956 1538 pars
973 1492 1007 1524 in
1024 1487 1156 1525 scholiis
1168 1492 1284 1527 Veneti
1301 1506 1338 1528 ac
1354 1492 1518 1529 Leidensis
1534 1492 1689 1530 codicum
1707 1496 1828 1543 reperi-

74 1551 148 1582 tur,
175 1542 240 1575 iam
258 1539 333 1575 alias
348 1539 506 1576 exstitisse.
560 1542 799 1577 Memorantur
814 1554 894 1577 vero
912 1556 929 1577 a
946 1542 1126 1585 veteribus,
1153 1546 1329 1593 praecipue
1344 1546 1383 1580 ab
1402 1546 1574 1582 Euslathio
1591 1558 1623 1582 et
1640 1546 1828 1583 audoribus

73 1590 283 1628 scholiorum
299 1595 330 1627 in
347 1591 421 1628 cod.
437 1595 584 1628 Homeri
600 1596 729 1629 Veneto
745 1595 908 1629 Zenodoti
921 1597 1130 1643 grammatici
1152 1593 1265 1635 λύσεις
1284 1596 1467 1649 Ὀμηρικῶν
1485 1595 1694 1648 ζητημάτων
1707 1627 1716 1643 ,
1741 1600 1829 1633 Lon-

69 1648 143 1693 gim'
167 1641 421 1696 προβλήματα
444 1642 576 1696 Ὀμηρε
599 1657 630 1682 et
654 1643 788 1690 Anione,
815 1645 889 1682 libri
912 1646 981 1683 duo
1008 1658 1040 1683 et
1069 1645 1295 1699 α’πορήματα
1323 1648 1513 1701 Ὁμηρικοὶ,
1549 1650 1628 1697 (vid.
1647 1653 1775 1686 suidam
1795 1661 1828 1686 et

71 1697 242 1735 Ruhnken.
261 1701 294 1733 in
308 1696 377 1734 diss.
396 1697 436 1734 de
452 1700 628 1747 Longino,
656 1699 686 1747 ᾗ,
704 1701 792 1734 X1V.
808 1712 884 1749 pag.
899 1711 950 1744 37.
975 1711 1075 1750 repet.
1100 1712 1131 1737 et
1153 1703 1299 1751 praefixa
1323 1718 1340 1738 a
1364 1703 1493 1749 TouJJi'o
1511 1702 1665 1749 Dionysii
1681 1705 1827 1750 Longini

73 1749 150 1785 edit.
170 1751 206 1786 11.
224 1752 336 1789 Oxon.
354 1759 446 1795 1778,
466 1754 512 1797 8,)
542 1750 728 1799 Aristotelis
742 1750 927 1803 Ὁμηρικῶν
941 1750 1181 1804 οἱπορημοῖτων
1197 1754 1270 1790 libri
1289 1752 1363 1799 sex,
1389 1757 1532 1791 Zenonis
1549 1757 1648 1792 Stoici
1667 1755 1827 1807 προβλη-

73 1799 198 1853 μάτων
210 1801 395 1854 Ὁμηρικῶν
411 1804 484 1839 libri
503 1807 662 1854 quinque,
686 1805 852 1853 Diogenis
871 1806 1033 1854 Taifirfis
1046 1808 1124 1858 περὶ
1145 1805 1354 1856 ζητημάτων
1371 1809 1568 1853 ποιητικῶν,
1596 1804 1623 1847 οἳ
1644 1806 1734 1847 λύειν
1754 1812 1825 1847 ἔφη.

72 1856 197 1906 χερεῖ·
225 1856 411 1890 Heraclidis
429 1857 557 1899 Pontia*
570 1853 699 1896 λύσεων
713 1856 898 1909 Ὀμηρικῶν
913 1858 1007 1901 libri,
1033 1860 1185 1910 Dionysti
1199 1863 1230 1898 ἐν
1248 1868 1318 1899 τοῖς
1333 1858 1495 1912 α’πέροις,
1524 1862 1699 1897 Plutarchi
1723 1864 1753 1900 ἔν
1766 1878 1825 1911 με.

72 1910 195 1948 λέπας
211 1907 408 1959 Ὁμηρικῶς
426 1919 485 1944 etc.
538 1909 712 1945 Eiusmodi
728 1908 922 1959 ζητήματα
938 1913 1144 1960 pertinebant
1161 1913 1211 1948 vel
1228 1912 1266 1948 ad
1282 1913 1489 1963 theologiam
1501 1942 1510 1956 ‚
1538 1913 1589 1949 vel
1610 1912 1650 1950 ad
1676 1912 1823 1964 philoso-

71 1964 204 2011 phiam,
230 1961 282 1996 vel
302 1960 340 1996 ad
358 1964 636 2009 grammaticam,
661 1962 781 1998 aliasue
797 1960 999 2013 disciplinas:
1024 1961 1119 2014 saepe
1135 1963 1344 2001 versabantur
1366 1969 1400 2001 in
1415 1969 1563 2002 minutiis
1587 1967 1749 2017 rebusque
1772 1966 1821 2003 nil

71 2013 111 2050 ad
129 2015 273 2050 Homeri
290 2012 482 2049 facientibus
502 2016 808 2064 interpretationem
824 2026 923 2066 atque
939 2015 1205 2066 intelligentiam.
1257 2018 1369 2055 Multa
1382 2021 1416 2054 in
1432 2021 1469 2054 iis
1484 2015 1558 2055 sunt
1572 2016 1652 2055 falsa
1673 2031 1704 2056 et
1727 2022 1823 2056 inuti·

70 2065 115 2102 lia
132 2078 186 2102 aut
202 2067 240 2102 ab
258 2068 401 2102 Homeri
419 2062 510 2102 sensu
528 2079 668 2104 remota.
721 2070 774 2104 De
791 2070 968 2118 Porphyrii
985 2083 1086 2119 opere
1102 2069 1175 2106 vide
1191 2072 1379 2106 Fabricium
1394 2069 1500 2119 infra,
1525 2071 1579 2107 lib.
1597 2074 1654 2107 1V.
1680 2086 1751 2122 cap.
1770 2084 1820 2116 27,

70 2133 103 2169 p.
119 2126 186 2166 185.
205 2119 271 2155 vol.
289 2120 344 2153 IV.
370 2117 444 2154 ibid.
467 2133 500 2168 p.
517 2132 578 2164 244
593 2117 660 2170 sqq.
684 2123 718 2156 in
734 2123 912 2171 Porphyrii
930 2124 994 2158 vita
1017 2123 1056 2158 ab
1069 2122 1246 2159 Holssenio
1271 2121 1386 2173 scripta
1413 2138 1483 2174 cap.
1501 2126 1574 2160 Vll.
1614 2125 1657 2163 V
1652 2126 1821 2161 alckenarii

70 2169 137 2208 diss‘.
155 2171 196 2208 de
214 2170 341 2207 scholiis
361 2175 393 2206 in
411 2173 604 2208 Homerum
621 2172 750 2210 ineditis
772 2187 848 2223 pag.
868 2187 917 2218 14¹
935 2172 1002 2224 sqq.
1023 2176 1095 2224 post
1114 2175 1221 2211 Vrfini
1238 2176 1454 2213 collationem
1472 2176 1624 2226 Virgilii3
1648 2181 1682 2214 in
1697 2190 1819 2226 genere

69 2221 260 2260 consulendi
284 2222 356 2260 sunt
373 2226 419 2260 Io.
435 2225 560 2273 Ionstus
574 2224 839 2276 descriptoribus
855 2227 1006 2263 historiae
1023 2226 1216 2278 philosoph.
1240 2229 1293 2264 lib.
1312 2229 1351 2268 Π,
1367 2243 1439 2280 cap.
1455 2243 1501 2275 17.
1524 2228 1553 2280 §.
1569 2241 1596 2273 3.
1623 2231 1674 2265 Io.
1697 2243 1717 2265 a
1736 2230 1818 2266 Wo-

70 2288 135 2311 wei·
151 2276 191 2313 de
210 2277 421 2323 Polymathia
438 2291 507 2326 cap.
526 2278 564 2313 X.
582 2292 613 2327 p.
633 2291 880 2323 1040—1044.
894 2283 928 2314 in
945 2282 1096 2316 Gronou.
1113 2278 1215 2316 Thes.
1230 2284 1351 2333 antiqq.
1370 2295 1478 2331 graec.
1496 2281 1564 2318 vol.
1581 2284 1621 2320 Χ.
1661 2281 1818 2328 Kisserus

68 2331 105 2364 in
121 2329 204 2365 Hist.
221 2332 330 2373 critica
346 2332 488 2365 Homeri
507 2326 580 2367 feci.
592 2332 647 2366 vt.
664 2345 698 2381 p.
715 2344 776 2376 117.
793 2331 868 2367 edit.
883 2332 1004 2368 Wolfii
1015 2361 1026 2375 ‚
1054 2342 1150 2383 atque
1164 2333 1222 2369 cel.
1242 2334 1408 2382 Villoison
1424 2338 1458 2371 in
1474 2334 1666 2383 Prolegom.
1684 2336 1815 2370 Home-

42 2427 44 2429 ·
71 2384 143 2417 ricis
166 2396 199 2431 p.
217 2383 304 2417 XLII
323 2380 389 2432 sqq.
413 2384 514 2432 quiin
531 2393 608 2418 nota
626 2398 658 2433 p.
674 2396 721 2427 43.
744 2397 784 2420 ex
805 2385 930 2434 aliquot
951 2382 1157 2421 scholiorum
1174 2388 1383 2422 Venetorum
1408 2387 1488 2424 locis
1510 2386 1625 2430 docet,
1652 2386 1815 2437 quosdam

71 2437 200 2470 criticos
228 2435 416 2470 homericae
444 2434 638 2484 quaestionis
661 2437 900 2486 proponendae
931 2437 1096 2486 gloriolae
1120 2440 1300 2481 inhiantes,
1323 2442 1456 2490 eiusque
1479 2438 1613 2483 auidos,
1649 2438 1813 2489 quaedam

70 2486 215 2524 Homeii
229 2485 301 2523 loca
317 2485 404 2524 secus
422 2485 613 2532 correxisse,
637 2492 746 2527 immo
763 2501 794 2526 et
809 2488 916 2526 versus
934 2504 951 2524 a
968 2487 998 2525 se
1016 2491 1179 2528 contii-‘ios
1202 2497 1236 2528 in
1259 2502 1386 2543 textum
1413 2489 1591 2536 intrusisse3
1616 2502 1646 2528 et
1668 2505 1813 2543 prauum

896 2546 924 2579 A
939 2557 955 2578 a
971 2557 988 2578 a
1016 2555 1033 2587 3
1714 2545 1813 2582 illum
