2071 2747
0 90 159 146 {Q
771 92 920 131 AETAS
1257 91 1331 129 Lib.
1346 92 1398 132 11.
1412 103 1436 129 c.
1446 92 1557 128 XXI.
1663 102 1719 139 357

0 187 125 242 ,φαίην
141 207 198 238 ,φρ
213 187 240 223 ‘)
256 187 435 242 Σώφρονα.
488 190 600 224 Vitam
620 190 752 225 Comici
769 186 920 240 exposuit
935 186 1075 238 scriptor
1088 182 1238 240 graecus,
1264 191 1319 241 qui
1336 186 1468 225 scholiis
1483 188 1716 238 praemittitur,

0 243 137 283 tdehinc
153 257 223 279 non
242 241 391 279 indiserte
411 241 584 290 Gya-aldus
599 240 735 291 dialogo
754 244 827 277 VII.
880 243 1008 290 [Vitam
1026 242 1257 291 Aristophanis
1282 239 1504 292 exposuerunt
1519 241 1716 276 Nicodemu:

0 296 188 345 hsclilt'nm,
213 297 317 346 (quae
332 295 477 346 praefixa
494 294 538 330 est
551 293 638 330 editt.
657 296 751 330 huius
769 306 798 330 et
814 293 1014 330 Londinenfi
1037 295 1122 332 Pluti
1149 309 1185 331 ac
1202 296 1358 332 Nebular.
1383 308 1444 330 nec
1471 307 1542 330 non
1559 291 1715 333 Kiisseri.)

0 369 23 377 -
45 348 147 391 alius,
173 350 334 389 incertus,
361 357 436 384 ante
453 345 633 382 editionem
649 351 739 390 1624.
763 351 863 396 (quae
885 344 1011 384 diuersa
1031 347 1075 385 ess
1096 349 1136 384 ab
1152 345 1338 398 superiore3
1365 360 1444 383 nam
1465 344 1633 382 Frischlini
1653 357 1714 380 no-

0 414 50 438 ten
65 413 198 451 quoque
214 402 352 443 citatur,
381 403 460 436 item
476 398 564 435 aliud
581 398 626 436 est
642 396 800 436 scribendi
817 413 940 449 genus3
967 414 1171 450 quamquain
1190 401 1296 437 multa
1311 414 1350 436 ex
1366 401 1390 436 F
1393 397 1536 436 rischlini
1557 401 1622 434 vita
1635 397 1715 433 hau-

0 467 15 490 ι
27 450 186 499 suerint:)
211 463 286 489 tum
302 455 418 490 auc‘tor
433 453 652 502 Biographiae
667 451 837 496 classicae,
863 463 947 488 tom.
965 454 989 488 I.
1015 466 1043 501 p.
1061 466 1109 498 ¹4¹
1126 451 1196 503 sqq.
1218 467 1257 490 ex
1276 454 1546 502 interpretatione
1565 448 1711 486 Murfin-

0 518 30 543 te
47 508 260 555 germanica,
286 506 356 551 (vbi
381 503 498 541 iudicia
521 503 686 555 quaedam
705 503 746 540 de
769 505 987 555 Aristophane
1008 503 1220 550 adseruntur,
1253 516 1283 542 et
1309 507 1431 556 partim
1453 503 1712 544 examinantur.)

0 578 21 585 -
47 560 79 594 J.
96 558 140 594 G.
155 559 194 593 de
213 557 394 606 Clmufipfe'
407 560 440 592 in
454 559 563 593 Nouv.
578 556 714 594 dic‘lion.
731 556 845 593 histor.
862 568 894 594 et
908 560 1064 608 critique,
1089 568 1174 595 torn.
1192 561 1217 595 I.
1238 572 1272 608 p.
1289 561 1355 602 464
1369 555 1439 607 sqq.
1479 576 1530 585 —
1574 555 1712 591 Brumoi

0 625 20 647 l:
56 611 205 646 Theatre
235 609 292 646 des
323 613 423 646 Grecs
452 621 534 660 part.
563 612 618 645 III.
667 611 727 657 [T.
750 611 792 646 X.
820 623 895 660 pag.
917 614 979 656 276
1003 608 1047 660 sq.
1074 610 1151 648 edit.
1174 624 1253 647 nou.
1290 621 1322 647 et
1345 611 1433 646 XIII.
1462 621 1538 659 pag.
1560 620 1625 654 429
1647 604 1710 657 sq.]

0 683 19 690 -
65 665 115 698 Io.
139 662 315 711 Gottfried
337 663 553 709 Hauptmann
580 665 615 698 in
641 675 758 712 progr.
787 661 829 698 de
855 663 1091 712 Aristophane,
1126 674 1222 713 atque
1251 662 1338 700 illius
1360 661 1565 708 comoediis,
1593 662 1712 704 Gerae,

0 726 55 760 ¹43.
83 727 115 760 4.
171 735 224 743 —-
277 716 396 751 Sulzer
430 715 640 764 Aligemeine
665 716 819 751 Theorie
853 713 912 751 der
949 714 1096 752 sch'onen
1130 715 1252 752 Kt‘i'nste
1287 729 1365 751 cum
1401 717 1519 751 notitia
1555 713 1713 750 litteraria

0 767 28 804 ss.
51 766 94 804 de
118 767 371 817 Blankenburg‚
407 778 490 803 tom.
512 769 536 802 1.
565 781 641 817 pag.
663 779 723 814 149
745 764 816 817 sqq.
863 787 917 794 —-
969 769 1104 805 Clodius
1135 770 1188 803 in:
1218 765 1386 804 Versuche
1415 781 1473 803 aus
1504 765 1564 803 der
1591 767 1711 802 Litera-

0 834 18 857 r
47 819 115 856 und
141 820 276 863 Metal,
307 831 391 871 part.
409 822 448 856 11.
477 816 563 869 Lips.
589 822 679 864 1767.
704 828 735 861 8.
762 833 838 869 pag.
855 827 907 861 ¹81
928 817 997 870 sqq.
1019 820 1186 869 eleganter
1211 817 1347 870 fuseque
1377 817 1544 870 percenset
1573 831 1710 854 comoe-

0 886 32 909 ιε
48 872 285 923 Aristophanis.
339 874 391 908 De
407 873 476 908 aliis
497 872 584 908 libris
606 875 661 922 qui
684 874 750 907 huc
774 875 956 922 pertinent,
982 885 1037 909 aut
1058 873 1098 909 ad
1122 871 1363 923 expositionem
1387 870 1641 908 comoediarum
1662 867 1711 905 sa-

0 937 72 966 um,
99 922 158 961 suo
179 925 256 961 loco
281 923 496 971 disseremus]
555 925 713 974 Effigiem
739 925 985 974 ArissoplianiS,
1019 939 1119 975 quam
1142 926 1215 975 post
1238 924 1320 961 alios
1346 925 1492 960 exhibuit
1514 924 1708 960 Gronouius

1 991 46 1014 m.
63 979 100 1013 11.
116 981 251 1028 Antiqu.
268 979 326 1014 Gr.
343 978 452 1014 tabula
471 978 618 1013 LXVIII.
636 980 903 1014 commentitiam
927 975 989 1013 esse
1012 991 1081 1013 non
1101 977 1234 1022 dubito,
1260 988 1292 1014 et
1311 980 1410 1013 veteri
1431 987 1550 1013 trunco
1575 973 1710 1012 aliunde

0 1029 259 1081 perimpositam.
287 1027 359 1077 [sub
377 1027 488 1066 forma
507 1027 686 1079 personae,
712 1029 808 1066 edera
825 1041 1022 1071 coronatae,
1049 1033 1139 1067 cuius
1157 1034 1206 1067 ori
1223 1033 1291 1080 apis
1307 1032 1449 1080 irrepere
1463 1028 1603 1072 videtur,
1628 1040 1708 1064 con·

1 1086 94 1120 icitur
111 1086 144 1118 in
165 1084 336 1121 IVinkclm.
356 1092 566 1118 monument.
587 1086 689 1132 antiq.
707 1082 854 1124 ineditis,
881 1084 944 1118 tab.
960 1084 1095 1130 CXCI]
1158 1084 1321 1120 Acerbam
1347 1082 1573 1131 Aristophanis
1596 1077 1708 1116 censu-

0 1149 33 1172 m
49 1133 172 1185 scripsit
189 1137 381 1172 Plutarchus
396 1134 428 1168 ⁶)
450 1136 553 1177 libro,
582 1138 673 1170 cuius
697 1138 869 1184 epitomen
890 1135 1049 1171 duntaxat
1065 1136 1242 1179 habemus,
1266 1149 1334 1184 quo
1356 1133 1583 1170 Menandrum
1601 1132 1707 1182 longe

0 1187 20 1224 fi
42 1187 214 1238 praetulit,
241 1186 396 1237 lususque
419 1185 564 1237 salesque
583 1187 781 1230 Menandri,
804 1186 857 1224 sed
880 1200 974 1224 natos
998 1188 1137 1238 pelago,
1176 1202 1243 1238 quo
1266 1190 1378 1223 Venus
1403 1198 1474 1223 orta
1497 1184 1575 1222 sales
1601 1187 1706 1221 neuti-

0 1253 62 1277 tum
79 1237 301 1277 conferendos
317 1239 380 1276 etl'e
398 1239 568 1276 contendit
584 1253 661 1276 cum
679 1240 906 1289 Aristophanis
920 1254 1032 1277 amara
1049 1251 1079 1277 et
1095 1239 1204 1290 aspera
1216 1273 1226 1288 ‚
1252 1239 1350 1286 (adde
1370 1249 1401 1275 et
1425 1237 1549 1289 saepius
1573 1234 1706 1274 obscoe-

0 1294 30 1338 l‚)
50 1291 250 1330 scurrilitate.
306 1291 406 1328 Haud
421 1291 518 1328 dubie
533 1303 647 1329 tamen
664 1292 870 1330 Comoediae
888 1295 1002 1329 veteris
1019 1291 1046 1326 ¹)
1060 1297 1211 1343 princeps
1224 1291 1305 1339 suit,
1329 1291 1484 1342 Eupolidi
1509 1301 1541 1327 et
1565 1292 1705 1326 Cratino

0 1349 55 1382 {cui
70 1345 173 1395 longe
190 1344 374 1395 praelatus,
400 1342 476 1382 suae
490 1348 611 1395 pariter
627 1356 658 1382 et
672 1346 821 1395 posterae
838 1348 948 1382 aetatis
963 1345 1084 1382 iudicio
1098 1343 1139 1381 J),
1191 1345 1326 1382 Mediae
1349 1358 1482 1394 quoque
1497 1341 1705 1379 Comoediae

0 1401 126 1435 ecimen
139 1397 229 1435 dedit
243 1401 279 1433 in
298 1398 498 1447 Aeolcficone
513 1408 546 1434 et
557 1398 672 1434 Cocalo
687 1397 837 1435 dramate
848 1427 858 1442 ,
883 1409 916 1435 vt
930 1396 1016 1434 insra
1033 1401 1117 1434 inter
1131 1397 1313 1449 deperditas
1329 1396 1554 1444 Aristophanis
1576 1393 1704 1431 fabulas

0 1453 126 1489 notaui.
180 1452 282 1487 Vario
297 1452 453 1487 carminis
467 1463 588 1500 genere
605 1454 723 1496 initur,
749 1450 836 1488 vnde
852 1450 893 1488 de
916 1465 958 1487 co
977 1453 1198 1488 'I‘erentianus
1220 1452 1379 1488 Maurus:
1408 1449 1464 1497 [if]

921 1521 982 1567 Yy
1007 1531 1025 1565 3
1480 1521 1703 1567 Aristophanis

0 1605 32 1647 t)
54 1607 96 1638 De
120 1604 183 1636 solo
206 1606 361 1648 Sophrone
383 1606 440 1636 hoc
462 1613 630 1637 memorant
652 1606 802 1639 Laertius
845 1605 913 1650 sius
927 1608 1018 1638 Instit.
1034 1609 1142 1640 Poetic.
1158 1608 1209 1639 lib.
1222 1611 1258 1639 11.
1276 1618 1336 1649 cap.
1356 1615 1403 1645 27.
1434 1600 1615 1643 Francfiscus
1634 1599 1668 1634 V
1665 1607 1700 1631 a·

0 1649 2 1670 t
22 1655 62 1689 ιε,
86 1648 248 1685 Hesychius
270 1649 410 1687 Illustris,
445 1649 683 1688 Quinetilianus‚
712 1650 800 1682 Vale·
853 1648 958 1694 vaſjbr
973 1652 1036 1682 Lib.
1055 1652 1090 1682 de
1105 1652 1216 1683 ludicra
1232 1653 1360 1683 dietione
1375 1661 1403 1692 p.
1421 1658 1459 1687 72
1475 1647 1514 1689 sq.
1536 1645 1589 1677 vbi
1609 1645 1698 1674 etiam

23 1694 107 1724 Max.
131 1702 160 1724 et
182 1693 243 1724 alii.
266 1692 390 1725 Fabric.
435 1693 512 1724 conf.
531 1693 663 1725 Brunck.
685 1694 721 1725 ad
736 1697 800 1725 Ari-
854 1694 890 1724 de
906 1696 1098 1737 Aristophane
1115 1696 1222 1731 multa,
1247 1707 1298 1725 nce
1314 1691 1534 1724 contemnenda.
1580 1687 1698 1719 Mediae

61 1736 166 1768 Nubes
180 1748 208 1779 p.
223 1741 268 1773 65.
285 1744 380 1767 notar.
403 1737 456 1767 vbi
479 1745 508 1768 et
526 1737 693 1773 Raymundi
710 1741 801 1769 Curii·
854 1738 1025 1768 comoediae
1046 1739 1110 1780 plus
1125 1750 1211 1781 qnam
1229 1741 1395 1776 offingenta
1411 1736 1541 1766 dramata
1556 1729 1699 1782 euoluiss'e

35 1780 198 1810 vernonem
219 1782 438 1822 epigrammatis
461 1782 612 1811 metricam
632 1781 746 1818 adfert,
772 1789 801 1812 et
853 1781 898 1818 se,
937 1783 1056 1812 testatur
1078 1783 1255 1814 Alli-snmus
1277 1784 1356 1813 VIII.
1377 1791 1442 1823 pag·
1465 1782 1527 1815 336·
1551 1779 1700 1816 Μῑνιρίκ*

60 1831 100 1861 at,
120 1823 270 1854 Platonem
288 1826 318 1854 in
333 1824 485 1865 Symposio
500 1825 653 1854 Ccmicum
669 1827 800 1855 nostrum
855 1823 990 1861 Kamai&
1005 1826 1097 1856 derisa
1118 1827 1153 1856 ab
1177 1825 1410 1856 Atheniensibus.
1451 1821 1528 1853 Vide
1550 1818 1695 1862 Appendi-

0 1866 23 1897 Ἰ
42 1868 158 1898 Socrate
185 1867 280 1897 eidem
299 1866 416 1897 mensae
442 1867 660 1898 accumbentem
683 1879 799 1910 reprae-
853 1879 915 1898 crin
934 1872 1101 1899 vaticanam
1117 1870 1254 1912 pronerb.
1274 1873 1323 1905 46.
1350 1868 1468 1899 Fabric.
1515 1867 1559 1896 De
1580 1872 1698 1893 comoe-

0 1908 87 1954 ψει
109 1919 139 1941 at
153 1912 247 1941 Aristo
271 1911 376 1940 hanem
393 1909 527 1952 alioquin
542 1910 623 1942 Plato
644 1913 675 1942 in
697 1914 798 1942 conui-
852 1911 901 1942 dia
925 1914 1106 1944 Graecorum
1135 1915 1195 1952 agit
1218 1912 1385 1954 signorelli
1405 1911 1440 1941 de
1466 1910 1582 1940 theatro
1605 1908 1697 1938 Grae-

0 1961 81 1989 }nou
96 1953 204 1996 pulcris
219 1965 253 1984 co
267 1954 370 1984 oribus
385 1956 480 1995 pingit
494 1962 523 1985 et
537 1953 673 1985 describit
693 1967 721 1997 p.
739 1965 797 1993 317.
852 1966 972 1992 corum,
997 1956 1099 1998 (supra
1122 1959 1179 1987 iam
1201 1965 1380 1987 memoratus
1403 1954 1438 1985 ad
1461 1951 1608 1994 Thespim
1630 1959 1696 1992 pag.

0 2004 60 2039 με
82 1997 254 2034 hominem,
291 1991 311 2034 ᾧ
335 1998 398 2039 περὶ
419 1995 542 2027 admo,
565 1998 613 2036 ’w‘
635 1996 798 2040 Ἀφροδίτην
852 2000 933 2038 162.)
990 2002 1034 2030 Dc
1056 2003 1169 2038 origine
1192 2000 1362 2030 comoediae
1382 2010 1425 2038 gr.
1449 2007 1524 2038 quae
1543 1993 1695 2033 tragoedia

0 2049 31 2070 '-
49 2037 184 2082 '⁴³³5'ss13-
207 2041 303 2072 Harl·
849 2045 1002 2083 antiquior
1017 2044 1150 2079 hamur,
1174 2043 1234 2074 fuse
1251 2043 1396 2084 dofteque
1411 2041 1551 2072 disserunt
1565 2037 1694 2069 Bentlei.

0 2081 32 2121 ἢ
51 2085 161 2115 Contra
185 2083 333 2115 Plutarchi
356 2085 576 2115 criminationes
596 2083 794 2116 defensionem
847 2089 878 2116 in
895 2086 1030 2127 Respmis.
1047 2087 1112 2116 a.ln.
1130 2086 1218 2122 Boyle
1236 2099 1263 2129 p.
1281 2096 1333 2125 107
1347 2103 1389 2109 -—
1408 2095 1460 2121 115.
1475 2092 1504 2115 ct
1521 2083 1590 2114 Car.
1607 2079 1694 2112 Frid.

0 2128 68 2159 -iti
86 2127 261 2159 Frischlinua
286 2127 412 2170 scripsit,
442 2127 627 2169 praemissam
657 2127 737 2158 illius
766 2138 795 2159 et
847 2130 955 2169 Erige!
976 2132 1023 2159 in:
1054 2131 1226 2161 Geschichte
1254 2131 1307 2161 der
1328 2128 1499 2161 komischcn
1521 2128 1692 2160 atteratur,

0 2164 65 2202 firi
85 2171 273 2202 editionibus.
304 2170 398 2202 Harl.
847 2172 907 2202 vel.
924 2175 973 2203 IV.
990 2175 1096 2212 Lignit.
1111 2182 1139 2203 ct
1153 2174 1276 2215 Lipsiae,
1292 2181 1372 2212 1787.
1391 2180 1414 2207 ε.
1431 2184 1460 2215 p.
1478 2178 1513 2205 28
1532 2170 1593 2211 sqq.
1638 2169 1693 2198 Per

0 2216 23 2250 n
41 2214 86 2245 ne
99 2214 265 2245 differentia
285 2213 456 2244 comoediae
471 2215 602 2250 veteris,
624 2215 744 2245 mediae
764 2223 792 2246 et
846 2218 966 2247 XXXX.
982 2227 1071 2246 anxios
1087 2218 1311 2258 Aristophanem
1325 2217 1437 2248 fabulas
1461 2213 1588 2245 docniss‘e
1604 2212 1692 2242 Athe-

0 2264 50 2290 ΙΙ
67 2257 135 2289 vide
157 2261 343 2293 Anonymum
363 2258 426 2298 περὶ
439 2255 586 2294 Κωμῳδίας
604 2259 791 2299 Aristophani
846 2261 907 2295 nis,
931 2260 1139 2291 animaduertit
1158 2261 1244 2292 Sam.
1262 2260 1384 2293 Petitus
1405 2260 1456 2292 lib.
1472 2261 1495 2291 1.
1514 2260 1556 2288 16.
1577 2254 1691 2288 Miscel-

0 2299 144 2337 flniss'uxrn
165 2309 193 2332 et
208 2312 283 2343 quae
299 2303 358 2332 viri
375 2301 454 2331 doc‘ti
468 2301 503 2331 ad
521 2302 690 2332 Horatium
707 2302 790 2332 lib.1.
842 2301 901 2332 lan.
926 2303 1019 2334 Harl.

0 2342 67 2374 ,w,
108 2344 189 2375 Idem
203 2353 354 2386 exponunt
369 2355 384 2374 e
399 2345 612 2375 recentioribus
632 2344 698 2376 [oh.
716 2346 788 2376 Ion-
875 2345 918 2387 f)
943 2346 1010 2376 vid.
1036 2349 1065 2374 ἐκ
1092 2348 1127 2375 τί
1145 2349 1293 2377 Ham-mss
1315 2349 1377 2389 περὶ
1398 2344 1530 2388 danaae&
1544 2339 1688 2385 xus-zuni-

0 2394 14 2419 Ι
31 2385 67 2417 ‘k
90 2385 280 2429 scriptoribus
303 2389 376 2419 Hist.
391 2387 560 2430 Philosoph.
575 2388 627 2419 lib.
641 2391 664 2420 Ι.
685 2400 745 2430 cap.
762 2399 785 2424 ς.
838 2402 889 2428 ρων
912 2391 989 2420 inter
1007 2390 1172 2432 prolegom.
1196 2400 1263 2423 ante
1279 2393 1394 2424 Kusteri
1408 2390 1570 2423 editionem
1592 2400 1620 2431 p.
1637 2387 1686 2419 x1.

0 2430 74 2464 -d
84 2431 206 2464 Peticus
217 2431 255 2463 ad
268 2431 347 2473 teges
361 2433 470 2466 Atticas
483 2443 513 2475 p.
528 2441 578 2473 79.
600 2432 694 2464 Gerlz.
711 2431 787 2474 l’os-
839 2431 877 2464 H
877 2433 936 2464 art.
