2183 2747
45 165 138 196 vohi.
150 174 228 203 μιν
751 167 800 204 ΙΝ
839 167 1098 205 HOMERVM.
1418 172 1490 208 Lib.
1504 173 1551 209 ll.
1567 187 1629 221 125.
1734 191 1793 224 395

43 274 98 305 ne,
123 270 155 300 et
172 264 288 299 altiore
301 265 456 299 reconditi
461 263 580 312 sensus
595 265 879 309 interpretatione,
906 271 937 300 et
952 265 1019 300 alia
1033 267 1220 304 innumera,
1247 276 1386 313 quorum
1401 271 1544 316 cognitio
1561 277 1592 304 et
1613 271 1739 319 honesta
1760 284 1790 313 et

42 317 88 350 ad
101 319 202 352 vitam
217 318 307 352 utilis
325 316 382 364 est,
409 325 506 364 alque
525 330 560 352 ea
576 317 755 364 nonslzlum
768 318 1000 365 cmupendiose,
1027 329 1137 352 verum
1155 320 1282 353 omnino
1297 323 1395 354 varie.
1435 322 1573 368 Itaque,
1588 325 1626 372 fi
1635 329 1705 371 quis
1719 330 1788 365 ρων,

43 380 105 416 que
123 371 263 409 inuidia,
288 376 357 405 toto
379 371 436 405 lroc
456 382 550 416 opere
564 368 741 418 ρενῂειτέῗο,
763 368 894 416 nsodeste
915 371 1035 405 dixerit
1060 376 1204 405 conatum
1225 371 1306 405 hunc
1327 371 1469 418 nostram
1491 375 1579 409 baud
1589 379 1732 425 prorsus
1747 383 1790 418 in-

35 420 251 468 fruHuosum
273 421 346 470 ff,
377 423 446 462 ille,
469 425 605 469 opinor,
632 434 697 456 non
721 424 901 457 mentietur.
974 424 1124 458 Latinam
1147 421 1332 459 verstonem
1354 425 1401 472 [et
1423 430 1596 464 metricam
1624 434 1790 484 Vtriusque

43 477 198 509 carminis
215 477 391 511 Homerici
408 488 444 510 ac
458 474 666 525 reliquorum
687 486 882 523 poematum
907 484 939 510 et
965 472 1190 518 scholiorum,
1216 475 1262 522 et]
1285 483 1609 518 commentariorum
1630 484 1789 523 Eussathii

43 538 115 562 non
131 529 164 561 in
179 528 374 563 Homerum
393 538 542 570 tantum,
570 524 623 563 sed
640 539 670 564 et
688 530 720 562 in
739 526 941 573 Dionysium
964 529 1166 575 Periegetem
1185 526 1216 560 ⁰)
1241 527 1415 566 adornauit
1434 532 1628 570 Vincentius
1643 537 1790 575 Martae.

43 589 113 623 rus,
128 580 334 617 Valentinus,
355 581 576 616 Bibliothecae
593 582 717 628 Regiae
731 577 961 615 Eseurialenfis
977 577 1180 623 praest-etus,
1208 581 1284 617 teste
1301 585 1334 617 in
1352 582 1553 621 Bibliotheca
1569 585 1716 638 Hispana
1733 594 1788 629 Ni-

43 632 141 667 colao
157 635 306 669 Antonio
321 636 364 674 Ρ).
418 633 480 668 Sed
498 635 558 668 hae
575 633 723 682 aliaeque
749 635 808 667 viri
826 633 913 669 illius
935 633 1162 671 translationes
1185 647 1357 683 nunquam
1382 636 1490 672 lucem
1515 640 1682 688 publicam
1703 644 1788 682 vide.

42 694 139 730 runt;
172 684 462 736 quemadmodum
480 699 541 721 nec
561 685 660 721 latina
683 683 787 721 versio
813 688 1134 721 commentariorum
1158 685 1315 722 Eussatlui
1338 690 1371 724 in
1393 688 1596 736 Odyssbam,
1629 707 1731 743 quam
1751 700 1790 735 ab

46 735 188 773 OHam'o
210 739 367 773 Ferraria
390 737 633 775 Mediolanensi
657 741 892 774 concinnatam
919 736 1015 774 tradit
1040 737 1169 773 Paulus
1191 739 1354 776 Freherus
1373 743 1408 777 in
1431 744 1559 782 theatro
1582 746 1790 789 eruditorum

42 802 120 840 1²³8-
140 802 218 837 ¹54¹·

83 875 235 910 smpeons
251 876 284 903 ab
362 868 404 903 Χ.
430 869 617 905 Λυᾶοῑυιῃ
634 869 836 918 Catalogum
848 897 858 911 ‚
885 882 968 919 quos
987 869 1152 919 plurimos
1166 867 1280 909 laudat
1294 871 1496 921 Eustadfius,
1523 880 1682 926 proximo
1704 888 1789 933 capi-

47 914 183 960 emtarum
223 917 283 942 lau·
309 931 340 957 te
363 920 477 956 let-“tori
501 922 660 967 exhibeo,
691 925 723 957 in
747 919 906 971 praesenti
934 932 1106 957 contentus
1129 921 1306 966 adnotare,
1341 925 1432 974 quod
1464 925 1703 978 saepenumero
1730 934 1789 985 ipfi

41 953 112 982 ὄψ’
308 971 480 1021 scriptores
495 977 635 1009 citantur
651 972 706 1010 sub
731 975 923 1010 nominibus
944 973 1149 1024 adpellatiuis
1170 977 1458 1014 antonomasticis,
1491 993 1518 1014 v.
1533 994 1566 1031 g.
1588 981 1604 1021 ὅ
1626 985 1788 1034 τεχνικὲς

42 1038 106 1075 pro
125 1023 280 1076 Diongffio
305 1025 442 1067 Thrace,
470 1027 598 1061 Rhetor
611 1027 697 1062 Cilix
718 1041 781 1077 pro
797 1025 1017 1076 Hermogene,
1042 1025 1058 1065 ὁ
1083 1024 1298 1077 -γεώγροιφος
1322 1042 1385 1078 pro
1405 1031 1580 1074 Strabone:
1606 1050 1668 1085 pro
1687 1039 1789 1076 Atlze-

42 1089 120 1113 naeo
135 1075 151 1116 ὃ
165 1073 442 1124 ὃε-ιπνοσοφιςῆς,
468 1077 483 1116 ὅ
497 1075 705 1129 περιηγητὴς
722 1093 784 1128 pro
800 1079 976 1128 Dion-1040,
1004 1077 1019 1117 ὅ
1034 1075 1084 1118 τοὶ
1102 1078 1223 1118 ἐθνικοὶ
1244 1083 1443 1132 συντέμνων,
1468 1081 1547 1124 ὁτοὶ
1564 1086 1686 1129 ἐθνικαὶ
1703 1107 1729 1139 Ὺ
1751 1090 1789 1132 αἱ-

42 1128 126 1178 ψοις
143 1144 204 1180 pro
223 1130 401 1167 Hcrmolao
417 1141 448 1166 et
462 1131 622 1177 Stephano
641 1132 832 1180 Byzantium
844 1158 852 1172 ,
877 1130 893 1169 ὁ
910 1132 986 1182 περὶ
1004 1133 1138 1182 Περσῶν
1156 1130 1316 1183 ἶςοξῆσοις
1333 1148 1395 1184 pro
1415 1137 1646 1184 Xenophonte,
1677 1142 1694 1181 ὁ
1716 1148 1731 1183 ἐ
1757 1162 1788 1191 n,

42 1181 153 1229 γητής
170 1196 232 1233 pro
250 1183 440 1218 Herodiano
457 1183 507 1219 vel
527 1183 660 1231 Apione.
712 1183 754 1224 ‘0
775 1180 1004 1228 ὢοισκευοιςὴς
1018 1184 1063 1220 ess
1079 1185 1124 1220 illi
1138 1185 1293 1234 perinde,
1319 1198 1352 1222 vt
1367 1189 1493 1225 audiori
1511 1194 1682 1231 minorum
1698 1194 1788 1234 scho.

44 1238 169 1272 liorum
185 1234 226 1271 ad
244 1233 359 1282 Odyss'.
374 1232 417 1274 λ’.
435 1244 506 1283 583.
527 1238 700 1272 Homerus
718 1234 803 1286 ipse,
831 1239 905 1286 quia
920 1248 1050 1279 narrat,
1077 1248 1107 1272 et
1123 1239 1252 1285 σχῆμα
1269 1234 1526 1281 ὣασκευοιςικόν
1541 1243 1670 1283 adhibet
1683 1254 1790 1300 eoque

42 1287 242 1335 delectatur,
275 1299 310 1324 vt
330 1290 418 1324 recle
441 1287 650 1324 obseruatum
673 1304 691 1324 a
712 1291 837 1325 flIerico
862 1288 1052 1337 Cafimbono
1074 1302 1148 1338 pag.
1163 1293 1213 1333 36.
1238 1289 1306 1326 diff.
1331 1291 1371 1327 dc
1394 1306 1517 1344 nupera
1543 1298 1687 1336 Homeri
1712 1302 1790 1341 edit,

45 1343 210 1389 [On-nm,
237 1354 320 1391 quos
334 1340 481 1377 laudauit
496 1342 699 1388 Eustathiu5‚
725 1342 764 1378 ab
780 1344 846 1378 hoc
861 1344 959 1377 etiam
976 1339 1070 1377 fuiss'e
1085 1342 1208 1386 ledros,
1235 1354 1291 1380 aut
1306 1344 1392 1379 illius
1407 1348 1597 1396 tempestate
1613 1351 1720 1389 adhuc
1736 1369 1788 1392 ex-

44 1392 169 1434 stitisset
196 1393 428 1430 recledubitat
451 1406 615 1444 negatque
633 1394 676 1430 V
672 1394 826 1430 alckenar.
845 1396 878 1429 in
901 1394 1048 1444 Epistola
1071 1393 1112 1430 ad
1130 1396 1330 1437 Roeuemm,
1358 1398 1530 1446 praemissa
1551 1405 1618 1439 eius
1643 1405 1790 1451 editioni,

46 1447 176 1489 Virgilii
194 1447 364 1482 collationi
383 1443 578 1495 scriptorum
595 1460 796 1496 graecorum
817 1446 985 1485 illustrati.
1014 1460 1115 1496 opera
1133 1458 1165 1483 et
1187 1447 1341 1484 industria
1368 1452 1472 1487 Fuluii
1495 1453 1602 1491 Vrsini
1630 1479 1683 1484 —
1708 1462 1790 1496 Leo-

45 1487 134 1535 vard.
158 1511 243 1544 1747.
263 1505 291 1539 8.
312 1513 342 1547 p.
355 1500 413 1533 XX
432 1496 476 1549 sq.
528 1529 544 1541 „
557 1500 714 1541 Mirabar,
742 1503 797 1546 ait,
813 1497 941 1535 saeculo
959 1501 1029 1534 XII.
1047 1510 1174 1535 tantum
1195 1500 1360 1537 bonarum
1377 1517 1490 1540 rerum
1508 1503 1718 1557 supersuiffe:
1745 1515 1789 1548 vi.

46 1551 164 1587 debam
181 1550 295 1601 passim
313 1550 476 1587 decantari
493 1550 647 1588 diffusam
667 1551 828 1601 Erfiatliii
841 1551 1040 1594 lectionem,
1068 1563 1100 1588 et
1113 1553 1492 1600 multiplicemdofifrinae
1514 1562 1653 1606 copiam,
1682 1578 1751 1600 non
1771 1580 1789 1601 a

46 1603 268 1643 laudatoribus
284 1602 459 1647 duntaxat,
483 1601 535 1640 sed
553 1617 586 1640 et
601 1605 640 1640 ab
657 1607 711 1647 iis,
736 1607 792 1654 qui
819 1602 962 1640 scribunt
983 1607 1146 1653 cogitate,
1174 1619 1280 1655 nuper
1297 1605 1390 1642 valde
1406 1609 1602 1648 celebratam
1625 1615 1664 1649 ab
1680 1616 1790 1653 Eusta.

48 1659 106 1693 thii
122 1661 297 1704 interprete
310 1654 495 1699 laborioso,
523 1657 713 1692 Alexandro
732 1658 861 1699 polito,
889 1657 1102 1694 Florentino:
1128 1655 1204 1703 sed,
1231 1671 1265 1694 re
1288 1659 1476 1708 explorata,
1503 1664 1694 1704 collaudare
1716 1682 1789 1705 coe.

47 1712 80 1760 pi
96 1707 298 1745 vtilissimam
316 1712 374 1745 viri
394 1712 513 1759 optimi
529 1708 755 1759 diligentiatn3
780 1713 872 1760 prior
885 1720 997 1745 autem
1020 1710 1074 1745 ista
1097 1708 1262 1759 persuasio
1286 1714 1319 1746 in
1336 1710 1403 1748 dies
1416 1716 1644 1762 minuebatur3
1671 1723 1705 1756 in
1727 1724 1791 1771 pri-

49 1765 112 1798 mis
137 1761 311 1811 postquam
339 1760 556 1811 peruenilsem
580 1762 620 1798 ad
645 1762 783 1805 cubilia,
816 1765 850 1798 in
874 1763 990 1812 quibus
1013 1762 1168 1812 pleraque
1192 1766 1360 1799 inuenerat
1382 1765 1576 1804 Eustathius.
1631 1772 1790 1810 Tandem

49 1813 192 1855 credidi,
218 1828 236 1849 c
251 1819 414 1857 centenis,
440 1828 585 1865 quorum
603 1815 796 1851 testimoniis
815 1818 931 1858 vtitur7
958 1813 1071 1864 legisse
1092 1815 1321 1865 pauciffimos‚
1348 1828 1379 1852 et
1404 1830 1531 1867 praeter
1551 1829 1789 1869 grammatico-

49 1881 126 1903 rum
142 1865 256 1916 scripta
274 1867 356 1902 nihil
373 1866 478 1909 adeo,
506 1866 597 1917 quod
611 1867 649 1902 ad
674 1880 736 1903 nos
757 1880 827 1903 non
843 1870 1040 1917 peruenerit.
1095 1870 1262 1904 Centenos
1289 1868 1436 1905 dicebam
1462 1875 1598 1919 citatos3
1627 1887 1658 1912 et
1679 1882 1789 1914 nomi.

49 1930 170 1956 nantur
188 1915 342 1969 profed’to
359 1919 495 1968 plurimi
511 1930 639 1969 praeter
653 1919 748 1966 illos,
772 1933 854 1969 quos
878 1922 911 1954 in
936 1919 1079 1955 indicem
1102 1921 1257 1957 retulerat
1279 1919 1469 1958 Hudsonus.
1497 1945 1548 1951 -—
1576 1929 1665 1965 Inter
1684 1941 1791 1968 cente.

48 1986 111 2009 nos
135 1971 210 2008 istos
234 1973 384 2008 auetores
404 1975 525 2007 comici
551 1975 708 2013 citantur,
734 1981 861 2021 praeter
881 1972 1158 2022 Aristophanem,
1188 1976 1318 2023 triginta
1340 1984 1395 2009 aut
1416 1978 1514 2012 etiam
1529 1978 1640 2028 plures
1662 2003 1712 2010 -
1738 2004 1791 2012 -.

49 2028 116 2076 Qi
135 2036 184 2061 tot
199 2026 378 2065 Comicos,
404 2024 577 2074 plerosque
594 2021 665 2060 satis
683 2021 892 2074 frequenter,
919 2024 1042 2067 laudat,
1071 2025 1198 2061 nullam
1215 2037 1326 2061 tamen
1345 2027 1469 2075 legerat
1486 2032 1710 2070 Comoediam
1725 2035 1792 2073 siue

49 2077 301 2127 Tragoediam,
325 2090 409 2125 quae
426 2079 570 2126 perierit.
598 2098 649 2104 —
673 2078 898 2114 Comicorum
915 2076 1055 2113 istorum
1072 2079 1169 2114 verba
1185 2079 1342 2128 pleraque
1363 2077 1527 2131 descripsit
1542 2085 1734 2132 Eustatlzius
1751 2101 1792 2126 ex

51 2131 237 2170 Athenaeo,
263 2133 318 2179 qui
334 2127 419 2164 solus
436 2140 561 2178 praeter
576 2143 612 2165 ea
626 2133 820 2179 quorumuis
835 2131 1009 2167 auetorum
1032 2129 1124 2176 loca,
1149 2141 1180 2166 et
1203 2131 1264 2166 alia
1287 2141 1422 2167 centena
1447 2133 1505 2184 ipsi
1529 2133 1790 2178 subministraujt,

52 2184 204 2230 Diligens
223 2183 382 2217 Herodoti
397 2182 519 2224 lector„
546 2183 776 2231 Geographica
791 2181 895 2218 hausit
910 2196 928 2219 e
945 2184 1102 2218 Strabone
1117 2193 1148 2218 et
1167 2197 1185 2219 e
1199 2182 1357 2230 Stephano
1373 2184 1578 2232 Byzantina,
1605 2193 1638 2227 in
1659 2206 1727 2241 quo
1749 2193 1794 2229 df.

11 2249 25 2274 >
52 2236 149 2273 versis
166 2235 439 2286 adpellationibus
453 2233 655 2284 designando
669 2238 792 2285 pariter
806 2234 910 2278 ludit,
936 2246 970 2273 vt
983 2238 1018 2271 in
1032 2235 1237 2282 Arthestrati
1251 2238 1397 2272 carmine
1410 2238 1607 2278 Athenaeus.
1660 2246 1723 2280 His
1740 2245 1793 2281 ad.

1751 2296 1792 2334 de

75 2364 83 2367 ’
99 2369 131 2401 ο)
153 2368 197 2396 De
217 2366 261 2395 his
283 2365 398 2395 dicetur
419 2363 497 2394 libro
520 2371 626 2405 quarto
649 2375 711 2406 cap.
726 2374 753 2395 2.
783 2365 835 2394 vbi
863 2363 899 2394 de
952 2361 1113 2395 Me'moires
1131 2363 1334 2401 deTrevoux,
1358 2376 1404 2396 an.
1420 2371 1505 2407 1706.
1519 2381 1548 2411 p.
1559 2373 1619 2409 697
1635 2371 1675 2414 sq.
1690 2374 1720 2403 in
1733 2377 1792 2416 pri-

40 2408 213 2444 Dionysio:
244 2418 273 2439 at
300 2409 335 2439 de
356 2408 421 2438 aliis
441 2409 582 2438 Eustathii
610 2407 740 2450 scriptis,
773 2407 899 2449 aliisque
951 2410 1006 2438 mis
1029 2408 1150 2439 Iriarte
1172 2410 1199 2437 in
1222 2408 1312 2438 catal.
1329 2409 1413 2440 codd.
1431 2423 1472 2450 gr.
1491 2413 1628 2445 biblioth.
1650 2427 1709 2455 reg.
1730 2420 1793 2448 Ma-

0 2462 22 2483 ι.
57 2455 228 2487 Eussathiis,
251 2452 328 2482 libro
350 2454 464 2493 quinto.
950 2453 1011 2482 trit.
1025 2462 1053 2492 p.
1070 2459 1122 2486 503
1138 2450 1198 2492 sqq.
1220 2451 1317 2483 Harl.

0 2547 26 2595 θ’.

96 2501 133 2538 p)
158 2499 201 2528 De
215 2499 372 2528 Vincentio
387 2497 552 2532 Max-inere,
571 2495 693 2536 eiusque
708 2493 820 2537 scriptis
837 2493 897 2525 vid.

81 2549 153 2582 Vol.
169 2549 195 2581 I.
994 2539 1026 2576 D
1039 2537 1061 2574 d
1075 2537 1097 2574 d
