2183 2747
1084 111 1427 128 —·—

389 131 471 156 vul

392 232 474 261 tum
499 221 729 259 comronat,
780 210 842 249 eui
869 205 961 247 nihil
988 202 1100 253 defit,
1143 215 1179 242 et
1203 202 1310 257 quod
1343 203 1379 241 in
1406 198 1544 240 nullius
1574 199 1743 239 incurrat
1770 197 2131 253 reprehenfionerm

396 293 458 320 aut
478 279 543 330 qui
572 262 606 313 in
631 284 706 312 tam
738 271 812 309 lato
844 268 1045 319 vastoque,
1078 275 1115 302 et
1142 264 1272 302 multis
1305 261 1420 313 spinis
1452 258 1681 313 carduisque
1701 258 1826 300 obsito
1859 261 2131 316 impeditoque

395 350 555 390 campo,
587 345 622 372 et
646 335 682 370 in
708 341 783 369 tam
804 327 918 376 longo
945 324 1184 376 molestoque
1218 323 1351 360 itinere
1375 332 1586 372 numquam
1611 318 1759 358 aberret
1784 332 1804 358 a
1828 321 1886 359 via
1911 318 2036 370 reela,
2067 330 2133 360 aut

395 397 560 439 labatur,
589 391 646 431 vel
677 389 841 440 denique
868 389 905 425 in
936 395 1034 423 tanta
1068 394 1104 422 et
1134 392 1210 420 tam
1234 380 1346 419 densa
1371 381 1619 420 materiarum
1643 376 1731 418 filua
1756 387 1886 418 cernat
1909 380 2042 418 omnia
2064 392 2133 419 cu-

397 468 550 510 samque
576 447 800 499 distinguat?
850 447 979 497 Atque
1010 455 1103 494 ego,
1136 442 1201 494 qui
1219 453 1348 480 meam
1375 440 1602 478 tenuitatem
1627 451 1717 476 cum
1734 437 1964 478 Fabricianis
1987 437 2131 491 opibus

396 514 571 558 conferre
599 510 756 550 minime
782 505 962 550 audeam,
994 512 1030 541 et
1062 514 1151 540 cum
1182 503 1347 539 maxime
1377 500 1553 551 cupiam,
1598 506 1639 536 vt
1670 509 1808 537 omnes
1838 496 2133 538 admonitiones

397 588 508 630 atque
548 567 856 614 emendationes,
898 577 917 603 a
951 563 1038 601 viris
1071 559 1195 600 dofftis
1238 558 1328 598 hinc
1369 557 1459 597 inde
1497 556 1636 609 sparstrs
1677 566 1716 596 et
1753 556 1866 610 saepe
1903 554 1965 597 vel
2009 555 2132 597 tribus

396 633 520 674 verbis
548 628 676 678 saucias,
709 625 864 665 habeam
898 624 934 661 in
965 630 1206 667 enumerato,
1238 630 1316 671 quo
1349 616 1493 656 diutius
1525 618 1565 655 in
1595 615 1865 669 percensendo
1890 614 2133 672 locupletan-

398 695 527 748 doque
564 690 639 729 hoe
679 698 796 738 opere
835 681 985 730 versor,
1032 693 1081 719 eo
1122 679 1238 728 magis
1276 674 1713 728 sentiosdifficultates,
1768 674 2005 732 quibuscum
2033 674 2134 717 mihi

396 747 693 794 coniliclandum
720 745 793 792 est,
841 743 1070 795 onerisque,
1108 750 1184 792 quo
1216 734 1297 776 fere
1329 737 1562 789 opprimor,
1613 737 1694 776 vim
1732 748 1777 776 ac
1811 735 2133 790 magnitudinem.

396 817 527 865 Quare
559 808 624 848 diu
654 806 801 846 horruit
832 803 1006 849 animus,
1042 800 1257 852 priusquam
1289 798 1384 835 mari
1423 795 1515 835 huic
1549 809 1614 835 me
1644 796 1808 848 Aegaeo
1848 794 2132 837 commififfem.

396 871 577 924 Suri-epto
610 866 767 905 demum
798 861 950 909 labore,
992 857 1193 913 equidem,
1231 854 1255 896 s1
1287 856 1382 896 deus
1411 856 1512 895 vires
1543 856 1742 910 vitamque
1771 855 2016 907 concesserit,
2066 853 2134 896 ad-

395 927 610 970 iuuantibus
642 925 792 972 amicis,
838 933 994 961 omnem
1025 929 1182 971 operam
1211 913 1336 965 dabo,
1372 925 1432 966 vt,
1473 925 1663 970 quantum
1694 917 1733 955 in
1765 915 1890 956 nostra
1919 916 1992 956 erit
2021 912 2138 956 situm

394 988 600 1045 potestate.
646 990 747 1033 (nam
777 993 913 1032 magno
942 979 1046 1018 hiatu
1077 974 1282 1029 promissor
1309 974 1382 1015 effe
1416 974 1543 1025 nolo,)
1573 987 1701 1030 neque
1732 987 1797 1015 me
1827 974 2009 1030 obsequii
2037 986 2136 1028 poe-

397 1053 536 1097 niteat,
578 1057 701 1098 neque
733 1042 877 1082 amicos
907 1040 1111 1091 operisque
1150 1035 1415 1076 redemtorem
1455 1032 1614 1074 confilii.
1702 1034 1837 1089 Atque
1882 1047 1959 1087 ego
2001 1031 2138 1086 paullo

395 1106 648 1152 confidentius
680 1115 763 1142 eam
791 1100 973 1151 concipio
1002 1095 1128 1149 spem,
1174 1097 1263 1150 quia
1294 1107 1375 1135 non
1406 1093 1532 1134 solum
1563 1095 1654 1144 viri,
1691 1091 1793 1134 fama
1824 1094 1998 1134 nominis
2021 1103 2140 1148 atque

394 1166 618 1208 cruditionis
656 1158 925 1207 florentissimi,
970 1169 1137 1211 quorum
1179 1153 1494 1196 beneuolentiam
1532 1155 1826 1208 amicitiamque
1863 1155 1903 1194 in
1935 1164 2140 1206 program-

394 1241 494 1269 mate
531 1228 601 1264 iam
641 1219 819 1265 laudaui,
861 1229 1021 1271 operam
1060 1214 1330 1270 auxiliumque
1368 1214 1508 1268 partim
1546 1213 1834 1267 promiserunt,
1879 1214 2019 1266 partim
2060 1214 2140 1252 iam

396 1286 673 1342 praestiterunt,
714 1277 852 1334 quibus
885 1275 1114 1317 accesserunt
1154 1274 1236 1325 alii,
1279 1273 1356 1315 alio
1394 1284 1575 1327 tempore
1610 1286 1630 1314 a
1669 1285 1734 1313 me
1763 1272 2035 1326 praedicandi3
2074 1271 2140 1312 sed

398 1350 511 1388 etiam
540 1339 746 1397 quaedam,
796 1350 890 1391 quite
924 1338 996 1375 iam
1027 1335 1113 1375 satis
1146 1333 1503 1375 commendationis
1541 1330 1668 1373 futura
1704 1332 1822 1373 essent
1863 1332 2030 1372 editioni
2066 1343 2140 1371 no-

399 1420 490 1454 vae,
527 1400 655 1443 nudius
681 1397 762 1437 sum
788 1405 1008 1436 ornamenta
1033 1393 1078 1435 ab
1101 1396 1233 1434 amicis
1258 1395 1510 1447 nominisque
1533 1391 1744 1434 Fabriciani
1767 1390 2006 1433 fautoribus:
2039 1403 2142 1446 quo.

399 1479 483 1508 rum
509 1462 683 1502 omnium
705 1470 875 1498 amorem
905 1466 941 1495 et
965 1454 1149 1494 beneficia
1177 1467 1268 1494 cum
1289 1455 1385 1507 grati
1409 1455 1543 1508 piique
1567 1453 1685 1492 animi
1714 1452 1986 1493 testificatione
2014 1450 2141 1505 palam

400 1523 554 1566 celebro
567 1553 576 1570 ,
608 1532 676 1558 nec
698 1515 912 1569 praedicare
935 1513 1112 1557 defluam.
1171 1515 1324 1567 Accepi
1342 1515 1455 1566 igitur
1474 1525 1492 1552 a
1510 1515 1596 1553 viro
1615 1513 1791 1567 quodam
1810 1522 1851 1553 vt
1869 1509 2144 1562 celeberrimo,

396 1589 445 1626 ita
470 1593 622 1637 quoque
647 1576 935 1617 humanissimo,
980 1576 1089 1614 cuius
1115 1585 1260 1613 nomen
1292 1587 1372 1629 quo
1398 1573 1526 1612 minus
1556 1571 1685 1625 palam
1709 1571 1945 1622 indicarem,
1986 1569 2142 1624 infignis

397 1647 477 1685 eius
501 1638 681 1681 modestia
706 1635 919 1689 prohibuit,
950 1632 1164 1674 doe'liffima
1187 1643 1224 1673 et
1247 1631 1408 1686 copiosa
1435 1630 1483 1672 ad
1501 1635 1672 1684 primum
1687 1631 1875 1672 volumen
1894 1631 2143 1686 supplemen-

400 1716 458 1753 ta,
495 1712 588 1755 quae
615 1698 649 1737 b.
672 1695 896 1736 Fabricius
923 1693 985 1734 sua
1013 1692 1125 1746 ipfius
1150 1707 1267 1733 manu
1292 1691 1541 1746 adscripserat
1571 1691 1741 1745 exempli
1768 1692 1826 1732 sui
1857 1704 1969 1732 orae:
2014 1704 2038 1731 e
2066 1703 2143 1747 qua

403 1764 467 1816 qui
486 1762 558 1799 ’.em
587 1755 770 1802 intellexi,
801 1753 1012 1793 Fabricium
1037 1752 1155 1807 vsque
1180 1752 1227 1793 ad
1243 1752 1374 1792 vltima
1394 1754 1494 1791 vitae
1517 1761 1719 1805 tempora,
1749 1764 2020 1806 quaecumque
2042 1751 2143 1792 vasta

406 1821 505 1862 illius
529 1816 691 1857 eruditio
719 1826 754 1852 ct
778 1812 1008 1852 incredibilis
1036 1812 1234 1865 diligentia
1259 1822 1374 1866 atque
1396 1810 1576 1851 sedulitas
1596 1809 1791 1852 obtulisset
1809 1843 1820 1861 ,
1855 1810 2028 1852 sollerter
2059 1810 2144 1852 col·

405 1878 528 1931 legisse
559 1886 594 1916 et
621 1872 818 1914 adnotass'e.
879 1875 981 1924 Qua
1007 1885 1102 1912 vero
1135 1871 1287 1912 chartae
1315 1871 1476 1911 demum
1503 1871 1752 1925 posteaquam
1789 1872 1939 1924 priores
1967 1870 2145 1926 plagulae

408 1944 480 1980 iam
508 1933 672 1976 exiiss‘ent
695 1931 840 1984 praelo,
881 1934 918 1971 in
944 1945 1049 1972 meas
1074 1942 1257 1971 venerant
1281 1943 1440 1977 manus,
1486 1944 1550 1980 ea,
1587 1944 1687 1985 quae
1717 1930 1824 1970 hisce
1840 1930 2027 1971 ,addenda
2057 1930 2143 1971 reli·

409 2008 557 2053 querat,
593 1993 731 2033 subieci
765 1988 1007 2044 praefationi3
1051 1991 1218 2046 reliqua,
1258 2003 1356 2045 quae
1390 1988 1583 2030 Fabricius
1622 1992 1806 2043 repetitae
1843 1990 2006 2030 editioni
2043 2003 2144 2031 non·

411 2059 502 2097 dum
531 2053 751 2100 inseruerat,
776 2049 850 2090 flue
874 2050 941 2089 suo
968 2051 1138 2106 quoduis
1162 2050 1255 2091 loco
1279 2049 1442 2099 inserui,
1476 2048 1550 2089 siue
1574 2050 1736 2100 margini
1762 2048 1935 2098 subdidi,
1975 2059 2013 2090 et
2043 2063 2143 2104 quo-

412 2118 509 2155 niam
535 2127 552 2153 a
577 2111 744 2151 Fabricio
769 2109 851 2161 ipso
876 2109 935 2149 illa
961 2110 1047 2150 sunt
1070 2108 1265 2164 profeehl,
1298 2123 1444 2149 nomen
1469 2112 1551 2149 eius
1578 2107 1704 2149 vbiuis
1725 2108 1937 2149 adscribere
1960 2109 2143 2162 superua-

411 2187 567 2213 caneum
601 2169 807 2210 videbatur.
865 2172 945 2221 Ego
974 2183 1100 2209 aurem
1139 2169 1276 2223 spero,
1317 2167 1428 2219 fore,
1467 2180 1508 2208 vt
1534 2179 1658 2208 cetera
1686 2182 1845 2223 quoque
1877 2169 2144 2222 supplementa

415 2232 620 2272 Fabrici-ana
644 2230 688 2268 d:
712 2229 889 2281 exemplo
914 2229 1035 2277 illius,
1082 2229 1191 2284 quod
1216 2232 1254 2269 in
1279 2228 1515 2269 bibliotheca
1545 2231 1647 2280 regia
1676 2228 1883 2269 Hauuienfi
1908 2229 2143 2278 adseruntur,

413 2291 590 2343 descripta
617 2288 819 2328 nanciscar:
854 2287 997 2339 saltem,
1030 2304 1076 2329 ne
1105 2290 1165 2344 spe
1188 2290 1388 2341 excidam,
1422 2289 1669 2342 liunmopere
1694 2301 1782 2339 oro,
1815 2289 2019 2344 palamque
2043 2300 2143 2340 rogo

414 2352 535 2390 virum
565 2349 666 2388 illum
693 2345 961 2390 dociillimum.

1953 2465 2145 2514 Alterum,
