<?xml version="1.0" encoding="UTF-8"?>
<!DOCTYPE html PUBLIC "-//W3C//DTD XHTML 1.0 Transitional//EN"
    "http://www.w3.org/TR/xhtml1/DTD/xhtml1-transitional.dtd">
<html xmlns="http://www.w3.org/1999/xhtml" xml:lang="en" lang="en">
 <head>
  <title>
</title>
<meta http-equiv="Content-Type" content="text/html;charset=utf-8" />
  <meta name='ocr-system' content='tesseract 3.04.00' />
  <meta name='ocr-capabilities' content='ocr_page ocr_carea ocr_par ocr_line ocrx_word'/>
</head>
<body>
  <div class='ocr_page' id='page_1' title='image "./bibliothecagraec01fabruoft_0642.png"; bbox 0 0 2183 2747; ppageno 0'>
   <div class='ocr_carea' id='block_1_1' title="bbox 306 164 1422 208">
    <p class='ocr_par' dir='ltr' id='par_1_1' title="bbox 306 164 1422 208">
     <span class='ocr_line' id='line_1_1' title="bbox 306 164 1422 208; baseline -0.005 0"><span class='ocrx_word' id='word_1_1' title='bbox 306 171 378 208; x_wconf 87' lang='lat'>606</span> <span class='ocrx_word' id='word_1_2' title='bbox 481 169 554 206; x_wconf 72' lang='lat' dir='ltr'>Lib.</span> <span class='ocrx_word' id='word_1_3' title='bbox 566 168 616 206; x_wconf 88' lang='grc' dir='ltr'>ΙῙ.</span> <span class='ocrx_word' id='word_1_4' title='bbox 636 180 661 205; x_wconf 79' lang='lat' dir='ltr'>c.</span> <span class='ocrx_word' id='word_1_5' title='bbox 676 175 706 208; x_wconf 78' lang='lat'>8.</span> <span class='ocrx_word' id='word_1_6' title='bbox 794 203 803 207; x_wconf 66' lang='grc'><strong>,</strong></span> <span class='ocrx_word' id='word_1_7' title='bbox 936 167 1127 204; x_wconf 82' lang='lat' dir='ltr'>HESIODI</span> <span class='ocrx_word' id='word_1_8' title='bbox 1160 164 1422 203; x_wconf 77' lang='lat' dir='ltr'>EDITIONES.</span> 
     </span>
    </p>
   </div>
   <div class='ocr_carea' id='block_1_2' title="bbox 309 259 2064 794">
    <p class='ocr_par' dir='ltr' id='par_1_2' title="bbox 309 259 2064 630">
     <span class='ocr_line' id='line_1_2' title="bbox 309 259 2056 317; baseline 0 -14"><span class='ocrx_word' id='word_1_9' title='bbox 309 267 426 316; x_wconf 81' lang='lat' dir='ltr'>lingua</span> <span class='ocrx_word' id='word_1_10' title='bbox 449 266 626 302; x_wconf 85' lang='lat' dir='ltr'>Phoenicia</span> <span class='ocrx_word' id='word_1_11' title='bbox 649 261 944 315; x_wconf 70' lang='lat' dir='ltr'>antiquissimisque</span> <span class='ocrx_word' id='word_1_12' title='bbox 967 265 1124 300; x_wconf 83' lang='lat' dir='ltr'>Graeciae</span> <span class='ocrx_word' id='word_1_13' title='bbox 1146 261 1304 306; x_wconf 72' lang='lat' dir='ltr'>historiiS,</span> <span class='ocrx_word' id='word_1_14' title='bbox 1337 259 1462 299; x_wconf 79' lang='lat' dir='ltr'>omiffis</span> <span class='ocrx_word' id='word_1_15' title='bbox 1485 262 1640 299; x_wconf 75' lang='lat' dir='ltr'>omnibus</span> <span class='ocrx_word' id='word_1_16' title='bbox 1668 261 1856 313; x_wconf 76' lang='lat' dir='ltr'>allegoriis,</span> <span class='ocrx_word' id='word_1_17' title='bbox 1887 279 2056 317; x_wconf 81' lang='lat' dir='ltr'>exponere</span> 
     </span>
     <span class='ocr_line' id='line_1_3' title="bbox 311 315 2059 366; baseline 0.001 -10"><span class='ocrx_word' id='word_1_18' title='bbox 311 318 479 361; x_wconf 75' lang='lat' dir='ltr'>sustinuit,</span> <span class='ocrx_word' id='word_1_19' title='bbox 506 331 600 354; x_wconf 88' lang='lat' dir='ltr'>verae</span> <span class='ocrx_word' id='word_1_20' title='bbox 615 319 815 363; x_wconf 86' lang='lat' dir='ltr'>mythorum</span> <span class='ocrx_word' id='word_1_21' title='bbox 832 318 968 365; x_wconf 84' lang='lat' dir='ltr'>originis</span> <span class='ocrx_word' id='word_1_22' title='bbox 991 325 1090 364; x_wconf 85' lang='lat' dir='ltr'>atque</span> <span class='ocrx_word' id='word_1_23' title='bbox 1116 317 1252 351; x_wconf 85' lang='lat' dir='ltr'>rationis</span> <span class='ocrx_word' id='word_1_24' title='bbox 1274 328 1380 366; x_wconf 86' lang='lat' dir='ltr'>paene</span> <span class='ocrx_word' id='word_1_25' title='bbox 1402 318 1555 366; x_wconf 86' lang='lat' dir='ltr'>ignarus,</span> <span class='ocrx_word' id='word_1_26' title='bbox 1581 318 1614 352; x_wconf 92' lang='lat' dir='ltr'>in</span> <span class='ocrx_word' id='word_1_27' title='bbox 1634 329 1676 353; x_wconf 89' lang='lat' dir='ltr'>eo</span> <span class='ocrx_word' id='word_1_28' title='bbox 1700 320 1786 353; x_wconf 87' lang='lat' dir='ltr'>mire</span> <span class='ocrx_word' id='word_1_29' title='bbox 1811 315 1927 355; x_wconf 78' lang='lat' dir='ltr'>abusus</span> <span class='ocrx_word' id='word_1_30' title='bbox 1947 319 1992 356; x_wconf 80' lang='lat' dir='ltr'>est</span> <span class='ocrx_word' id='word_1_31' title='bbox 2012 322 2059 356; x_wconf 79' lang='lat' dir='ltr'>in·</span> 
     </span>
     <span class='ocr_line' id='line_1_4' title="bbox 313 364 2060 423; baseline 0.001 -14"><span class='ocrx_word' id='word_1_32' title='bbox 313 375 425 423; x_wconf 86' lang='lat' dir='ltr'>genio.</span> <span class='ocrx_word' id='word_1_33' title='bbox 482 375 589 422; x_wconf 82' lang='lat' dir='ltr'>Atque</span> <span class='ocrx_word' id='word_1_34' title='bbox 604 369 721 407; x_wconf 89' lang='lat' dir='ltr'>eruditi</span> <span class='ocrx_word' id='word_1_35' title='bbox 738 369 778 405; x_wconf 94' lang='lat' dir='ltr'>de</span> <span class='ocrx_word' id='word_1_36' title='bbox 795 373 862 405; x_wconf 83' lang='lat' dir='ltr'>eius</span> <span class='ocrx_word' id='word_1_37' title='bbox 879 381 980 418; x_wconf 80' lang='lat' dir='ltr'>opera</span> <span class='ocrx_word' id='word_1_38' title='bbox 993 366 1093 403; x_wconf 83' lang='lat' dir='ltr'>hodie</span> <span class='ocrx_word' id='word_1_39' title='bbox 1108 364 1215 404; x_wconf 90' lang='lat' dir='ltr'>solent</span> <span class='ocrx_word' id='word_1_40' title='bbox 1227 367 1389 412; x_wconf 86' lang='lat' dir='ltr'>iudicare,</span> <span class='ocrx_word' id='word_1_41' title='bbox 1417 367 1508 418; x_wconf 92' lang='lat' dir='ltr'>quod</span> <span class='ocrx_word' id='word_1_42' title='bbox 1527 366 1594 418; x_wconf 85' lang='lat' dir='ltr'>ipse</span> <span class='ocrx_word' id='word_1_43' title='bbox 1615 372 1648 404; x_wconf 91' lang='lat' dir='ltr'>in</span> <span class='ocrx_word' id='word_1_44' title='bbox 1669 367 1877 419; x_wconf 76' lang='lat' dir='ltr'>praefatione</span> <span class='ocrx_word' id='word_1_45' title='bbox 1898 370 1940 409; x_wconf 90' lang='lat' dir='ltr'>de</span> <span class='ocrx_word' id='word_1_46' title='bbox 1955 374 2060 410; x_wconf 82' lang='lat' dir='ltr'>Hein-</span> 
     </span>
     <span class='ocr_line' id='line_1_5' title="bbox 314 419 2063 475; baseline 0 -13"><span class='ocrx_word' id='word_1_47' title='bbox 314 425 350 463; x_wconf 90' lang='lat' dir='ltr'>sii</span> <span class='ocrx_word' id='word_1_48' title='bbox 374 422 480 462; x_wconf 81' lang='lat' dir='ltr'>studio</span> <span class='ocrx_word' id='word_1_49' title='bbox 504 421 609 460; x_wconf 84' lang='lat' dir='ltr'>sensit.</span> <span class='ocrx_word' id='word_1_50' title='bbox 664 421 836 468; x_wconf 84' lang='lat' dir='ltr'>„Heinsii‚</span> <span class='ocrx_word' id='word_1_51' title='bbox 862 423 984 470; x_wconf 84' lang='lat' dir='ltr'>inquit,</span> <span class='ocrx_word' id='word_1_52' title='bbox 1009 421 1137 456; x_wconf 75' lang='lat' dir='ltr'>labores</span> <span class='ocrx_word' id='word_1_53' title='bbox 1163 424 1278 470; x_wconf 86' lang='lat' dir='ltr'>magni</span> <span class='ocrx_word' id='word_1_54' title='bbox 1298 434 1369 457; x_wconf 91' lang='lat' dir='ltr'>non</span> <span class='ocrx_word' id='word_1_55' title='bbox 1391 419 1499 465; x_wconf 78' lang='lat' dir='ltr'>facio,</span> <span class='ocrx_word' id='word_1_56' title='bbox 1527 435 1629 472; x_wconf 89' lang='lat' dir='ltr'>quem</span> <span class='ocrx_word' id='word_1_57' title='bbox 1654 420 1769 471; x_wconf 81' lang='lat' dir='ltr'>paffiiii</span> <span class='ocrx_word' id='word_1_58' title='bbox 1790 421 1949 460; x_wconf 82' lang='lat' dir='ltr'>aberraffe</span> <span class='ocrx_word' id='word_1_59' title='bbox 1967 436 2063 475; x_wconf 74' lang='lat' dir='ltr'>puto,</span> 
     </span>
     <span class='ocr_line' id='line_1_6' title="bbox 315 471 2064 525; baseline -0.001 -11"><span class='ocrx_word' id='word_1_60' title='bbox 315 485 347 515; x_wconf 82' lang='lat' dir='ltr'>et</span> <span class='ocrx_word' id='word_1_61' title='bbox 375 480 481 513; x_wconf 79' lang='lat' dir='ltr'>inanes</span> <span class='ocrx_word' id='word_1_62' title='bbox 503 478 653 525; x_wconf 81' lang='lat' dir='ltr'>argutias</span> <span class='ocrx_word' id='word_1_63' title='bbox 677 473 832 523; x_wconf 74' lang='lat' dir='ltr'>captaffc:</span> <span class='ocrx_word' id='word_1_64' title='bbox 858 471 913 509; x_wconf 86' lang='lat' dir='ltr'>sed</span> <span class='ocrx_word' id='word_1_65' title='bbox 939 484 1076 523; x_wconf 88' lang='lat' dir='ltr'>propter</span> <span class='ocrx_word' id='word_1_66' title='bbox 1100 475 1162 509; x_wconf 89' lang='lat' dir='ltr'>viri</span> <span class='ocrx_word' id='word_1_67' title='bbox 1180 471 1332 522; x_wconf 86' lang='lat' dir='ltr'>samam,</span> <span class='ocrx_word' id='word_1_68' title='bbox 1359 488 1430 510; x_wconf 90' lang='lat' dir='ltr'>non</span> <span class='ocrx_word' id='word_1_69' title='bbox 1452 472 1587 511; x_wconf 86' lang='lat' dir='ltr'>fuerunt</span> <span class='ocrx_word' id='word_1_70' title='bbox 1611 474 1807 518; x_wconf 83' lang='lat' dir='ltr'>omittendi,</span> <span class='ocrx_word' id='word_1_71' title='bbox 1834 487 1866 512; x_wconf 88' lang='lat' dir='ltr'>et</span> <span class='ocrx_word' id='word_1_72' title='bbox 1881 474 2005 519; x_wconf 85' lang='lat' dir='ltr'>suntin</span> <span class='ocrx_word' id='word_1_73' title='bbox 2026 480 2064 514; x_wconf 78' lang='lat' dir='ltr'>iis</span> 
     </span>
     <span class='ocr_line' id='line_1_7' title="bbox 316 523 2064 580; baseline -0.001 -13"><span class='ocrx_word' id='word_1_74' title='bbox 316 531 498 571; x_wconf 82' lang='lat' dir='ltr'>nonnulla,</span> <span class='ocrx_word' id='word_1_75' title='bbox 523 543 606 580; x_wconf 79' lang='lat' dir='ltr'>quae</span> <span class='ocrx_word' id='word_1_76' title='bbox 623 526 734 577; x_wconf 75' lang='lat' dir='ltr'>legiile</span> <span class='ocrx_word' id='word_1_77' title='bbox 751 540 820 562; x_wconf 88' lang='lat' dir='ltr'>non</span> <span class='ocrx_word' id='word_1_78' title='bbox 838 525 1026 576; x_wconf 87' lang='lat' dir='ltr'>poenitebit.</span> <span class='ocrx_word' id='word_1_79' title='bbox 1038 530 1055 546; x_wconf 79' lang='lat'>‘⁴</span> <span class='ocrx_word' id='word_1_80' title='bbox 1108 523 1244 575; x_wconf 81' lang='lat' dir='ltr'>Insuper</span> <span class='ocrx_word' id='word_1_81' title='bbox 1258 527 1340 563; x_wconf 86' lang='lat' dir='ltr'>haec</span> <span class='ocrx_word' id='word_1_82' title='bbox 1355 526 1475 572; x_wconf 90' lang='lat' dir='ltr'>editio,</span> <span class='ocrx_word' id='word_1_83' title='bbox 1502 530 1536 563; x_wconf 92' lang='lat' dir='ltr'>in</span> <span class='ocrx_word' id='word_1_84' title='bbox 1550 530 1636 564; x_wconf 86' lang='lat' dir='ltr'>notis</span> <span class='ocrx_word' id='word_1_85' title='bbox 1654 526 1876 578; x_wconf 85' lang='lat' dir='ltr'>potiffimum,</span> <span class='ocrx_word' id='word_1_86' title='bbox 1901 528 2002 566; x_wconf 78' lang='lat' dir='ltr'>obsita</span> <span class='ocrx_word' id='word_1_87' title='bbox 2019 529 2064 566; x_wconf 81' lang='lat' dir='ltr'>est</span> 
     </span>
     <span class='ocr_line' id='line_1_8' title="bbox 315 577 2063 630; baseline -0.001 -10"><span class='ocrx_word' id='word_1_88' title='bbox 315 586 438 622; x_wconf 76' lang='lat' dir='ltr'>uacuis.</span> <span class='ocrx_word' id='word_1_89' title='bbox 492 583 612 618; x_wconf 81' lang='lat' dir='ltr'>Clerici</span> <span class='ocrx_word' id='word_1_90' title='bbox 634 592 745 616; x_wconf 86' lang='lat' dir='ltr'>tamen</span> <span class='ocrx_word' id='word_1_91' title='bbox 771 592 910 629; x_wconf 86' lang='lat' dir='ltr'>operam</span> <span class='ocrx_word' id='word_1_92' title='bbox 933 577 1145 630; x_wconf 83' lang='lat' dir='ltr'>studiumque</span> <span class='ocrx_word' id='word_1_93' title='bbox 1170 579 1312 616; x_wconf 81' lang='lat' dir='ltr'>mirifice</span> <span class='ocrx_word' id='word_1_94' title='bbox 1333 578 1446 616; x_wconf 86' lang='lat' dir='ltr'>laudat</span> <span class='ocrx_word' id='word_1_95' title='bbox 1460 581 1533 615; x_wconf 85' lang='lat' dir='ltr'>Nic.</span> <span class='ocrx_word' id='word_1_96' title='bbox 1550 581 1648 616; x_wconf 79' lang='lat' dir='ltr'>Hier.</span> <span class='ocrx_word' id='word_1_97' title='bbox 1662 581 1838 629; x_wconf 81' lang='lat' dir='ltr'>Gundling</span> <span class='ocrx_word' id='word_1_98' title='bbox 1863 585 1896 617; x_wconf 90' lang='lat' dir='ltr'>in</span> <span class='ocrx_word' id='word_1_99' title='bbox 1918 582 2063 619; x_wconf 73' lang='lat' dir='ltr'>Historia</span> 
     </span>
    </p>

    <p class='ocr_par' dir='ltr' id='par_1_3' title="bbox 315 629 2063 794">
     <span class='ocr_line' id='line_1_9' title="bbox 342 629 2063 686; baseline -0.001 -13"><span class='ocrx_word' id='word_1_100' title='bbox 342 633 549 686; x_wconf 85' lang='lat' dir='ltr'>hilosophiae</span> <span class='ocrx_word' id='word_1_101' title='bbox 571 632 726 675; x_wconf 86' lang='lat' dir='ltr'>moralis,</span> <span class='ocrx_word' id='word_1_102' title='bbox 753 634 836 668; x_wconf 85' lang='lat' dir='ltr'>Part.</span> <span class='ocrx_word' id='word_1_103' title='bbox 852 635 875 667; x_wconf 90' lang='grc' dir='ltr'>Ι.</span> <span class='ocrx_word' id='word_1_104' title='bbox 900 631 1008 668; x_wconf 81' lang='lat' dir='ltr'>Halae</span> <span class='ocrx_word' id='word_1_105' title='bbox 1031 630 1189 681; x_wconf 89' lang='lat' dir='ltr'>Magdeb.</span> <span class='ocrx_word' id='word_1_106' title='bbox 1219 645 1314 679; x_wconf 80' lang='lat'>¹709·</span> <span class='ocrx_word' id='word_1_107' title='bbox 1343 645 1373 676; x_wconf 80' lang='lat'>4.</span> <span class='ocrx_word' id='word_1_108' title='bbox 1400 646 1433 682; x_wconf 92' lang='lat' dir='ltr'>p.</span> <span class='ocrx_word' id='word_1_109' title='bbox 1454 645 1492 668; x_wconf 89' lang='lat'>10</span> <span class='ocrx_word' id='word_1_110' title='bbox 1510 629 1555 682; x_wconf 86' lang='lat' dir='ltr'>sq.</span> <span class='ocrx_word' id='word_1_111' title='bbox 1608 631 1711 669; x_wconf 83' lang='lat' dir='ltr'>Conf.</span> <span class='ocrx_word' id='word_1_112' title='bbox 1731 634 1852 670; x_wconf 85' lang='lat' dir='ltr'>Clerici</span> <span class='ocrx_word' id='word_1_113' title='bbox 1876 635 2063 675; x_wconf 79' lang='lat' dir='ltr'>bibliothec.</span> 
     </span>
     <span class='ocr_line' id='line_1_10' title="bbox 315 651 2062 735; baseline -0.002 -8"><span class='ocrx_word' id='word_1_114' title='bbox 315 651 470 727; x_wconf 50' lang='lat' dir='ltr'>{ciceiam</span> <span class='ocrx_word' id='word_1_115' title='bbox 485 699 567 724; x_wconf 86' lang='lat' dir='ltr'>tom.</span> <span class='ocrx_word' id='word_1_116' title='bbox 582 688 635 724; x_wconf 79' lang='lat' dir='ltr'>xi.</span> <span class='ocrx_word' id='word_1_117' title='bbox 664 700 695 735; x_wconf 88' lang='lat' dir='ltr'>p.</span> <span class='ocrx_word' id='word_1_118' title='bbox 712 697 785 732; x_wconf 76' lang='lat'>349.</span> <span class='ocrx_word' id='word_1_119' title='bbox 820 686 1006 721; x_wconf 83' lang='lat' dir='ltr'>Memorias</span> <span class='ocrx_word' id='word_1_120' title='bbox 1031 685 1202 721; x_wconf 76' lang='lat' dir='ltr'>littei-arias</span> <span class='ocrx_word' id='word_1_121' title='bbox 1215 684 1428 722; x_wconf 75' lang='lat' dir='ltr'>Triuultinas</span> <span class='ocrx_word' id='word_1_122' title='bbox 1451 682 1475 721; x_wconf 90' lang='lat' dir='ltr'>s.</span> <span class='ocrx_word' id='word_1_123' title='bbox 1489 681 1717 728; x_wconf 73' lang='lat' dir='ltr'>Dombensts,</span> <span class='ocrx_word' id='word_1_124' title='bbox 1742 700 1795 723; x_wconf 88' lang='lat' dir='ltr'>an.</span> <span class='ocrx_word' id='word_1_125' title='bbox 1818 699 1907 732; x_wconf 77' lang='lat'>1701.</span> <span class='ocrx_word' id='word_1_126' title='bbox 1934 689 2062 724; x_wconf 88' lang='lat' dir='ltr'>torn.1.</span> 
     </span>
     <span class='ocr_line' id='line_1_11' title="bbox 317 735 2063 794; baseline -0.003 -16"><span class='ocrx_word' id='word_1_127' title='bbox 317 757 350 794; x_wconf 90' lang='lat' dir='ltr'>p.</span> <span class='ocrx_word' id='word_1_128' title='bbox 368 755 429 790; x_wconf 78' lang='lat'>²50</span> <span class='ocrx_word' id='word_1_129' title='bbox 448 739 492 790; x_wconf 88' lang='lat' dir='ltr'>sq.</span> <span class='ocrx_word' id='word_1_130' title='bbox 519 741 563 775; x_wconf 88' lang='lat' dir='ltr'>Le</span> <span class='ocrx_word' id='word_1_131' title='bbox 579 741 720 789; x_wconf 78' lang='lat' dir='ltr'>gazeticr</span> <span class='ocrx_word' id='word_1_132' title='bbox 736 749 887 774; x_wconf 88' lang='lat' dir='ltr'>menteur</span> <span class='ocrx_word' id='word_1_133' title='bbox 899 736 939 774; x_wconf 92' lang='lat' dir='ltr'>de</span> <span class='ocrx_word' id='word_1_134' title='bbox 954 739 1023 775; x_wconf 83' lang='lat' dir='ltr'>Mt.</span> <span class='ocrx_word' id='word_1_135' title='bbox 1042 739 1212 774; x_wconf 85' lang='lat' dir='ltr'>Burmann</span> <span class='ocrx_word' id='word_1_136' title='bbox 1227 752 1259 789; x_wconf 91' lang='lat' dir='ltr'>p.</span> <span class='ocrx_word' id='word_1_137' title='bbox 1274 750 1318 783; x_wconf 83' lang='lat'>70</span> <span class='ocrx_word' id='word_1_138' title='bbox 1336 735 1403 789; x_wconf 89' lang='lat' dir='ltr'>sqq.</span> <span class='ocrx_word' id='word_1_139' title='bbox 1427 735 1509 775; x_wconf 76' lang='lat' dir='ltr'>Diis.</span> <span class='ocrx_word' id='word_1_140' title='bbox 1524 741 1672 774; x_wconf 81' lang='lat' dir='ltr'>criticam</span> <span class='ocrx_word' id='word_1_141' title='bbox 1689 736 1730 774; x_wconf 89' lang='lat' dir='ltr'>de</span> <span class='ocrx_word' id='word_1_142' title='bbox 1746 740 1924 776; x_wconf 82' lang='lat' dir='ltr'>Chimaera</span> <span class='ocrx_word' id='word_1_143' title='bbox 1948 743 1983 776; x_wconf 85' lang='lat' dir='ltr'>in</span> <span class='ocrx_word' id='word_1_144' title='bbox 2002 753 2063 777; x_wconf 84' lang='lat' dir='ltr'>no.</span> 
     </span>
    </p>
   </div>
   <div class='ocr_carea' id='block_1_3' title="bbox 318 789 2063 895">
    <p class='ocr_par' dir='ltr' id='par_1_4' title="bbox 318 789 2063 895">
     <span class='ocr_line' id='line_1_12' title="bbox 318 789 2063 841; baseline -0.002 -9"><span class='ocrx_word' id='word_1_145' title='bbox 318 806 365 832; x_wconf 75' lang='lat' dir='ltr'>tas</span> <span class='ocrx_word' id='word_1_146' title='bbox 390 797 514 830; x_wconf 84' lang='lat' dir='ltr'>criticas</span> <span class='ocrx_word' id='word_1_147' title='bbox 536 794 584 828; x_wconf 85' lang='lat' dir='ltr'>Io.</span> <span class='ocrx_word' id='word_1_148' title='bbox 603 791 722 828; x_wconf 85' lang='lat' dir='ltr'>Clerici</span> <span class='ocrx_word' id='word_1_149' title='bbox 745 794 779 826; x_wconf 90' lang='lat' dir='ltr'>in</span> <span class='ocrx_word' id='word_1_150' title='bbox 799 789 939 827; x_wconf 84' lang='lat' dir='ltr'>Hesiodi</span> <span class='ocrx_word' id='word_1_151' title='bbox 963 792 1230 841; x_wconf 82' lang='lat' dir='ltr'>Theogoniam,</span> <span class='ocrx_word' id='word_1_152' title='bbox 1265 793 1400 829; x_wconf 61' lang='lat' dir='ltr'>auctore</span> <span class='ocrx_word' id='word_1_153' title='bbox 1417 793 1514 828; x_wconf 86' lang='lat' dir='ltr'>Petro</span> <span class='ocrx_word' id='word_1_154' title='bbox 1530 793 1679 828; x_wconf 82' lang='lat' dir='ltr'>Penariae</span> <span class='ocrx_word' id='word_1_155' title='bbox 1702 804 1769 828; x_wconf 84' lang='lat' dir='ltr'>ree.</span> <span class='ocrx_word' id='word_1_156' title='bbox 1786 792 1895 828; x_wconf 82' lang='lat' dir='ltr'>Berol.</span> <span class='ocrx_word' id='word_1_157' title='bbox 1913 804 2004 838; x_wconf 71' lang='grc' dir='ltr'><strong>νιος.</strong></span> <span class='ocrx_word' id='word_1_158' title='bbox 2030 805 2063 837; x_wconf 79' lang='grc'>4.</span> 
     </span>
     <span class='ocr_line' id='line_1_13' title="bbox 318 841 1125 895; baseline -0.006 -11"><span class='ocrx_word' id='word_1_159' title='bbox 318 850 399 884; x_wconf 64' lang='lat' dir='ltr'>Acta</span> <span class='ocrx_word' id='word_1_160' title='bbox 418 844 540 883; x_wconf 85' lang='lat' dir='ltr'>Erudit.</span> <span class='ocrx_word' id='word_1_161' title='bbox 557 841 659 880; x_wconf 87' lang='lat' dir='ltr'>mens.</span> <span class='ocrx_word' id='word_1_162' title='bbox 673 845 761 894; x_wconf 89' lang='lat' dir='ltr'>Sept.</span> <span class='ocrx_word' id='word_1_163' title='bbox 777 856 862 890; x_wconf 84' lang='lat'>1701.</span> <span class='ocrx_word' id='word_1_164' title='bbox 891 857 966 894; x_wconf 77' lang='lat' dir='ltr'>pag.</span> <span class='ocrx_word' id='word_1_165' title='bbox 984 855 1042 888; x_wconf 84' lang='lat'>413</span> <span class='ocrx_word' id='word_1_166' title='bbox 1059 841 1125 895; x_wconf 91' lang='lat' dir='ltr'>sqq.</span> 
     </span>
    </p>
   </div>
   <div class='ocr_carea' id='block_1_4' title="bbox 318 935 2068 1040">
    <p class='ocr_par' dir='ltr' id='par_1_5' title="bbox 318 935 2068 1040">
     <span class='ocr_line' id='line_1_14' title="bbox 417 935 2068 991; baseline -0.004 -10"><span class='ocrx_word' id='word_1_167' title='bbox 417 935 556 981; x_wconf 68' lang='grc' dir='ltr'><em>Ἡσιοδε</em></span> <span class='ocrx_word' id='word_1_168' title='bbox 573 938 739 991; x_wconf 62' lang='lat' dir='ltr'>&#39;Augeae</span> <span class='ocrx_word' id='word_1_169' title='bbox 752 953 805 977; x_wconf 75' lang='grc' dir='ltr'>τοι</span> <span class='ocrx_word' id='word_1_170' title='bbox 819 936 1048 990; x_wconf 69' lang='grc' dir='ltr'>εὖφσκομενα.</span> <span class='ocrx_word' id='word_1_171' title='bbox 1101 939 1234 988; x_wconf 77' lang='lat' dir='ltr'>Hesiodi</span> <span class='ocrx_word' id='word_1_172' title='bbox 1248 937 1383 987; x_wconf 83' lang='lat' dir='ltr'>Ascraei</span> <span class='ocrx_word' id='word_1_173' title='bbox 1399 939 1681 987; x_wconf 72' lang='lat' dir='ltr'>quaesupeisum,</span> <span class='ocrx_word' id='word_1_174' title='bbox 1708 950 1778 974; x_wconf 80' lang='lat' dir='ltr'>cum</span> <span class='ocrx_word' id='word_1_175' title='bbox 1791 940 1875 974; x_wconf 81' lang='lat' dir='ltr'>notis</span> <span class='ocrx_word' id='word_1_176' title='bbox 1889 941 2068 978; x_wconf 69' lang='grc' dir='ltr'>υσνὶονωι.</span> 
     </span>
     <span class='ocr_line' id='line_1_15' title="bbox 318 989 1896 1040; baseline -0.002 -9"><span class='ocrx_word' id='word_1_177' title='bbox 318 995 433 1031; x_wconf 79' lang='lat' dir='ltr'>Edidit</span> <span class='ocrx_word' id='word_1_178' title='bbox 455 995 594 1030; x_wconf 73' lang='lat' dir='ltr'>Tliomas</span> <span class='ocrx_word' id='word_1_179' title='bbox 611 992 793 1040; x_wconf 71' lang='lat' dir='ltr'>Robiaefim,</span> <span class='ocrx_word' id='word_1_180' title='bbox 817 993 849 1027; x_wconf 88' lang='lat' dir='ltr'>S.</span> <span class='ocrx_word' id='word_1_181' title='bbox 872 991 914 1030; x_wconf 85' lang='lat' dir='ltr'>T.</span> <span class='ocrx_word' id='word_1_182' title='bbox 933 994 974 1027; x_wconf 74' lang='grc' dir='ltr'>Ι).</span> <span class='ocrx_word' id='word_1_183' title='bbox 1003 993 1146 1035; x_wconf 84' lang='lat' dir='ltr'>Oxonii,</span> <span class='ocrx_word' id='word_1_184' title='bbox 1173 1006 1191 1028; x_wconf 97' lang='lat' dir='ltr'>e</span> <span class='ocrx_word' id='word_1_185' title='bbox 1215 993 1345 1028; x_wconf 90' lang='lat' dir='ltr'>theatro</span> <span class='ocrx_word' id='word_1_186' title='bbox 1367 989 1634 1033; x_wconf 83' lang='lat' dir='ltr'>Scheldoniano‚</span> <span class='ocrx_word' id='word_1_187' title='bbox 1660 1003 1746 1038; x_wconf 75' lang='lat'>1737.</span> <span class='ocrx_word' id='word_1_188' title='bbox 1771 993 1851 1028; x_wconf 84' lang='lat' dir='ltr'>mai.</span> <span class='ocrx_word' id='word_1_189' title='bbox 1863 1004 1896 1036; x_wconf 80' lang='grc'>4.</span> 
     </span>
    </p>
   </div>
   <div class='ocr_carea' id='block_1_5' title="bbox 317 1084 2170 2422">
    <p class='ocr_par' dir='ltr' id='par_1_6' title="bbox 317 1084 2068 1617">
     <span class='ocr_line' id='line_1_16' title="bbox 419 1084 2066 1140; baseline -0.002 -15"><span class='ocrx_word' id='word_1_190' title='bbox 419 1085 599 1140; x_wconf 87' lang='lat' dir='ltr'>Splendida</span> <span class='ocrx_word' id='word_1_191' title='bbox 619 1087 664 1123; x_wconf 85' lang='lat' dir='ltr'>est</span> <span class='ocrx_word' id='word_1_192' title='bbox 687 1084 808 1129; x_wconf 88' lang='lat' dir='ltr'>editio,</span> <span class='ocrx_word' id='word_1_193' title='bbox 834 1097 867 1122; x_wconf 92' lang='lat' dir='ltr'>et</span> <span class='ocrx_word' id='word_1_194' title='bbox 889 1085 1074 1137; x_wconf 83' lang='lat' dir='ltr'>praeclaras</span> <span class='ocrx_word' id='word_1_195' title='bbox 1093 1090 1219 1137; x_wconf 86' lang='lat' dir='ltr'>accepit</span> <span class='ocrx_word' id='word_1_196' title='bbox 1239 1084 1446 1124; x_wconf 83' lang='lat' dir='ltr'>acceffiones.</span> <span class='ocrx_word' id='word_1_197' title='bbox 1496 1084 1582 1122; x_wconf 77' lang='lat' dir='ltr'>Basis</span> <span class='ocrx_word' id='word_1_198' title='bbox 1602 1086 1648 1123; x_wconf 86' lang='lat' dir='ltr'>est</span> <span class='ocrx_word' id='word_1_199' title='bbox 1673 1085 1793 1130; x_wconf 86' lang='lat' dir='ltr'>editio,</span> <span class='ocrx_word' id='word_1_200' title='bbox 1827 1100 1845 1123; x_wconf 80' lang='lat' dir='ltr'>a</span> <span class='ocrx_word' id='word_1_201' title='bbox 1867 1088 2012 1123; x_wconf 84' lang='lat' dir='ltr'>Graeuio</span> <span class='ocrx_word' id='word_1_202' title='bbox 2033 1096 2066 1122; x_wconf 86' lang='lat' dir='ltr'>et</span> 
     </span>
     <span class='ocr_line' id='line_1_17' title="bbox 317 1137 2065 1191; baseline -0.005 -8"><span class='ocrx_word' id='word_1_203' title='bbox 317 1146 451 1184; x_wconf 88' lang='lat' dir='ltr'>Clerico</span> <span class='ocrx_word' id='word_1_204' title='bbox 465 1152 595 1186; x_wconf 89' lang='lat' dir='ltr'>curata;</span> <span class='ocrx_word' id='word_1_205' title='bbox 623 1138 675 1176; x_wconf 89' lang='lat' dir='ltr'>sed</span> <span class='ocrx_word' id='word_1_206' title='bbox 689 1137 858 1176; x_wconf 82' lang='lat' dir='ltr'>hincinde</span> <span class='ocrx_word' id='word_1_207' title='bbox 872 1153 891 1176; x_wconf 93' lang='lat' dir='ltr'>e</span> <span class='ocrx_word' id='word_1_208' title='bbox 912 1138 1008 1177; x_wconf 90' lang='lat' dir='ltr'>codd.</span> <span class='ocrx_word' id='word_1_209' title='bbox 1025 1139 1218 1183; x_wconf 78' lang='lat' dir='ltr'>emendata,</span> <span class='ocrx_word' id='word_1_210' title='bbox 1244 1151 1277 1176; x_wconf 88' lang='lat' dir='ltr'>at</span> <span class='ocrx_word' id='word_1_211' title='bbox 1298 1151 1412 1176; x_wconf 87' lang='lat' dir='ltr'>tamen</span> <span class='ocrx_word' id='word_1_212' title='bbox 1434 1137 1522 1175; x_wconf 85' lang='lat' dir='ltr'>haud</span> <span class='ocrx_word' id='word_1_213' title='bbox 1545 1153 1648 1190; x_wconf 88' lang='lat' dir='ltr'>pauca</span> <span class='ocrx_word' id='word_1_214' title='bbox 1669 1150 1801 1191; x_wconf 88' lang='lat' dir='ltr'>peccata</span> <span class='ocrx_word' id='word_1_215' title='bbox 1823 1141 2065 1191; x_wconf 75' lang='lat' dir='ltr'>typographica</span> 
     </span>
     <span class='ocr_line' id='line_1_18' title="bbox 318 1190 2066 1244; baseline -0.005 -8"><span class='ocrx_word' id='word_1_216' title='bbox 318 1193 565 1236; x_wconf 83' lang='lat' dir='ltr'>remanserunt,</span> <span class='ocrx_word' id='word_1_217' title='bbox 595 1203 651 1229; x_wconf 87' lang='lat' dir='ltr'>aut</span> <span class='ocrx_word' id='word_1_218' title='bbox 674 1190 884 1229; x_wconf 81' lang='lat' dir='ltr'>accesserunt.</span> <span class='ocrx_word' id='word_1_219' title='bbox 937 1193 1180 1244; x_wconf 85' lang='lat' dir='ltr'>Excerptarum</span> <span class='ocrx_word' id='word_1_220' title='bbox 1203 1192 1410 1236; x_wconf 57' lang='lat' dir='ltr'>lectionum,</span> <span class='ocrx_word' id='word_1_221' title='bbox 1443 1205 1461 1227; x_wconf 84' lang='lat' dir='ltr'>a</span> <span class='ocrx_word' id='word_1_222' title='bbox 1483 1192 1617 1242; x_wconf 82' lang='lat' dir='ltr'>vulgata</span> <span class='ocrx_word' id='word_1_223' title='bbox 1640 1191 1883 1235; x_wconf 80' lang='lat' dir='ltr'>recedentium,</span> <span class='ocrx_word' id='word_1_224' title='bbox 1907 1203 1999 1243; x_wconf 77' lang='lat' dir='ltr'>parte</span> <span class='ocrx_word' id='word_1_225' title='bbox 2024 1190 2066 1228; x_wconf 78' lang='lat' dir='ltr'>ad</span> 
     </span>
     <span class='ocr_line' id='line_1_19' title="bbox 318 1242 2066 1298; baseline -0.005 -9"><span class='ocrx_word' id='word_1_226' title='bbox 318 1262 445 1289; x_wconf 80' lang='lat' dir='ltr'>textum</span> <span class='ocrx_word' id='word_1_227' title='bbox 464 1244 572 1298; x_wconf 88' lang='lat' dir='ltr'>ipsum</span> <span class='ocrx_word' id='word_1_228' title='bbox 589 1244 828 1294; x_wconf 84' lang='lat' dir='ltr'>corrigendum</span> <span class='ocrx_word' id='word_1_229' title='bbox 843 1242 915 1281; x_wconf 82' lang='lat' dir='ltr'>vsus</span> <span class='ocrx_word' id='word_1_230' title='bbox 930 1244 992 1291; x_wconf 81' lang='lat' dir='ltr'>est,</span> <span class='ocrx_word' id='word_1_231' title='bbox 1017 1245 1156 1296; x_wconf 83' lang='lat' dir='ltr'>reliquas</span> <span class='ocrx_word' id='word_1_232' title='bbox 1172 1257 1283 1282; x_wconf 80' lang='lat' dir='ltr'>autem</span> <span class='ocrx_word' id='word_1_233' title='bbox 1302 1244 1341 1282; x_wconf 87' lang='lat' dir='ltr'>ad</span> <span class='ocrx_word' id='word_1_234' title='bbox 1360 1246 1463 1281; x_wconf 78' lang='lat' dir='ltr'>finem</span> <span class='ocrx_word' id='word_1_235' title='bbox 1480 1248 1588 1295; x_wconf 86' lang='lat' dir='ltr'>operis</span> <span class='ocrx_word' id='word_1_236' title='bbox 1604 1249 1713 1282; x_wconf 87' lang='lat' dir='ltr'>reiecit</span> <span class='ocrx_word' id='word_1_237' title='bbox 1730 1243 1922 1288; x_wconf 83' lang='lat' dir='ltr'>Robinson,</span> <span class='ocrx_word' id='word_1_238' title='bbox 1949 1243 1973 1281; x_wconf 89' lang='lat' dir='ltr'>si</span> <span class='ocrx_word' id='word_1_239' title='bbox 1995 1247 2066 1295; x_wconf 75' lang='lat' dir='ltr'>quis</span> 
     </span>
     <span class='ocr_line' id='line_1_20' title="bbox 318 1295 2067 1349; baseline -0.005 -7"><span class='ocrx_word' id='word_1_240' title='bbox 318 1303 406 1342; x_wconf 77' lang='lat' dir='ltr'>forte</span> <span class='ocrx_word' id='word_1_241' title='bbox 425 1300 500 1337; x_wconf 91' lang='lat' dir='ltr'>inde</span> <span class='ocrx_word' id='word_1_242' title='bbox 517 1298 672 1336; x_wconf 80' lang='lat' dir='ltr'>meliores</span> <span class='ocrx_word' id='word_1_243' title='bbox 690 1299 848 1335; x_wconf 68' lang='lat' dir='ltr'>lectiones</span> <span class='ocrx_word' id='word_1_244' title='bbox 865 1312 978 1334; x_wconf 89' lang='lat' dir='ltr'>eruere</span> <span class='ocrx_word' id='word_1_245' title='bbox 993 1295 1117 1348; x_wconf 82' lang='lat' dir='ltr'>polTet:</span> <span class='ocrx_word' id='word_1_246' title='bbox 1145 1298 1237 1349; x_wconf 89' lang='lat' dir='ltr'>quod</span> <span class='ocrx_word' id='word_1_247' title='bbox 1252 1298 1348 1335; x_wconf 83' lang='lat' dir='ltr'>valde</span> <span class='ocrx_word' id='word_1_248' title='bbox 1363 1298 1623 1335; x_wconf 83' lang='lat' dir='ltr'>incommodum</span> <span class='ocrx_word' id='word_1_249' title='bbox 1639 1298 1693 1335; x_wconf 81' lang='lat' dir='ltr'>est.</span> <span class='ocrx_word' id='word_1_250' title='bbox 1746 1298 1871 1334; x_wconf 84' lang='lat' dir='ltr'>Habuit</span> <span class='ocrx_word' id='word_1_251' title='bbox 1894 1311 1974 1334; x_wconf 84' lang='lat' dir='ltr'>vero</span> <span class='ocrx_word' id='word_1_252' title='bbox 1999 1299 2067 1334; x_wconf 81' lang='lat' dir='ltr'>Ro-</span> 
     </span>
     <span class='ocr_line' id='line_1_21' title="bbox 319 1348 2067 1402; baseline -0.004 -9"><span class='ocrx_word' id='word_1_253' title='bbox 319 1353 400 1394; x_wconf 88' lang='lat' dir='ltr'>bins.</span> <span class='ocrx_word' id='word_1_254' title='bbox 417 1354 644 1402; x_wconf 88' lang='lat' dir='ltr'>Theogoniae</span> <span class='ocrx_word' id='word_1_255' title='bbox 659 1349 743 1387; x_wconf 88' lang='lat' dir='ltr'>duos</span> <span class='ocrx_word' id='word_1_256' title='bbox 760 1349 857 1386; x_wconf 90' lang='lat' dir='ltr'>codd.</span> <span class='ocrx_word' id='word_1_257' title='bbox 875 1365 892 1386; x_wconf 91' lang='lat' dir='ltr'>e</span> <span class='ocrx_word' id='word_1_258' title='bbox 906 1351 1103 1387; x_wconf 83' lang='lat' dir='ltr'>bibliotheca</span> <span class='ocrx_word' id='word_1_259' title='bbox 1122 1350 1320 1395; x_wconf 86' lang='lat' dir='ltr'>Bodleiana,</span> <span class='ocrx_word' id='word_1_260' title='bbox 1348 1361 1380 1388; x_wconf 89' lang='lat' dir='ltr'>et</span> <span class='ocrx_word' id='word_1_261' title='bbox 1393 1364 1498 1387; x_wconf 83' lang='lat' dir='ltr'>vnum</span> <span class='ocrx_word' id='word_1_262' title='bbox 1523 1365 1541 1388; x_wconf 91' lang='lat' dir='ltr'>e</span> <span class='ocrx_word' id='word_1_263' title='bbox 1562 1351 1760 1388; x_wconf 86' lang='lat' dir='ltr'>bibliotheca</span> <span class='ocrx_word' id='word_1_264' title='bbox 1782 1348 1942 1387; x_wconf 82' lang='lat' dir='ltr'>societatis</span> <span class='ocrx_word' id='word_1_265' title='bbox 1958 1354 2067 1400; x_wconf 84' lang='lat' dir='ltr'>regiae</span> 
     </span>
     <span class='ocr_line' id='line_1_22' title="bbox 319 1402 2067 1448; baseline -0.005 -1"><span class='ocrx_word' id='word_1_266' title='bbox 319 1404 547 1448; x_wconf 82' lang='lat' dir='ltr'>Londinenfis.</span> <span class='ocrx_word' id='word_1_267' title='bbox 603 1402 655 1441; x_wconf 74' lang='lat' dir='ltr'>Ad</span> <span class='ocrx_word' id='word_1_268' title='bbox 671 1417 808 1440; x_wconf 87' lang='lat' dir='ltr'>carmen</span> <span class='ocrx_word' id='word_1_269' title='bbox 825 1403 866 1439; x_wconf 91' lang='grc' dir='ltr'>Ο.</span> <span class='ocrx_word' id='word_1_270' title='bbox 885 1414 916 1439; x_wconf 85' lang='lat' dir='ltr'>et</span> <span class='ocrx_word' id='word_1_271' title='bbox 933 1404 983 1440; x_wconf 90' lang='lat' dir='ltr'>D.</span> <span class='ocrx_word' id='word_1_272' title='bbox 1000 1402 1250 1441; x_wconf 85' lang='lat' dir='ltr'>emendandum</span> <span class='ocrx_word' id='word_1_273' title='bbox 1264 1403 1411 1441; x_wconf 84' lang='lat' dir='ltr'>adhibuit</span> <span class='ocrx_word' id='word_1_274' title='bbox 1426 1415 1489 1440; x_wconf 80' lang='lat' dir='ltr'>tres</span> <span class='ocrx_word' id='word_1_275' title='bbox 1503 1403 1721 1444; x_wconf 80' lang='lat' dir='ltr'>Bodleianos,</span> <span class='ocrx_word' id='word_1_276' title='bbox 1753 1414 1784 1441; x_wconf 88' lang='lat' dir='ltr'>et</span> <span class='ocrx_word' id='word_1_277' title='bbox 1797 1418 1902 1441; x_wconf 88' lang='lat' dir='ltr'>vnum</span> <span class='ocrx_word' id='word_1_278' title='bbox 1919 1402 2067 1440; x_wconf 87' lang='lat' dir='ltr'>eiusdem</span> 
     </span>
     <span class='ocr_line' id='line_1_23' title="bbox 320 1455 2065 1508; baseline -0.005 -8"><span class='ocrx_word' id='word_1_279' title='bbox 320 1460 481 1500; x_wconf 85' lang='lat' dir='ltr'>societatis</span> <span class='ocrx_word' id='word_1_280' title='bbox 497 1460 624 1507; x_wconf 62' lang='lat' dir='ltr'>regiae,</span> <span class='ocrx_word' id='word_1_281' title='bbox 653 1467 818 1507; x_wconf 74' lang='lat' dir='ltr'>praeterea</span> <span class='ocrx_word' id='word_1_282' title='bbox 835 1459 938 1492; x_wconf 77' lang='lat' dir='ltr'>varius</span> <span class='ocrx_word' id='word_1_283' title='bbox 957 1456 1113 1493; x_wconf 67' lang='lat' dir='ltr'>lectiones</span> <span class='ocrx_word' id='word_1_284' title='bbox 1130 1457 1205 1494; x_wconf 90' lang='lat' dir='ltr'>cod.</span> <span class='ocrx_word' id='word_1_285' title='bbox 1221 1457 1435 1495; x_wconf 78' lang='lat' dir='ltr'>Coisliniani:</span> <span class='ocrx_word' id='word_1_286' title='bbox 1459 1455 1500 1494; x_wconf 85' lang='lat' dir='ltr'>ad</span> <span class='ocrx_word' id='word_1_287' title='bbox 1522 1458 1656 1493; x_wconf 74' lang='lat' dir='ltr'>Statum</span> <span class='ocrx_word' id='word_1_288' title='bbox 1676 1456 1819 1508; x_wconf 74' lang='lat' dir='ltr'>denique</span> <span class='ocrx_word' id='word_1_289' title='bbox 1838 1456 1993 1494; x_wconf 80' lang='lat' dir='ltr'>Herculis</span> <span class='ocrx_word' id='word_1_290' title='bbox 2013 1470 2065 1492; x_wconf 75' lang='lat' dir='ltr'>va-</span> 
     </span>
     <span class='ocr_line' id='line_1_24' title="bbox 321 1507 2066 1560; baseline -0.004 -9"><span class='ocrx_word' id='word_1_291' title='bbox 321 1519 383 1552; x_wconf 80' lang='lat' dir='ltr'>rias</span> <span class='ocrx_word' id='word_1_292' title='bbox 397 1514 555 1550; x_wconf 65' lang='lat' dir='ltr'>lectiones</span> <span class='ocrx_word' id='word_1_293' title='bbox 577 1509 717 1556; x_wconf 79' lang='lat' dir='ltr'>codicis,</span> <span class='ocrx_word' id='word_1_294' title='bbox 745 1512 800 1560; x_wconf 87' lang='lat' dir='ltr'>qui</span> <span class='ocrx_word' id='word_1_295' title='bbox 819 1513 851 1544; x_wconf 84' lang='lat' dir='ltr'>iii</span> <span class='ocrx_word' id='word_1_296' title='bbox 867 1509 1063 1545; x_wconf 83' lang='lat' dir='ltr'>bibliotheca</span> <span class='ocrx_word' id='word_1_297' title='bbox 1078 1512 1220 1546; x_wconf 86' lang='lat' dir='ltr'>Comitis</span> <span class='ocrx_word' id='word_1_298' title='bbox 1236 1508 1432 1546; x_wconf 80' lang='lat' dir='ltr'>Oxoniensis</span> <span class='ocrx_word' id='word_1_299' title='bbox 1447 1507 1520 1546; x_wconf 84' lang='lat' dir='ltr'>fuit.</span> <span class='ocrx_word' id='word_1_300' title='bbox 1575 1512 1602 1545; x_wconf 80' lang='lat' dir='ltr'>E</span> <span class='ocrx_word' id='word_1_301' title='bbox 1625 1510 1746 1546; x_wconf 88' lang='lat' dir='ltr'>Clerici</span> <span class='ocrx_word' id='word_1_302' title='bbox 1767 1509 1912 1547; x_wconf 87' lang='lat' dir='ltr'>editione</span> <span class='ocrx_word' id='word_1_303' title='bbox 1935 1511 2066 1546; x_wconf 86' lang='lat' dir='ltr'>retinuit</span> 
     </span>
     <span class='ocr_line' id='line_1_25' title="bbox 320 1559 2068 1617; baseline -0.003 -13"><span class='ocrx_word' id='word_1_304' title='bbox 320 1567 628 1617; x_wconf 85' lang='lat' dir='ltr'>interpretationem</span> <span class='ocrx_word' id='word_1_305' title='bbox 655 1562 812 1604; x_wconf 82' lang='lat' dir='ltr'>latinam,</span> <span class='ocrx_word' id='word_1_306' title='bbox 838 1563 915 1597; x_wconf 80' lang='lat' dir='ltr'>hinc</span> <span class='ocrx_word' id='word_1_307' title='bbox 938 1560 1014 1598; x_wconf 90' lang='lat' dir='ltr'>inde</span> <span class='ocrx_word' id='word_1_308' title='bbox 1034 1576 1053 1598; x_wconf 87' lang='lat' dir='ltr'>a</span> <span class='ocrx_word' id='word_1_309' title='bbox 1070 1559 1102 1598; x_wconf 92' lang='lat' dir='ltr'>se</span> <span class='ocrx_word' id='word_1_310' title='bbox 1117 1565 1322 1604; x_wconf 68' lang='lat' dir='ltr'>correctam,</span> <span class='ocrx_word' id='word_1_311' title='bbox 1350 1571 1443 1598; x_wconf 85' lang='lat' dir='ltr'>notas</span> <span class='ocrx_word' id='word_1_312' title='bbox 1465 1563 1690 1611; x_wconf 83' lang='lat' dir='ltr'>Scaligeranas</span> <span class='ocrx_word' id='word_1_313' title='bbox 1716 1574 1747 1598; x_wconf 89' lang='lat' dir='ltr'>et</span> <span class='ocrx_word' id='word_1_314' title='bbox 1768 1562 1964 1600; x_wconf 81' lang='lat' dir='ltr'>Heinfianas</span> <span class='ocrx_word' id='word_1_315' title='bbox 1989 1565 2068 1598; x_wconf 84' lang='lat' dir='ltr'>inte-</span> 
     </span>
    </p>

    <p class='ocr_par' dir='ltr' id='par_1_7' title="bbox 320 1611 2170 2422">
     <span class='ocr_line' id='line_1_26' title="bbox 346 1611 2068 1666; baseline -0.004 -10"><span class='ocrx_word' id='word_1_316' title='bbox 346 1633 414 1666; x_wconf 82' lang='lat' dir='ltr'>ras;</span> <span class='ocrx_word' id='word_1_317' title='bbox 441 1619 549 1654; x_wconf 90' lang='lat' dir='ltr'>Guieti</span> <span class='ocrx_word' id='word_1_318' title='bbox 565 1626 675 1652; x_wconf 87' lang='lat' dir='ltr'>autem</span> <span class='ocrx_word' id='word_1_319' title='bbox 691 1625 721 1651; x_wconf 89' lang='lat' dir='ltr'>et</span> <span class='ocrx_word' id='word_1_320' title='bbox 735 1614 856 1651; x_wconf 85' lang='lat' dir='ltr'>Clerici</span> <span class='ocrx_word' id='word_1_321' title='bbox 875 1611 1026 1656; x_wconf 64' lang='lat' dir='ltr'>selectas.</span> <span class='ocrx_word' id='word_1_322' title='bbox 1053 1616 1168 1666; x_wconf 85' lang='lat' dir='ltr'>quibus</span> <span class='ocrx_word' id='word_1_323' title='bbox 1187 1613 1257 1652; x_wconf 79' lang='lat' dir='ltr'>suas</span> <span class='ocrx_word' id='word_1_324' title='bbox 1275 1613 1342 1665; x_wconf 86' lang='lat' dir='ltr'>ipse</span> <span class='ocrx_word' id='word_1_325' title='bbox 1359 1612 1539 1650; x_wconf 85' lang='lat' dir='ltr'>immiscuit</span> <span class='ocrx_word' id='word_1_326' title='bbox 1555 1626 1588 1650; x_wconf 91' lang='lat' dir='ltr'>vt</span> <span class='ocrx_word' id='word_1_327' title='bbox 1611 1615 1771 1665; x_wconf 78' lang='lat' dir='ltr'>plurimas</span> <span class='ocrx_word' id='word_1_328' title='bbox 1796 1618 1944 1658; x_wconf 78' lang='lat' dir='ltr'>criticas,</span> <span class='ocrx_word' id='word_1_329' title='bbox 1970 1617 2068 1651; x_wconf 83' lang='lat' dir='ltr'>iuter.</span> 
     </span>
     <span class='ocr_line' id='line_1_27' title="bbox 320 1634 2068 1720; baseline -0.002 -12"><span class='ocrx_word' id='word_1_330' title='bbox 320 1634 405 1710; x_wconf 58' lang='lat' dir='ltr'>{um</span> <span class='ocrx_word' id='word_1_331' title='bbox 429 1671 679 1720; x_wconf 82' lang='lat' dir='ltr'>grammaticas,</span> <span class='ocrx_word' id='word_1_332' title='bbox 709 1681 792 1717; x_wconf 84' lang='lat' dir='ltr'>quae</span> <span class='ocrx_word' id='word_1_333' title='bbox 816 1665 869 1703; x_wconf 80' lang='lat' dir='ltr'>vel</span> <span class='ocrx_word' id='word_1_334' title='bbox 888 1665 1055 1704; x_wconf 82' lang='lat' dir='ltr'>formulas</span> <span class='ocrx_word' id='word_1_335' title='bbox 1076 1667 1235 1719; x_wconf 90' lang='lat' dir='ltr'>loquendi</span> <span class='ocrx_word' id='word_1_336' title='bbox 1258 1667 1310 1704; x_wconf 88' lang='lat' dir='ltr'>vel</span> <span class='ocrx_word' id='word_1_337' title='bbox 1328 1664 1459 1702; x_wconf 89' lang='lat' dir='ltr'>sensum</span> <span class='ocrx_word' id='word_1_338' title='bbox 1483 1665 1638 1703; x_wconf 87' lang='lat' dir='ltr'>versuum</span> <span class='ocrx_word' id='word_1_339' title='bbox 1659 1667 1845 1717; x_wconf 78' lang='lat' dir='ltr'>explicant,</span> <span class='ocrx_word' id='word_1_340' title='bbox 1877 1658 2068 1704; x_wconf 73' lang='lat' dir='ltr'>discessione</span> 
     </span>
     <span class='ocr_line' id='line_1_28' title="bbox 322 1717 2068 1771; baseline -0.005 -8"><span class='ocrx_word' id='word_1_341' title='bbox 322 1723 492 1764; x_wconf 88' lang='lat' dir='ltr'>interdum</span> <span class='ocrx_word' id='word_1_342' title='bbox 508 1722 549 1758; x_wconf 84' lang='lat' dir='ltr'>ab</span> <span class='ocrx_word' id='word_1_343' title='bbox 563 1719 768 1771; x_wconf 85' lang='lat' dir='ltr'>expositione</span> <span class='ocrx_word' id='word_1_344' title='bbox 784 1717 991 1770; x_wconf 89' lang='lat' dir='ltr'>superiorum</span> <span class='ocrx_word' id='word_1_345' title='bbox 1008 1723 1246 1771; x_wconf 82' lang='lat' dir='ltr'>interpretum,</span> <span class='ocrx_word' id='word_1_346' title='bbox 1269 1722 1445 1770; x_wconf 83' lang='lat' dir='ltr'>praecipue</span> <span class='ocrx_word' id='word_1_347' title='bbox 1460 1719 1587 1756; x_wconf 85' lang='lat' dir='ltr'>Heinsii</span> <span class='ocrx_word' id='word_1_348' title='bbox 1603 1730 1634 1756; x_wconf 90' lang='lat' dir='ltr'>et</span> <span class='ocrx_word' id='word_1_349' title='bbox 1649 1719 1789 1763; x_wconf 80' lang='lat' dir='ltr'>Clerici,</span> <span class='ocrx_word' id='word_1_350' title='bbox 1813 1717 1919 1762; x_wconf 66' lang='lat' dir='ltr'>facta,</span> <span class='ocrx_word' id='word_1_351' title='bbox 1945 1731 1976 1756; x_wconf 88' lang='lat' dir='ltr'>et</span> <span class='ocrx_word' id='word_1_352' title='bbox 2001 1718 2068 1770; x_wconf 82' lang='lat' dir='ltr'>ple.</span> 
     </span>
     <span class='ocr_line' id='line_1_29' title="bbox 323 1770 2070 1828; baseline -0.003 -14"><span class='ocrx_word' id='word_1_353' title='bbox 323 1790 467 1828; x_wconf 83' lang='lat' dir='ltr'>mmque</span> <span class='ocrx_word' id='word_1_354' title='bbox 481 1774 567 1811; x_wconf 68' lang='lat' dir='ltr'>dicia</span> <span class='ocrx_word' id='word_1_355' title='bbox 582 1771 636 1810; x_wconf 85' lang='lat' dir='ltr'>sua</span> <span class='ocrx_word' id='word_1_356' title='bbox 654 1783 803 1809; x_wconf 85' lang='lat' dir='ltr'>veterum</span> <span class='ocrx_word' id='word_1_357' title='bbox 817 1775 1118 1822; x_wconf 82' lang='lat' dir='ltr'>grammaticorum</span> <span class='ocrx_word' id='word_1_358' title='bbox 1135 1775 1329 1810; x_wconf 66' lang='lat' dir='ltr'>auctoritate</span> <span class='ocrx_word' id='word_1_359' title='bbox 1343 1773 1569 1810; x_wconf 73' lang='lat' dir='ltr'>confirmauit.</span> <span class='ocrx_word' id='word_1_360' title='bbox 1623 1775 1809 1808; x_wconf 86' lang='lat' dir='ltr'>Enimuero</span> <span class='ocrx_word' id='word_1_361' title='bbox 1828 1785 1936 1824; x_wconf 87' lang='lat' dir='ltr'>neque</span> <span class='ocrx_word' id='word_1_362' title='bbox 1953 1770 2070 1809; x_wconf 85' lang='lat' dir='ltr'>editio·</span> 
     </span>
     <span class='ocr_line' id='line_1_30' title="bbox 324 1822 2068 1875; baseline -0.004 -6"><span class='ocrx_word' id='word_1_363' title='bbox 324 1845 382 1869; x_wconf 79' lang='lat' dir='ltr'>nes</span> <span class='ocrx_word' id='word_1_364' title='bbox 399 1826 537 1866; x_wconf 82' lang='lat' dir='ltr'>vetustas</span> <span class='ocrx_word' id='word_1_365' title='bbox 554 1826 715 1872; x_wconf 87' lang='lat' dir='ltr'>contulit,</span> <span class='ocrx_word' id='word_1_366' title='bbox 736 1838 798 1862; x_wconf 92' lang='lat' dir='ltr'>nec</span> <span class='ocrx_word' id='word_1_367' title='bbox 813 1836 947 1875; x_wconf 88' lang='lat' dir='ltr'>poetam</span> <span class='ocrx_word' id='word_1_368' title='bbox 964 1838 1003 1861; x_wconf 85' lang='lat' dir='ltr'>ex</span> <span class='ocrx_word' id='word_1_369' title='bbox 1020 1825 1166 1862; x_wconf 84' lang='lat' dir='ltr'>instituto</span> <span class='ocrx_word' id='word_1_370' title='bbox 1181 1827 1348 1867; x_wconf 62' lang='lat' dir='ltr'>tractauit,</span> <span class='ocrx_word' id='word_1_371' title='bbox 1376 1822 1430 1861; x_wconf 90' lang='lat' dir='ltr'>sed</span> <span class='ocrx_word' id='word_1_372' title='bbox 1444 1825 1539 1862; x_wconf 86' lang='lat' dir='ltr'>locos</span> <span class='ocrx_word' id='word_1_373' title='bbox 1557 1839 1619 1862; x_wconf 82' lang='lat' dir='ltr'>nee</span> <span class='ocrx_word' id='word_1_374' title='bbox 1636 1824 1823 1862; x_wconf 83' lang='lat' dir='ltr'>admodum</span> <span class='ocrx_word' id='word_1_375' title='bbox 1842 1825 1980 1869; x_wconf 77' lang='lat' dir='ltr'>multos,</span> <span class='ocrx_word' id='word_1_376' title='bbox 2006 1838 2068 1862; x_wconf 84' lang='lat' dir='ltr'>nee</span> 
     </span>
     <span class='ocr_line' id='line_1_31' title="bbox 325 1876 2069 1930; baseline -0.003 -9"><span class='ocrx_word' id='word_1_377' title='bbox 325 1885 424 1921; x_wconf 75' lang='lat' dir='ltr'>nimis</span> <span class='ocrx_word' id='word_1_378' title='bbox 450 1879 626 1930; x_wconf 81' lang='lat' dir='ltr'>impeditos</span> <span class='ocrx_word' id='word_1_379' title='bbox 645 1877 757 1914; x_wconf 83' lang='lat' dir='ltr'>sumsit</span> <span class='ocrx_word' id='word_1_380' title='bbox 778 1876 834 1914; x_wconf 81' lang='lat' dir='ltr'>sibi</span> <span class='ocrx_word' id='word_1_381' title='bbox 861 1876 1090 1928; x_wconf 73' lang='lat' dir='ltr'>explicandos,</span> <span class='ocrx_word' id='word_1_382' title='bbox 1123 1878 1233 1929; x_wconf 90' lang='lat' dir='ltr'>quod,</span> <span class='ocrx_word' id='word_1_383' title='bbox 1261 1889 1294 1914; x_wconf 85' lang='lat' dir='ltr'>vt</span> <span class='ocrx_word' id='word_1_384' title='bbox 1315 1881 1376 1918; x_wconf 82' lang='lat' dir='ltr'>ait.</span> <span class='ocrx_word' id='word_1_385' title='bbox 1400 1877 1547 1928; x_wconf 80' lang='lat' dir='ltr'>operosis</span> <span class='ocrx_word' id='word_1_386' title='bbox 1567 1881 1816 1915; x_wconf 81' lang='lat' dir='ltr'>commentariis</span> <span class='ocrx_word' id='word_1_387' title='bbox 1841 1881 1875 1914; x_wconf 89' lang='lat' dir='ltr'>in</span> <span class='ocrx_word' id='word_1_388' title='bbox 1901 1891 1952 1915; x_wconf 75' lang='lat' dir='ltr'>ret</span> <span class='ocrx_word' id='word_1_389' title='bbox 1975 1877 2069 1915; x_wconf 69' lang='lat' dir='ltr'>nihili</span> 
     </span>
     <span class='ocr_line' id='line_1_32' title="bbox 326 1929 2146 1986; baseline -0.003 -14"><span class='ocrx_word' id='word_1_390' title='bbox 326 1939 506 1986; x_wconf 85' lang='lat' dir='ltr'>patientem</span> <span class='ocrx_word' id='word_1_391' title='bbox 530 1932 690 1969; x_wconf 72' lang='lat' dir='ltr'>lcc‘lorem</span> <span class='ocrx_word' id='word_1_392' title='bbox 715 1930 822 1967; x_wconf 85' lang='lat' dir='ltr'>noluit</span> <span class='ocrx_word' id='word_1_393' title='bbox 845 1944 1072 1981; x_wconf 83' lang='lat' dir='ltr'>praegrauare.</span> <span class='ocrx_word' id='word_1_394' title='bbox 1127 1931 1254 1968; x_wconf 79' lang='lat' dir='ltr'>Adiecit</span> <span class='ocrx_word' id='word_1_395' title='bbox 1279 1932 1451 1968; x_wconf 67' lang='lat' dir='ltr'>Lectiones</span> <span class='ocrx_word' id='word_1_396' title='bbox 1474 1933 1608 1968; x_wconf 87' lang='lat' dir='ltr'>Graeuii</span> <span class='ocrx_word' id='word_1_397' title='bbox 1630 1930 1830 1974; x_wconf 78' lang='lat' dir='ltr'>Hefiodeas,</span> <span class='ocrx_word' id='word_1_398' title='bbox 1854 1941 1886 1967; x_wconf 91' lang='lat' dir='ltr'>et</span> <span class='ocrx_word' id='word_1_399' title='bbox 1907 1941 2005 1982; x_wconf 76' lang='lat' dir='ltr'>caput</span> <span class='ocrx_word' id='word_1_400' title='bbox 2027 1929 2070 1968; x_wconf 83' lang='lat' dir='ltr'>de</span> <span class='ocrx_word' id='word_1_401' title='bbox 2143 1967 2146 1981; x_wconf 47' lang='grc' dir='ltr'>Ι</span> 
     </span>
     <span class='ocr_line' id='line_1_33' title="bbox 327 1981 2148 2032; baseline -0.003 -7"><span class='ocrx_word' id='word_1_402' title='bbox 327 1985 479 2026; x_wconf 80' lang='lat' dir='ltr'>Hesiodo</span> <span class='ocrx_word' id='word_1_403' title='bbox 493 1999 511 2022; x_wconf 93' lang='lat' dir='ltr'>e</span> <span class='ocrx_word' id='word_1_404' title='bbox 530 1984 726 2021; x_wconf 87' lang='lat' dir='ltr'>bibliotheca</span> <span class='ocrx_word' id='word_1_405' title='bbox 740 1983 850 2020; x_wconf 81' lang='lat' dir='ltr'>nostra</span> <span class='ocrx_word' id='word_1_406' title='bbox 864 1996 932 2032; x_wconf 69' lang='lat' dir='ltr'>gn,</span> <span class='ocrx_word' id='word_1_407' title='bbox 955 1983 1065 2020; x_wconf 83' lang='lat' dir='ltr'>omisit</span> <span class='ocrx_word' id='word_1_408' title='bbox 1082 1998 1161 2020; x_wconf 91' lang='lat' dir='ltr'>vero</span> <span class='ocrx_word' id='word_1_409' title='bbox 1181 1982 1465 2020; x_wconf 69' lang='lat' dir='ltr'>introductionem</span> <span class='ocrx_word' id='word_1_410' title='bbox 1484 1982 1698 2020; x_wconf 80' lang='lat' dir='ltr'>Heinfianam</span> <span class='ocrx_word' id='word_1_411' title='bbox 1720 1994 1754 2020; x_wconf 92' lang='lat' dir='ltr'>et</span> <span class='ocrx_word' id='word_1_412' title='bbox 1774 1982 1918 2020; x_wconf 88' lang='lat' dir='ltr'>indicem</span> <span class='ocrx_word' id='word_1_413' title='bbox 1933 1981 2068 2020; x_wconf 70' lang='lat' dir='ltr'>rasoris.</span> <span class='ocrx_word' id='word_1_414' title='bbox 2142 2014 2148 2021; x_wconf 83' lang='lat'>.</span> 
     </span>
     <span class='ocr_line' id='line_1_34' title="bbox 330 2034 2068 2088; baseline -0.003 -10"><span class='ocrx_word' id='word_1_415' title='bbox 330 2039 463 2078; x_wconf 75' lang='lat' dir='ltr'>Addidit</span> <span class='ocrx_word' id='word_1_416' title='bbox 481 2051 615 2088; x_wconf 84' lang='lat' dir='ltr'>quoque</span> <span class='ocrx_word' id='word_1_417' title='bbox 630 2039 808 2073; x_wconf 86' lang='lat' dir='ltr'>Certamen</span> <span class='ocrx_word' id='word_1_418' title='bbox 833 2037 977 2073; x_wconf 82' lang='lat' dir='ltr'>Homeri</span> <span class='ocrx_word' id='word_1_419' title='bbox 999 2048 1029 2074; x_wconf 85' lang='lat' dir='ltr'>et</span> <span class='ocrx_word' id='word_1_420' title='bbox 1054 2036 1193 2074; x_wconf 81' lang='lat' dir='ltr'>Hesiodi</span> <span class='ocrx_word' id='word_1_421' title='bbox 1208 2051 1286 2074; x_wconf 86' lang='lat' dir='ltr'>cum</span> <span class='ocrx_word' id='word_1_422' title='bbox 1309 2034 1364 2072; x_wconf 87' lang='lat' dir='ltr'>sua</span> <span class='ocrx_word' id='word_1_423' title='bbox 1386 2034 1534 2073; x_wconf 85' lang='lat' dir='ltr'>versione</span> <span class='ocrx_word' id='word_1_424' title='bbox 1556 2036 1657 2073; x_wconf 84' lang='lat' dir='ltr'>latina</span> <span class='ocrx_word' id='word_1_425' title='bbox 1679 2048 1777 2087; x_wconf 87' lang='lat' dir='ltr'>atque</span> <span class='ocrx_word' id='word_1_426' title='bbox 1800 2036 2068 2074; x_wconf 71' lang='lat' dir='ltr'>adnotationibus</span> 
     </span>
     <span class='ocr_line' id='line_1_35' title="bbox 329 2087 2069 2140; baseline -0.001 -12"><span class='ocrx_word' id='word_1_427' title='bbox 329 2092 392 2130; x_wconf 82' lang='lat' dir='ltr'>los.</span> <span class='ocrx_word' id='word_1_428' title='bbox 410 2090 568 2133; x_wconf 82' lang='lat' dir='ltr'>Barnesii,</span> <span class='ocrx_word' id='word_1_429' title='bbox 595 2100 626 2126; x_wconf 89' lang='lat' dir='ltr'>et</span> <span class='ocrx_word' id='word_1_430' title='bbox 643 2087 912 2140; x_wconf 83' lang='lat' dir='ltr'>fragmentorum</span> <span class='ocrx_word' id='word_1_431' title='bbox 931 2088 1178 2127; x_wconf 84' lang='lat' dir='ltr'>Hesiodeorum</span> <span class='ocrx_word' id='word_1_432' title='bbox 1195 2103 1376 2127; x_wconf 87' lang='lat' dir='ltr'>numerum</span> <span class='ocrx_word' id='word_1_433' title='bbox 1393 2092 1491 2128; x_wconf 87' lang='lat' dir='ltr'>auxit.</span> <span class='ocrx_word' id='word_1_434' title='bbox 1543 2090 1739 2133; x_wconf 83' lang='lat' dir='ltr'>(Certamen</span> <span class='ocrx_word' id='word_1_435' title='bbox 1753 2100 1866 2127; x_wconf 75' lang='lat' dir='ltr'>tamen</span> <span class='ocrx_word' id='word_1_436' title='bbox 1887 2092 1953 2126; x_wconf 87' lang='lat' dir='ltr'>iam</span> <span class='ocrx_word' id='word_1_437' title='bbox 1973 2099 2069 2126; x_wconf 74' lang='lat' dir='ltr'>ante·</span> 
     </span>
     <span class='ocr_line' id='line_1_36' title="bbox 330 2141 2069 2195; baseline -0.001 -15"><span class='ocrx_word' id='word_1_438' title='bbox 330 2160 348 2183; x_wconf 90' lang='lat' dir='ltr'>e</span> <span class='ocrx_word' id='word_1_439' title='bbox 363 2158 482 2195; x_wconf 83' lang='lat' dir='ltr'>graeco</span> <span class='ocrx_word' id='word_1_440' title='bbox 501 2147 534 2179; x_wconf 89' lang='lat' dir='ltr'>in</span> <span class='ocrx_word' id='word_1_441' title='bbox 548 2143 688 2179; x_wconf 82' lang='lat' dir='ltr'>latinum</span> <span class='ocrx_word' id='word_1_442' title='bbox 703 2142 909 2186; x_wconf 64' lang='lat' dir='ltr'>transtulerat</span> <span class='ocrx_word' id='word_1_443' title='bbox 926 2144 987 2178; x_wconf 80' lang='lat' dir='ltr'>lac.</span> <span class='ocrx_word' id='word_1_444' title='bbox 1006 2143 1147 2193; x_wconf 82' lang='lat' dir='ltr'>Philipp.</span> <span class='ocrx_word' id='word_1_445' title='bbox 1161 2144 1368 2192; x_wconf 82' lang='lat' dir='ltr'>Terzagius,</span> <span class='ocrx_word' id='word_1_446' title='bbox 1392 2141 1668 2187; x_wconf 71' lang='lat' dir='ltr'>mediolanensis,</span> <span class='ocrx_word' id='word_1_447' title='bbox 1693 2142 1771 2179; x_wconf 82' lang='lat' dir='ltr'>teste</span> <span class='ocrx_word' id='word_1_448' title='bbox 1784 2142 1923 2180; x_wconf 86' lang='lat' dir='ltr'>Ghilino</span> <span class='ocrx_word' id='word_1_449' title='bbox 1938 2142 1976 2182; x_wconf 83' lang='lat' dir='ltr'>ll.</span> <span class='ocrx_word' id='word_1_450' title='bbox 1991 2154 2069 2193; x_wconf 82' lang='lat' dir='ltr'>pag.</span> 
     </span>
     <span class='ocr_line' id='line_1_37' title="bbox 332 2187 2139 2245; baseline -0.002 -10"><span class='ocrx_word' id='word_1_451' title='bbox 332 2211 393 2235; x_wconf 74' lang='lat' dir='ltr'>ua.</span> <span class='ocrx_word' id='word_1_452' title='bbox 412 2209 441 2234; x_wconf 89' lang='lat' dir='ltr'>et</span> <span class='ocrx_word' id='word_1_453' title='bbox 457 2198 522 2231; x_wconf 75' lang='lat' dir='ltr'>iac.</span> <span class='ocrx_word' id='word_1_454' title='bbox 539 2195 697 2231; x_wconf 87' lang='lat' dir='ltr'>Piciiiello</span> <span class='ocrx_word' id='word_1_455' title='bbox 714 2209 744 2245; x_wconf 89' lang='lat' dir='ltr'>p.</span> <span class='ocrx_word' id='word_1_456' title='bbox 759 2207 829 2239; x_wconf 76' lang='lat'>²⁴3-</span> <span class='ocrx_word' id='word_1_457' title='bbox 848 2197 1006 2231; x_wconf 77' lang='lat' dir='ltr'>Athenaei</span> <span class='ocrx_word' id='word_1_458' title='bbox 1026 2194 1234 2232; x_wconf 85' lang='lat' dir='ltr'>eruditorum</span> <span class='ocrx_word' id='word_1_459' title='bbox 1249 2194 1566 2238; x_wconf 75' lang='lat' dir='ltr'>Mediolanfflfium,</span> <span class='ocrx_word' id='word_1_460' title='bbox 1581 2206 1614 2232; x_wconf 89' lang='lat' dir='ltr'>et</span> <span class='ocrx_word' id='word_1_461' title='bbox 1628 2195 1776 2232; x_wconf 73' lang='lat' dir='ltr'>Fabricio</span> <span class='ocrx_word' id='word_1_462' title='bbox 1792 2193 1833 2231; x_wconf 85' lang='lat' dir='ltr'>ad</span> <span class='ocrx_word' id='word_1_463' title='bbox 1848 2208 1945 2231; x_wconf 88' lang='lat' dir='ltr'>oram</span> <span class='ocrx_word' id='word_1_464' title='bbox 1960 2208 2070 2232; x_wconf 80' lang='lat' dir='ltr'>exem·</span> <span class='ocrx_word' id='word_1_465' title='bbox 2116 2207 2124 2220; x_wconf 89' lang='lat'><strong><em>¹</em></strong></span> <span class='ocrx_word' id='word_1_466' title='bbox 2138 2187 2139 2198; x_wconf 43' lang='lat'>¹</span> 
     </span>
     <span class='ocr_line' id='line_1_38' title="bbox 332 2244 2070 2300; baseline -0.001 -15"><span class='ocrx_word' id='word_1_467' title='bbox 332 2251 428 2300; x_wconf 66' lang='lat' dir='ltr'>plaris</span> <span class='ocrx_word' id='word_1_468' title='bbox 445 2246 491 2285; x_wconf 88' lang='lat' dir='ltr'>sui</span> <span class='ocrx_word' id='word_1_469' title='bbox 509 2246 712 2292; x_wconf 71' lang='lat' dir='ltr'>adnotaiite.)</span> <span class='ocrx_word' id='word_1_470' title='bbox 765 2245 1032 2284; x_wconf 78' lang='lat' dir='ltr'>Differtatioiieiu</span> <span class='ocrx_word' id='word_1_471' title='bbox 1048 2260 1158 2285; x_wconf 82' lang='lat' dir='ltr'>autem</span> <span class='ocrx_word' id='word_1_472' title='bbox 1174 2247 1214 2284; x_wconf 88' lang='lat' dir='ltr'>de</span> <span class='ocrx_word' id='word_1_473' title='bbox 1228 2251 1304 2290; x_wconf 79' lang='lat' dir='ltr'>vita,</span> <span class='ocrx_word' id='word_1_474' title='bbox 1320 2244 1443 2297; x_wconf 84' lang='lat' dir='ltr'>scriptis</span> <span class='ocrx_word' id='word_1_475' title='bbox 1458 2258 1489 2284; x_wconf 84' lang='lat' dir='ltr'>et</span> <span class='ocrx_word' id='word_1_476' title='bbox 1506 2258 1608 2284; x_wconf 84' lang='lat' dir='ltr'>aetate</span> <span class='ocrx_word' id='word_1_477' title='bbox 1626 2246 1764 2284; x_wconf 72' lang='lat' dir='ltr'>Hesiodi·</span> <span class='ocrx_word' id='word_1_478' title='bbox 1780 2247 1915 2284; x_wconf 70' lang='lat' dir='ltr'>doctam</span> <span class='ocrx_word' id='word_1_479' title='bbox 1931 2250 2070 2298; x_wconf 64' lang='lat' dir='ltr'>praemi·</span> 
     </span>
     <span class='ocr_line' id='line_1_39' title="bbox 332 2296 2166 2351; baseline -0.001 -12"><span class='ocrx_word' id='word_1_480' title='bbox 332 2304 368 2339; x_wconf 87' lang='lat' dir='ltr'>sit</span> <span class='ocrx_word' id='word_1_481' title='bbox 385 2298 458 2336; x_wconf 79' lang='lat' dir='ltr'>suae</span> <span class='ocrx_word' id='word_1_482' title='bbox 476 2299 630 2341; x_wconf 67' lang='lat' dir='ltr'>cdiiioiii,</span> <span class='ocrx_word' id='word_1_483' title='bbox 659 2300 865 2349; x_wconf 73' lang='lat' dir='ltr'>locupletiori</span> <span class='ocrx_word' id='word_1_484' title='bbox 880 2299 1014 2350; x_wconf 84' lang='lat' dir='ltr'>quidem</span> <span class='ocrx_word' id='word_1_485' title='bbox 1029 2313 1059 2336; x_wconf 81' lang='lat' dir='ltr'>et</span> <span class='ocrx_word' id='word_1_486' title='bbox 1082 2304 1241 2338; x_wconf 88' lang='lat' dir='ltr'>ornatiori</span> <span class='ocrx_word' id='word_1_487' title='bbox 1268 2300 1419 2350; x_wconf 83' lang='lat' dir='ltr'>plurimis</span> <span class='ocrx_word' id='word_1_488' title='bbox 1440 2298 1667 2351; x_wconf 82' lang='lat' dir='ltr'>superiorum,</span> <span class='ocrx_word' id='word_1_489' title='bbox 1694 2304 1746 2336; x_wconf 89' lang='lat' dir='ltr'>cui</span> <span class='ocrx_word' id='word_1_490' title='bbox 1765 2312 1877 2337; x_wconf 86' lang='lat' dir='ltr'>tamen</span> <span class='ocrx_word' id='word_1_491' title='bbox 1892 2300 1997 2337; x_wconf 81' lang='lat' dir='ltr'>multa</span> <span class='ocrx_word' id='word_1_492' title='bbox 2015 2299 2070 2337; x_wconf 82' lang='lat' dir='ltr'>de·</span> <span class='ocrx_word' id='word_1_493' title='bbox 2132 2335 2139 2350; x_wconf 66' lang='grc'><strong><em>,</em></strong></span> <span class='ocrx_word' id='word_1_494' title='bbox 2164 2296 2166 2299; x_wconf 45' lang='grc'>’</span> 
     </span>
     <span class='ocr_line' id='line_1_40' title="bbox 331 2334 2170 2422; baseline -0.002 -32"><span class='ocrx_word' id='word_1_495' title='bbox 331 2351 405 2391; x_wconf 89' lang='lat' dir='ltr'>sunt</span> <span class='ocrx_word' id='word_1_496' title='bbox 420 2352 459 2387; x_wconf 84' lang='lat' dir='ltr'>ad</span> <span class='ocrx_word' id='word_1_497' title='bbox 478 2366 578 2387; x_wconf 86' lang='lat' dir='ltr'>oiiiiie</span> <span class='ocrx_word' id='word_1_498' title='bbox 596 2354 757 2400; x_wconf 66' lang='lat' dir='ltr'>punciuin</span> <span class='ocrx_word' id='word_1_499' title='bbox 772 2350 960 2390; x_wconf 88' lang='lat' dir='ltr'>ferendum.</span> <span class='ocrx_word' id='word_1_500' title='bbox 1014 2352 1142 2391; x_wconf 79' lang='lat' dir='ltr'>Confer</span> <span class='ocrx_word' id='word_1_501' title='bbox 1160 2356 1257 2391; x_wconf 83' lang='lat' dir='ltr'>Noua</span> <span class='ocrx_word' id='word_1_502' title='bbox 1276 2355 1356 2390; x_wconf 68' lang='lat' dir='ltr'>Aci·</span> <span class='ocrx_word' id='word_1_503' title='bbox 1373 2352 1500 2390; x_wconf 78' lang='lat' dir='ltr'>Erudit.</span> <span class='ocrx_word' id='word_1_504' title='bbox 1517 2351 1619 2390; x_wconf 84' lang='lat' dir='ltr'>ruens.</span> <span class='ocrx_word' id='word_1_505' title='bbox 1635 2354 1727 2391; x_wconf 85' lang='lat' dir='ltr'>Febr.</span> <span class='ocrx_word' id='word_1_506' title='bbox 1743 2360 1828 2399; x_wconf 75' lang='lat'>1738.</span> <span class='ocrx_word' id='word_1_507' title='bbox 1851 2366 1927 2405; x_wconf 78' lang='lat' dir='ltr'>pag.</span> <span class='ocrx_word' id='word_1_508' title='bbox 1943 2365 1988 2401; x_wconf 70' lang='grc'>49</span> <span class='ocrx_word' id='word_1_509' title='bbox 2004 2350 2070 2404; x_wconf 80' lang='lat' dir='ltr'>sqq.</span> <span class='ocrx_word' id='word_1_510' title='bbox 2132 2334 2170 2422; x_wconf 46' lang='lat'>¹:</span> 
     </span>
    </p>
   </div>
   <div class='ocr_carea' id='block_1_6' title="bbox 332 2403 2154 2505">
    <p class='ocr_par' dir='ltr' id='par_1_8' title="bbox 332 2403 2154 2505">
     <span class='ocr_line' id='line_1_41' title="bbox 334 2403 2139 2466; baseline 0.001 -23"><span class='ocrx_word' id='word_1_511' title='bbox 334 2419 365 2443; x_wconf 92' lang='lat' dir='ltr'>et</span> <span class='ocrx_word' id='word_1_512' title='bbox 382 2405 571 2464; x_wconf 74' lang='lat' dir='ltr'>bibliotheq.</span> <span class='ocrx_word' id='word_1_513' title='bbox 590 2405 706 2440; x_wconf 76' lang='lat' dir='ltr'>Britan.</span> <span class='ocrx_word' id='word_1_514' title='bbox 735 2416 818 2440; x_wconf 86' lang='lat' dir='ltr'>tom.</span> <span class='ocrx_word' id='word_1_515' title='bbox 837 2407 888 2441; x_wconf 86' lang='lat' dir='ltr'>Xl.</span> <span class='ocrx_word' id='word_1_516' title='bbox 913 2419 989 2457; x_wconf 81' lang='lat' dir='ltr'>pag.</span> <span class='ocrx_word' id='word_1_517' title='bbox 1007 2419 1068 2452; x_wconf 77' lang='lat'>²4²</span> <span class='ocrx_word' id='word_1_518' title='bbox 1084 2403 1152 2459; x_wconf 87' lang='lat' dir='ltr'>sqq.</span> <span class='ocrx_word' id='word_1_519' title='bbox 1180 2426 1233 2435; x_wconf 92' lang='lat'>—-</span> <span class='ocrx_word' id='word_1_520' title='bbox 1260 2408 1412 2459; x_wconf 68' lang='lat' dir='ltr'>Repetite</span> <span class='ocrx_word' id='word_1_521' title='bbox 1426 2406 1488 2449; x_wconf 77' lang='lat' dir='ltr'>cst,</span> <span class='ocrx_word' id='word_1_522' title='bbox 1515 2406 1690 2444; x_wconf 78' lang='lat' dir='ltr'>emendata</span> <span class='ocrx_word' id='word_1_523' title='bbox 1708 2405 1813 2445; x_wconf 81' lang='lat' dir='ltr'>verfio</span> <span class='ocrx_word' id='word_1_524' title='bbox 1834 2405 1889 2445; x_wconf 76' lang='lat' dir='ltr'>lat.</span> <span class='ocrx_word' id='word_1_525' title='bbox 1910 2416 1944 2444; x_wconf 78' lang='lat' dir='ltr'>et</span> <span class='ocrx_word' id='word_1_526' title='bbox 1963 2417 2072 2443; x_wconf 69' lang='lat' dir='ltr'>venne</span> <span class='ocrx_word' id='word_1_527' title='bbox 2130 2434 2139 2466; x_wconf 50' lang='lat'>9</span> 
     </span>
     <span class='ocr_line' id='line_1_42' title="bbox 332 2455 2154 2505; baseline 0.003 -9"><span class='ocrx_word' id='word_1_528' title='bbox 332 2461 465 2496; x_wconf 69' lang='lat' dir='ltr'>lection.</span> <span class='ocrx_word' id='word_1_529' title='bbox 489 2455 650 2499; x_wconf 69' lang='lat' dir='ltr'>adiectae,</span> <span class='ocrx_word' id='word_1_530' title='bbox 679 2457 818 2494; x_wconf 79' lang='lat' dir='ltr'>Loudiii.</span> <span class='ocrx_word' id='word_1_531' title='bbox 849 2463 936 2505; x_wconf 75' lang='lat'>1756.</span> <span class='ocrx_word' id='word_1_532' title='bbox 2137 2462 2154 2467; x_wconf 61' lang='grc'><strong>’</strong></span> 
     </span>
    </p>
   </div>
   <div class='ocr_carea' id='block_1_7' title="bbox 1937 2525 2151 2600">
    <p class='ocr_par' dir='ltr' id='par_1_9' title="bbox 1937 2518 2151 2616">
     <span class='ocr_line' id='line_1_43' title="bbox 1937 2525 2151 2600; baseline 0.009 -15"><span class='ocrx_word' id='word_1_533' title='bbox 1937 2547 2073 2600; x_wconf 53' lang='lat' dir='ltr'>nque</span> <span class='ocrx_word' id='word_1_534' title='bbox 2121 2525 2151 2587; x_wconf 61' lang='lat' dir='ltr'>lb</span> 
     </span>
    </p>
   </div>
   <div class='ocr_carea' id='block_1_8' title="bbox 2155 2311 2183 2747">
    <p class='ocr_par' dir='ltr' id='par_1_10' title="bbox 2155 2311 2183 2747">
     <span class='ocr_line' id='line_1_44' title="bbox 2155 2311 2183 2747; baseline 0 -371"><span class='ocrx_word' id='word_1_535' title='bbox 2155 2311 2183 2747; x_wconf 95' lang='lat' dir='ltr'>     </span> 
     </span>
    </p>
   </div>
   <div class='ocr_carea' id='block_1_9' title="bbox 2129 2732 2150 2747">
    <p class='ocr_par' dir='ltr' id='par_1_11' title="bbox 2129 2732 2150 2747">
     <span class='ocr_line' id='line_1_45' title="bbox 2129 2732 2150 2747; baseline 0 0"><span class='ocrx_word' id='word_1_536' title='bbox 2129 2732 2150 2747; x_wconf 75' lang='grc' dir='ltr'><strong>Α</strong></span> 
     </span>
    </p>
   </div>
  </div>
 </body>
</html>
