2183 2747
326 203 396 238 770
448 190 584 228 marr.
601 200 687 228 c.12.·
733 185 879 225 vrrim
905 184 1174 224 PYTHAGOR.
1199 168 1375 220 sempr.
1413 181 1707 223 EPIMETRON.

330 289 479 327 Historia
494 286 664 324 doetrinae
681 285 720 323 de
735 298 814 321 vero
836 287 923 321 Deo,
941 286 1105 331 Lemgon.
1117 287 1204 325 ¹780·
1221 289 1251 322 8.
1270 290 1351 328 part.
1367 280 1410 316 ΙΙ.
1425 277 1501 316 scel.
1516 281 1557 317 Π.
1572 293 1638 330 qua
1653 282 1857 330 Pythagoras
1872 282 2007 330 eiusque
2022 293 2079 317 ve·

333 340 584 379 tussiffimorum
601 337 842 386 discipulorum
861 340 1036 383 opiniones
1053 336 1092 369 de
1113 346 1222 368 rerum
1238 335 1395 368 omnium
1418 343 1491 368 ortu
1507 345 1604 382 atque
1624 330 1729 368 cautl'a
1751 346 1982 379 exponuntur,
2006 346 2078 369 tum

335 397 371 431 in
387 396 498 444 primis
515 397 568 431 in:
594 389 786 429 Geschichte
801 390 855 425 des
872 386 1073 436 Ursprungs‚
1098 387 1279 435 Fortgangs
1295 383 1361 421 und
1382 382 1523 421 Verfalls
1546 385 1602 421 der
1622 383 1900 422 Wiss'enschaften
1927 387 1959 420 in
1988 387 2082 421 Gric-

337 446 502 484 chenland
519 445 585 482 und
604 447 705 486 Rom,
722 455 803 478 tom.
824 445 847 476 1.
865 453 936 488 cap.
958 453 982 482 3.
1009 453 1042 489 p.
1058 444 1116 483 178
1132 436 1202 487 sqq.
1256 440 1300 472 Vt
1318 441 1377 474 rite
1395 437 1598 488 procederet,
1622 450 1741 474 omnes
1758 437 1923 474 eiusmodi
1949 435 2085 487 scripto-

338 514 390 536 res
408 503 440 536 in
455 501 602 548 quinque
618 494 786 545 dispescuit
802 490 933 540 classes5
960 496 1068 541 prima
1082 492 1181 539 igitur
1195 488 1296 526 claffis
1314 490 1565 540 comprehendit
1583 503 1660 534 eos,
1696 494 1750 540 qui
1776 503 1850 527 ante
1873 489 2084 526 Aristotelem

337 555 547 601 Pythagorae
562 549 707 586 fecerunt
726 549 934 582 mentionem
951 548 996 593 (p.
1014 551 1086 585 188.
1107 541 1186 579 coll.
1201 556 1230 591 p.
1248 556 1313 590 290
1330 541 1418 592 sqq.)
1443 543 1540 578 altera
1556 545 1706 579 continet
1722 543 1932 580 Aristotelem
1947 545 2085 592 eiusque

340 602 516 653 discipulos
534 615 586 638 aut
598 598 799 637 success'ores,
814 607 869 633 aut
885 599 934 633 his
947 599 1112 646 aequale8‚
1126 610 1157 631 n.
1173 595 1422 638 Aristoxenum,
1441 594 1653 632 Heraclidem
1666 598 1850 638 l'onticum,
1871 596 2084 634 Cleanthem.

341 660 580 704 Hermippum,
608 657 641 699 (e
657 653 773 700 quibus
793 650 946 699 plurima,
970 662 1046 686 vera
1062 649 1204 697 fic'laque
1229 646 1405 684 hauserunt
1423 647 1571 698 posteri,)
1609 654 1794 692 Zenonem,
1822 648 1952 690 Alexin,
1980 649 2087 683 comi·

343 724 434 751 cum,
451 711 557 744 Mittin
575 708 737 746 Samium,
763 703 974 739 historicum:
999 705 1033 738 in
1049 703 1140 738 tertia
1156 698 1251 736 classe
1265 698 1483 740 recensentur,
1497 703 1553 750 qui
1570 699 1642 747 post
1657 703 1783 749 primos
1798 713 1828 737 ct
1842 700 2087 750 antiquissimos

341 762 525 800 Aristotelis
541 757 730 807 discipulos,
756 766 831 792 ante
846 754 1018 791 Christum
1042 764 1180 796 natum,
1207 755 1292 790 hanc
1311 752 1466 789 historiae
1490 749 1741 802 philosophicae
1765 763 1888 802 partem
1910 751 1976 788 siue
1999 753 2086 788 adti-

343 825 462 865 gerunt
478 811 543 847 liue
563 812 689 846 vberius
706 806 939 858 exposuerunt,
963 811 997 843 in
1019 808 1134 857 quibus
1161 807 1344 850 Timaeus,
1372 808 1601 856 Hermippus,
1641 805 1830 848 Neamhcs,
1860 804 2031 841 Diodorus
2053 817 2086 841 et

343 865 531 905 Alexander
553 866 726 913 praecipue
757 859 829 897 sunt
851 859 1007 897 notandi:
1042 863 1075 895 in
1096 870 1210 909 quarta
1230 857 1324 895 classe
1343 869 1581 896 enumerantur
1602 855 1776 907 scriptores
1802 861 1941 894 incertae
1964 859 2088 899 aetatis,

345 923 400 970 qui
426 916 494 953 sunt
516 918 702 966 Antiphon,
726 912 912 954 Soficrates,
948 910 1227 962 Dionyfiphanes,
1263 913 1446 961 Hippotus,
1479 911 1710 959 Androcydes,
1742 910 1914 951 Eudoxus,
1943 908 2003 958 (de
2019 922 2088 958 quo
2104 950 2108 955 Ι

345 972 416 1008 vide
432 982 542 1007 tamen
557 967 727 1005 censorem
746 971 779 1003 in
795 967 943 1002 biblioth.
965 968 1036 1002 crit.
1054 963 1193 1002 Amssel.
1209 965 1278 1001 vol.
1300 966 1337 999 11.
1361 975 1440 1013 part.
1460 965 1550 999 Vlll.
1581 977 1610 1011 p.
1637 977 1701 1000 uc.
1729 975 1800 1000 not.
1824 966 1873 1007 x.)
1903 962 2088 1012 Apollodo-

345 1039 414 1066 ruS,
442 1024 681 1070 arithmeticus,
708 1032 739 1056 et
756 1022 874 1066 Lycon
901 1017 1016 1054 lafius:
1051 1021 1163 1067 quinta
1181 1029 1211 1053 et
1230 1017 1344 1053 vltinia
1359 1016 1463 1053 classis
1480 1017 1714 1065 compledlitur
1738 1028 1939 1052 enarratores
1958 1017 2041 1050 vitae
2056 1025 2088 1051 et

346 1075 481 1113 scholae
500 1077 747 1123 pythagoricae,
775 1075 829 1122 qni
845 1071 915 1120 poll
937 1074 977 1107 C.
995 1073 1038 1107 N.
1055 1073 1220 1117 vixerunt,
1248 1070 1472 1119 Apollonium
1491 1071 1606 1113 Tyan.
1637 1071 1880 1105 Nicomachum
1894 1100 1904 1115 ‚
1933 1066 2088 1104 Modera·

345 1141 430 1172 tum,
458 1131 678 1169 Numenium,
703 1127 797 1161 binos
814 1127 993 1174 Diogenes,
1019 1125 1257 1172 Porphyrium,
1286 1123 1513 1166 lamblichum,
1538 1124 1801 1167 etAnonymum
1819 1120 1904 1169 apud
1922 1122 2089 1164 Uxorium,

345 1196 408 1219 vna
423 1195 500 1217 cum
517 1181 659 1216 aliorum
680 1178 872 1214 testimoniis
892 1175 1006 1226 paffim
1022 1176 1171 1225 proditis,
1225 1177 1362 1212 Horum
1380 1173 1589 1224 singulorum
1607 1173 1707 1210 fidem
1725 1178 1909 1215 examinat,
1935 1172 2088 1215 ostendit,

347 1248 431 1285 quos
450 1233 556 1270 seclari
580 1232 642 1268 sint
662 1230 866 1280 potissimnm
891 1231 1086 1265 lamblichus
1113 1240 1142 1264 ct
1165 1230 1390 1275 Porphyrius,
1425 1241 1503 1277 quas
1526 1228 1700 1276 peculiare-³
1728 1229 1929 1262 narrationes
1952 1224 2090 1273 quidam

346 1286 552 1338 prodiderint
569 1286 760 1322 memoriae,
785 1293 816 1318 et
834 1296 916 1332 quae
936 1286 968 1317 in
987 1281 1120 1330 singulis
1139 1279 1204 1316 siue
1220 1280 1381 1316 laudanda
1404 1284 1535 1316 veniant
1554 1278 1618 1314 stuc
1636 1281 1855 1329 vituperanda,
1910 1280 2014 1314 Nimis
2039 1278 2092 1312 ab·

346 1339 507 1377 ssraherer
521 1352 539 1374 a
555 1335 657 1387 scopo
671 1349 701 1373 et
717 1334 869 1372 consilio.
897 1334 920 1369 st
938 1337 1053 1370 omnia
1069 1345 1250 1382 repeterem
1269 1332 1435 1382 copiosius
1453 1344 1507 1368 aut
1527 1332 1738 1380 explicarem.
1799 1334 1885 1367 Inter
1913 1344 1968 1373 ea,
1994 1342 2027 1366 vt
2047 1327 2094 1366 sa·

347 1392 452 1430 liuam
469 1391 601 1427 lectoris
622 1402 790 1426 moueam‚
818 1401 920 1438 pauca
937 1398 1063 1423 tantum
1080 1387 1257 1422 adnotabo,
1277 1387 1312 1422 Ρ.
1332 1397 1397 1432 195.
1415 1386 1456 1421 de
1473 1385 1646 1420 Aristotele
1663 1382 1816 1434 copiosus
1833 1384 1896 1427 cll,
1922 1382 2023 1419 fidem
2046 1381 2095 1419 illi
2147 1381 2149 1387 '

348 1445 471 1486 tribuit,
485 1441 632 1480 defendit
645 1441 723 1478 eum
739 1443 777 1478 ab
795 1442 910 1476 iniuria
924 1441 1094 1475 Morhemii
1107 1440 1146 1475 ad
1165 1437 1364 1475 Cudworthi
1383 1436 1459 1487 syss.
1480 1439 1634 1474 intellect.
1653 1451 1736 1474 tom.
1755 1439 1776 1475 Ι.
1794 1451 1826 1487 p.
1846 1439 1890 1473 16.
1917 1436 1994 1472 edit.
2013 1439 2095 1471 Am·

348 1495 418 1534 ssel.
440 1499 473 1533 in
487 1509 521 1541 4,
548 1495 710 1537 adfirmat,
736 1507 769 1544 p.
785 1505 865 1529 200.
895 1491 1100 1528 Aristotelem
1121 1493 1285 1540 genuinos
1302 1493 1590 1540 Pythagoreorum
1606 1489 1894 1526 vetussiffimorum
1911 1488 2013 1525 libror
2037 1489 2095 1524 ha·

349 1547 464 1593 buiffe,
491 1561 676 1597 eorumque
691 1546 819 1583 decreta
837 1542 1001 1582 tradidisse
1014 1546 1122 1588 nobis,
1150 1544 1244 1591 (coll.
1262 1543 1406 1579 Hillo-ia
1425 1543 1599 1579 doctrinae
1612 1542 1653 1579 de
1676 1555 1756 1579 vero
1770 1544 1846 1579 Deo
1863 1556 1894 1590 p.
1911 1542 2007 1588 299.)
2032 1552 2094 1575 nec

350 1601 409 1638 issa
426 1598 604 1650 corrupisse
622 1610 677 1636 aut
696 1595 870 1642 mutuasse,
898 1598 1060 1647 quaedam
1078 1607 1187 1633 tamen
1204 1597 1292 1633 male
1309 1593 1513 1641 intellexisse,
1541 1609 1571 1644 p.
1588 1607 1658 1640 205.
1710 1596 1826 1630 Libros
1844 1605 1954 1629 tamen
1967 1595 2034 1628 eiua
2054 1589 2097 1628 de

351 1656 570 1703 Pythagoreis
586 1664 649 1688 etc.
677 1650 736 1700 (de
753 1652 869 1701 quibus
884 1650 948 1686 vid.
965 1650 1108 1696 Jonstum
1124 1649 1164 1686 dc
1187 1647 1333 1699 scriptor.
1356 1647 1429 1684 hist.
1455 1645 1574 1696 philos.
1596 1648 1621 1683 Ι.
1646 1660 1716 1694 cap.
1741 1659 1781 1682 ιι.
1804 1648 1834 1691 §.
1850 1659 1875 1682 ι.
1902 1658 1933 1694 p.
1949 1646 2018 1688 62.)
2047 1648 2098 1680 in·

351 1704 482 1749 teriisse,
511 1705 605 1742 valde
623 1704 666 1741 est
680 1703 876 1740 dolendum.
931 1701 1113 1749 (Arislo'eli
1129 1715 1231 1751 aeque
1245 1715 1283 1737 ac
1299 1702 1426 1737 Platoni
1443 1702 1475 1735 in
1489 1698 1694 1747 explicandis
1711 1710 1806 1747 atque
1823 1695 2023 1734 recensendis
2033 1697 2098 1742 Py·

352 1762 512 1808 thagorae
529 1759 666 1806 placide,
698 1759 842 1793 omnino
863 1754 1034 1791 fidendum
1052 1752 1127 1796 esse,
1153 1752 1325 1789 contendit
1339 1765 1475 1802 quoque
1485 1752 1668 1802 probatque
1685 1752 1859 1800 Hyacinth.
1875 1749 2099 1798 Signi-Bn-
2127 1749 2131 1754 ’

353 1812 468 1852 dium,
496 1808 658 1847 Professor
673 1807 877 1850 Tauriensts,
903 1810 935 1843 in
957 1806 1203 1842 Introduffiom
1220 1806 1265 1840 ατί
1267 1805 1414 1852 studium
1429 1806 1609 1852 religionis,
1636 1805 1720 1840 libro
1737 1805 1777 1840 ΙΙ.
1793 1806 1852 1852 qui
1867 1814 1954 1839 totus
1975 1816 1993 1838 a
2020 1804 2042 1837 it
2055 1799 2099 1838 de

353 1862 440 1901 sec'la
456 1864 570 1905 italica,
596 1876 627 1912 p.
641 1874 708 1907 243.
737 1859 887 1898 Diffentit
904 1873 984 1895 vero
1004 1860 1160 1895 Bructer.
1178 1861 1208 1893 in
1220 1858 1386 1894 Hisl.cr't.
1403 1857 1484 1907 phil.
1506 1855 1657 1905 Adpend.
1673 1854 1697 1894 s.
1712 1857 1780 1893 vol.
1795 1857 1852 1894 Vl,
1868 1868 1898 1905 p.
1914 1860 1975 1899 2⁶3
2005 1867 2039 1903 q.
2066 1862 2101 1890 et

353 1916 458 1953 fidem
482 1916 621 1965 derogat
642 1913 836 1958 Aristoteli.)
854 1913 1044 1948 Heraclides·
1061 1912 1228 1951 Ponticus,
1255 1924 1295 1946 ex
1313 1912 1405 1946 cuius
1421 1907 1556 1957 scriptis,
1581 1907 1662 1955 (vid.
1679 1910 1826 1958 Diogen.
1843 1910 1947 1944 Laert.
1963 1908 2005 1943 V.
2024 1907 2100 1953 88.)

356 1969 536 2018 Diogenes,
557 1966 767 2005 lamblichus,
790 1966 992 2014 Porphyrius
1007 1965 1128 2012 aliique
1144 1964 1248 1998 multa
1262 1959 1450 2005 hauserunt,
1473 1973 1563 2010 pater
1578 1962 1713 1998 habetur
1728 1961 1910 1997 multarum
1925 1959 1966 1996 de
1980 1961 2102 2004 Pytha·

357 2034 440 2071 gora
457 2019 660 2056 fabularum:
685 2022 709 2055 is
725 2021 834 2066 igitur,
847 2016 872 2054 st
887 2016 1010 2053 recedit
1025 2031 1042 2052 a
1058 2016 1298 2051 narrationibus
1313 2015 1454 2051 aliorum
1471 2013 1538 2050 fide
1553 2012 1747 2063 dignorum,
1774 2014 1859 2049 tellis
1876 2011 2027 2060 locuples
2039 2023 2100 2047 uu·

356 2075 476 2110 merari
492 2086 562 2109 non
581 2070 696 2122 potest.
726 2071 897 2107 Clearchus
913 2072 946 2105 in
962 2067 1156 2118 fragmentis
1171 2068 1259 2117 apud
1277 2070 1483 2104 Athenaeum
1503 2079 1578 2102 vera
1592 2065 1698 2109 tradit,
1726 2069 1758 2102 in
1772 2067 1906 2114 reliquis
1923 2062 2019 2101 valde
2032 2075 2102 2100 ere.

358 2125 466 2168 dulus,
494 2125 634 2174 ideoque
649 2122 833 2172 suspicione
848 2120 1030 2158 fabularum
1047 2119 1160 2156 falstue
1175 2134 1246 2156 non
1261 2134 1357 2159 caret,
1371 2123 1419 2169 (p.
1436 2132 1494 2155 Ωιι.
1510 2131 1570 2163 224
1583 2116 1670 2168 sqq.)
1684 2118 1910 2164 Aristoxemu,
1927 2114 2002 2153 disci
2029 2115 2102 2153 ulus

360 2177 561 2220 mintucius
575 2175 698 2213 etiamsi
715 2174 818 2223 lapsus
833 2174 869 2211 sit
887 2174 1074 2223 aliquoties,
1102 2171 1267 2208 summam
1287 2172 1361 2208 fidei
1380 2184 1477 2220 atque
1490 2173 1687 2207 auctoritatis
1705 2171 1835 2206 laudem
1851 2170 1965 2206 naelut
2027 2196 2037 2212 ‚
2054 2176 2102 2219 (p.

362 2234 566 2274 ειη-222.)
583 2230 810 2272 Dicaearchus,
838 2231 1066 2276 quemCicero
1085 2228 1196 2274 magni
1214 2225 1399 2261 aestimabat
1415 2223 1470 2266 (ad
1488 2226 1584 2261 Λαὶς.
1596 2225 1635 2260 ll.
1653 2235 1681 2259 2.
1699 2225 1755 2258 Vl.
1771 2224 1816 2266 2.)
1842 2221 1907 2258 fide
1926 2220 2045 2270 dignus
2054 2219 2100 2258 est

363 2291 393 2317 et
409 2296 510 2330 paene
526 2296 582 2331 par
594 2281 794 2317 Aristoxeno
809 2292 905 2329 atque
916 2278 1091 2320 Aristoteli,
1106 2291 1307 2327 quamquam
1324 2277 1419 2325 culpa
1435 2276 1654 2325 negligentiae
1670 2287 1724 2311 aut
1742 2273 1930 2310 fabularum
1947 2286 2102 2323 quarum·
2117 2296 2120 2302 ·
2181 2267 2183 2277 Ι

361 2332 438 2369 dam
455 2337 593 2370 crimine
609 2333 694 2369 haud
711 2344 810 2370 vacat.
837 2334 898 2378 (At
913 2344 1080 2380 compara,
1097 2343 1180 2378 qnae
1194 2330 1235 2366 de
1244 2331 1433 2366 Dicaearchi
1447 2340 1544 2377 atque
1554 2327 1737 2363 Aristoxeni
1754 2326 1820 2364 fide
1832 2327 1931 2362 docte
1945 2335 2101 2363 notantut

363 2388 397 2420 in
415 2386 491 2421 bibl.
508 2390 576 2420 crit.
597 2386 729 2420 Amilcl.
750 2387 789 2421 Η.
811 2395 886 2432 part.
906 2386 993 2418 vm.
1013 2397 1041 2432 p.
1061 2396 1103 2418 ιιι
1118 2385 1251 2426 —113.)
1287 2383 1414 2417 Timaeo
1430 2394 1547 2429 parum
1569 2379 1644 2416 fidei
1662 2379 1703 2416 de
1719 2380 1810 2416 rebus
1831 2375 2102 2428 pythagoreitd

363 2437 541 2473 tribuenia.
574 2439 782 2483 Hermippus,
812 2437 866 2472 sub
881 2437 1074 2472 Ptolemaeo
1093 2436 1274 2483 Euerge'a,
1308 2432 1468 2482 suspectus
1491 2432 1552 2474 eil,
1581 2443 1612 2468 et
1638 2433 1820 2468 inultarnm
1843 2430 1884 2467 de
1909 2431 2100 2479 Pythagor·

363 2493 493 2540 eiusque
512 2490 676 2525 itineribm
693 2488 879 2526 fabularum
887 2502 1002 2540 parcns
1018 2499 1072 2525 aut
1087 2490 1312 2532 continuator,
1327 2488 1449 2537 rhomo
1465 2484 1631 2530 credulus,
1657 2492 1708 2536 (p.
1719 2496 1779 2522 aaa
1797 2504 1846 2514 —
1862 2486 1958 2571 23¹}ss
2006 2479 2098 2570 {gem

1883 2547 1916 2571 ιυ
1952 2547 2011 2571 can
2038 2545 2097 2571 um
