2183 2747
1446 124 1520 159 Lib.
1532 122 1579 161 ΙΙ.
1605 135 1631 160 c.
1648 136 1670 159 ι.

90 126 154 155 voi.
168 127 189 153 1.
204 134 229 161 p,
238 127 372 161 ‚sarm
728 125 911 162 PATRiA.
965 125 1207 161 COECITAS.

1775 135 1834 170 327

87 221 179 273 quod
196 222 272 259 teste
285 223 436 259 Martino
453 219 572 257 Crufio
587 223 621 256 in
639 221 975 258 Germano-Graecia
1001 235 1034 270 p.
1047 233 1098 268 39.
1126 223 1168 257 ita
1190 223 1403 256 nominatum
1421 218 1483 264 est,
1511 222 1670 268 quoniam
1688 233 1738 256 an.
1756 222 1837 266 1565.

87 273 201 311 mense
217 275 400 311 Nouembr.
418 273 521 309 altero
537 284 629 309 tanto
645 276 752 309 maius
769 272 932 310 aedificari
950 277 1059 323 coepit
1077 273 1288 310 adiunctione
1305 274 1453 321 contigui
1472 272 1613 308 cubiculi
1632 270 1735 315 sacia,
1758 286 1835 307 cum

86 327 206 364 Crufio
221 330 416 364 Homerum
437 326 647 375 praelegente
669 325 835 362 auditores
857 338 950 362 antea
973 330 1044 376 capi
1066 340 1137 362 non
1160 324 1306 376 pollent,
1334 323 1387 360 sed
1413 324 1494 361 stare
1513 324 1612 362 multi
1627 335 1835 374 cogerentur.

85 383 215 417 Verum
232 382 314 416 hacc
332 379 416 416 olim
440 377 543 415 suere.
594 381 692 415 Nunc
714 377 882 415 recondita
899 380 1079 417 Maeonius
1102 376 1190 416 senet
1212 381 1329 428 quiete.

403 483 492 520 V111.
518 484 570 518 De
583 484 687 518 Patria
703 484 847 519 Homeri
872 483 1006 519 celebris
1020 483 1066 519 est
1086 493 1118 520 et
1138 480 1304 519 notissima
1327 480 1379 517 vel
1400 494 1439 517 ex
1456 479 1553 517 Gellii
1571 482 1628 516 111.
1650 492 1685 517 11.
1709 492 1740 517 et
1763 478 1836 516 scri-

350 546 447 585 ptore
463 538 649 570 certaminis
669 537 813 571 Homeri
831 550 867 571 ac
884 535 1023 572 Hesiodi
1044 534 1320 586 amplissimarum
1345 535 1474 569 vrbium
1499 543 1589 570 vetus
1610 536 1836 577 Coiicei·tati0‚

86 603 188 640 quam
207 585 337 638 respicit
354 589 546 624 Demetrius
563 590 662 624 Poeta
679 588 766 638 apud
784 590 896 624 Laert.
912 592 952 624 V.
969 596 1016 636 85.
1033 599 1064 624 et
1079 588 1120 625 de
1135 602 1198 637 qua
1215 589 1378 637 Didymus
1394 586 1477 622 olim
1495 584 1565 622 fuse
1582 583 1724 635 scripsit,
1751 602 1767 622 a
1783 588 1836 622 Se-

85 656 166 678 neca
187 641 286 691 Epist.
309 647 360 682 88.
384 642 449 676 hoc
473 644 611 676 nominc
634 639 774 683 derisus,
802 652 833 676 et
859 645 978 678 recenti
1003 652 1106 677 aetate
1129 641 1187 689 [Ψ]
1203 641 1434 678 LeoAIlatim
1451 641 1571 680 Chius,
1596 642 1687 674 cuius
1711 639 1835 675 libi-um

84 697 152 731 iam
169 696 357 730 memor-aui
373 691 416 728 ”).
467 694 533 728 Hic
549 706 627 729 cuin
644 693 708 730 late
724 692 947 744 impugnasset
971 708 1090 730 eorum
1115 691 1306 734 sententias,
1334 695 1390 742 qui
1416 692 1467 728 vel
1491 691 1733 738 Babylonium,
1762 693 1836 739 [Ti-

82 760 220 796 granem
236 747 402 793 nomine‚]
417 743 511 782 fuisse
526 745 706 782 adfirmant
721 747 938 791 Homerum,
965 758 998 784 vt
1016 747 1070 782 lib.
1088 747 1129 781 11.
1162 748 1269 783 Verae
1284 745 1408 781 Hislor.
1425 759 1457 795 p.
1473 746 1548 789 676.
1581 745 1678 791 [tom.
1695 746 1736 780 Π.
1759 758 1835 795 pag.

86 813 150 844 117.
173 798 248 835 edit.
266 799 411 845 Reitzii‚]
428 812 487 848 per
515 801 628 834 iocum
657 797 780 848 scripsit
802 800 985 844 Latinum,
1022 799 1074 836 vel
1099 800 1243 845 Syrum,
1270 798 1322 834 vel
1342 799 1550 834 Thebanum
1571 800 1778 848 Aegyptium
1795 795 1836 840 θ),

84 852 137 888 vel
151 854 318 902 Cyprium
343 850 394 887 vel
412 853 606 887 Troianum
628 865 667 886 ex
688 853 883 894 Cenchreis,
904 851 956 888 vel
977 851 1136 889 Aeolium
1159 854 1372 893 Cumanum,
1399 850 1452 886 vel
1478 849 1672 893 Rhodium,
1700 850 1751 886 vel
1775 852 1835 896 Py.

85 906 168 941 lium
180 934 189 947 ‚
215 905 266 940 vel
287 903 526 944 sulani-'munh
554 905 608 951 [ex
623 904 788 940 Salamine
805 903 872 940 siue
887 908 1011 955 Cypria
1029 904 1095 941 siue
1113 905 1245 951 Attica‚]
1264 904 1316 940 vel
1332 901 1535 939 libanensem
1547 932 1556 946 ,
1584 903 1636 939 vel
1659 903 1836 953 Colopho-

83 961 200 999 nium,
234 957 285 993 vel
306 955 561 999 Atheniensem,
597 956 649 992 vel
678 960 863 1006 Argiuum,
892 958 943 993 vel
967 960 1217 1004 Mycenaeum,
1249 956 1300 992 vel
1324 959 1450 999 letari,
1483 956 1536 991 vel
1562 957 1786 1002 Smyrnaeum
1803 954 1837 987 Ρ)

123 484 244 517 Patria,
272 492 327 510 eoe-

86 523 170 555 n'ms,
199 528 246 549 etc.

84 1009 244 1061 denique:
272 1008 395 1046 contra‘
411 1009 524 1047 multis
548 1012 754 1059 argumentis
775 1009 964 1055 contendit,
1001 1025 1079 1047 eum
1101 1008 1197 1046 fuiffe
1219 1007 1337 1058 suum,
1369 1008 1500 1054 Aliam,
1536 1008 1757 1060 popularem„
1797 1022 1836 1044 ex

127 1199 160 1226 n)
190 1196 279 1226 Ree'te
300 1195 418 1238 futilius
439 1195 475 1226 de
494 1195 590 1237 script.
612 1196 676 1227 hist.
701 1195 806 1238 philos.
829 1195 851 1228 Ῐ.
873 1206 932 1234 319.

84 1238 198 1270 scribit:
222 1241 282 1270 Leo
301 1239 422 1270 Allatius
440 1241 531 1269 Chius
547 1243 713 1270 Hcinerum
732 1243 761 1270 in
787 1242 931 1272 honorem

82 1287 175 1322 gentis
197 1283 262 1312 suae
284 1284 391 1313 Chium
417 1283 500 1314 fuisse
521 1284 681 1314 contendit.
733 1286 778 1315 Sic
802 1287 932 1316 Antima-

83 1327 154 1356 chus
173 1326 380 1368 Colophonius
401 1326 624 1369 Colophonium
653 1327 738 1358 fuisse
766 1331 932 1359 Homerum

81 1370 291 1403 contendebam
315 1372 384 1401 teste
399 1370 555 1401 Plutarcho
571 1371 622 1402 lib.
638 1371 673 1401 de
693 1374 836 1403 Homero.
858 1375 932 1403 Item

81 1414 252 1451 Nicander,
276 1414 312 1444 de
329 1425 389 1456 quo
405 1415 474 1445 vide
489 1414 566 1445 infra
579 1415 630 1446 lib.
646 1418 697 1446 111.
718 1427 746 1457 p.
763 1420 831 1447 622.
854 1416 932 1447 conf.

81 1457 227 1490 Mollcrus
247 1458 283 1488 ad
304 1458 438 1489 Morhof.
457 1458 560 1494 Polyh.
575 1458 664 1490 litter.
680 1462 745 1498 vu.
761 1471 790 1497 2,
812 1471 840 1491 2.
867 1471 933 1503 pag.

80 1512 151 1538 403.
177 1502 351 1533 Heumann.
398 1504 442 1533 De
465 1505 560 1544 patria
585 1506 728 1534 Homer-ia
749 1506 932 1535 narrationes

82 1545 212 1576 diuersas
233 1545 351 1584 collegit
377 1555 465 1587 atque
489 1549 670 1578 examinauit
686 1548 777 1579 Lami
796 1550 827 1578 in
851 1547 931 1579 Deli-

81 1592 152 1625 ciis,
182 1601 210 1631 p.
226 1596 258 1624 ςξ,
274 1589 334 1631 sqq.
356 1599 384 1620 et
414 1602 441 1631 p.
465 1594 514 1628 67.
543 1599 644 1632 putat,
677 1593 802 1622 Homeri
818 1599 932 1633 patrem

81 1633 165 1667 fuiss'e
180 1636 362 1667 Cumauiim3
378 1636 543 1664 Homerum
560 1645 633 1665 vero
647 1642 748 1665 natum
763 1635 818 1666 ess'e
833 1637 931 1671 Smyr-

20 1683 43 1722 ¹.
82 1688 154 1714 nae,
179 1686 207 1707 et
228 1687 400 1714 mortuum,
424 1677 540 1715 senem,
564 1678 703 1709 ininsula
719 1682 763 1711 I'o.
790 1679 887 1711 Harl.

125 1742 155 1773 o)
186 1736 350 1767 Alexander
371 1738 499 1779 Paphius
524 1739 602 1780 apud
624 1740 751 1769 Eussath.
772 1750 878 1770 eornm.
899 1741 931 1770 in

79 1780 176 1822 thaps.
193 1783 227 1810 X.
245 1780 388 1815 Odysseae
411 1781 560 1822 prodidit,
584 1782 757 1814 Homerum
779 1785 931 1825 Aegyptiis

81 1824 259 1862 Dniasagora
276 1832 304 1853 et
321 1825 432 1854 Acthne
447 1834 566 1858 natum;
590 1825 638 1856 scd
661 1827 721 1857 vid.
737 1826 833 1859 Lami
850 1827 929 1858 Deli-

80 1872 137 1898 cias
153 1880 181 1910 p.
200 1874 230 1904 58
247 1867 306 1909 sqq.
334 1868 428 1898 Harl.

120 1928 154 1960 p)
179 1923 210 1950 In
235 1921 312 1950 Afris
336 1922 450 1956 pionii,
474 1922 615 1957 Martyrii
635 1921 685 1952 ille
707 1922 877 1953 candidatus
893 1923 929 1953 sic

78 1963 265 1998 Smyi¹iici.ses
295 1962 472 2005 alloquitur:
506 1966 572 1997 l'os
591 1967 656 1997 viri
680 1968 733 2008 qui
765 1967 931 2008 exsultatis

76 2007 307 2050 puli-lirasidinc
322 2010 487 2044 incenium,
511 2015 539 2039 et
554 2010 710 2050 Sriiymae
723 2011 862 2041 ciuitatis
883 2011 930 2041 de-

78 2061 146 2083 core
158 2053 308 2092 gaudetis
323 2056 350 2081 et
369 2052 504 2082 Homero
521 2053 619 2084 Poeta
640 2054 828 2094 gloriami'ni
837 2077 846 2090 ,
867 2054 931 2097 etfi

77 2095 132 2137 'qui
154 2093 303 2138 vobffcum
331 2105 350 2125 a
373 2095 500 2126 ludaris
521 2096 649 2137 adsunt,
671 2099 784 2137 paucis
813 2098 929 2129 audire.

79 2138 240 2169 Graculum
264 2138 342 2180 apud
363 2140 462 2180 Steph.
484 2142 517 2170 in
531 2138 596 2172 Ἴος.
629 2141 694 2177 (vbi
717 2141 779 2172 vid.
798 2140 930 2180 Bergleri

78 2187 152 2217 not.)

164 2230 288 2272 Πατδιίὲι
305 2232 406 2274 δι’ξηοᾳ)
430 2235 526 2274 pair-fir
538 2232 565 2264 δέ
579 2248 620 2264 τοι
632 2236 652 2265 ε’
663 2239 758 2278 aeoerpi't
774 2237 828 2267 ἷςιν

156 2275 295 2307 ἽῖςινἻος
310 2279 378 2311 rint
398 2278 499 2316 μετμὶς
521 2281 628 2319 πατρίς.

120 2329 184 2360 Alia
199 2330 243 2361 Io.
255 2331 421 2361 Boni-delo!
439 2331 475 2360 ad
490 2331 687 2363 Heliodorum
700 2345 730 2375 p.
743 2343 786 2372 71.
803 2334 927 2366 Fabric-

78 2373 155 2403 conf.
175 2372 321 2404 Proci'um
344 2375 379 2404 de
397 2377 531 2405 Homero
546 2378 577 2405 in
591 2376 760 2407 Bibliothek
778 2378 830 2407 der
848 2377 926 2409 alten

830 2262 839 2279 7

0 2416 21 2455 '·
78 2417 239 2447 Litterazur
258 2418 318 2447 und
344 2420 442 2449 Kuust.
466 2428 540 2460 part.
557 2421 578 2449 1.
616 2420 718 2451 lnedit.
743 2433 772 2463 p.
796 2428 810 2454 8
834 2422 873 2463 sq.
897 2430 926 2453 et

11 2481 21 2502 ,Ι
78 2461 192 2494 Ηεμιίι
208 2470 306 2491 notam
322 2473 350 2502 p.
368 2473 399 2499 19
415 2462 456 2503 sq.
502 2465 550 2493 los
564 2471 663 2494 autem
677 2465 771 2495 insula
785 2467 836 2503 est,
852 2477 923 2502 non,

1743 1063 1832 1098 Chio

985 1203 1018 1227 vt
1045 1196 1207 1238 Stephanus
1227 1197 1346 1232 Byzant.
1371 1195 1488 1232 scribit,
1524 1193 1704 1230 Cycladum,
1739 1192 1787 1223 scd
1819 1203 1834 1222 e

985 1240 1164 1282 Sporadibus
1180 1251 1254 1276 viia,
1277 1240 1366 1270 hodie
1381 1241 1479 1273 Δῖος,
1501 1241 1625 1269 Homeri
1651 1237 1766 1268 tuuiulo
1780 1247 1833 1266 no-

985 1283 1110 1315 bilitata.
1158 1286 1243 1314 Hunc
1267 1282 1414 1314 tumultun
1437 1285 1542 1313 Comes
1563 1281 1658 1324 Pascli
1683 1282 1720 1313 de
1744 1280 1835 1312 [ἐνίε-

985 1338 1043 1359 nen
1064 1326 1201 1370 reperisse
1218 1327 1269 1357 sibi
1295 1326 1374 1358 visus
1395 1328 1443 1357 est.
1480 1326 1541 1356 vid.
1558 1326 1621 1357 Iac.
1636 1326 1702 1357 Ion.
1717 1325 1832 1366 Bjarn-

977 1366 1062 1415 stZhl
1076 1371 1173 1402 Briefe
1195 1371 1252 1401 auf
1269 1371 1366 1401 seinen
1389 1369 1608 1400 ausl'a‘ndischen
1622 1369 1725 1399 Reisen
1740 1378 1792 1398 etc.
1817 1377 1833 1397 e

985 1416 1118 1446 versione
1136 1417 1215 1445 Gust.
1231 1416 1340 1445 Eriiesii
1357 1414 1522 1445 Groskurd.
1540 1413 1608 1444 Vol.
1624 1415 1659 1444 11.
1676 1411 1834 1444 Stralsund.

986 1466 1067 1498 1778.
1081 1466 1106 1493 8.
1122 1470 1149 1501 p.
1168 1463 1228 1495 469
1245 1458 1304 1500 sqq.
1321 1460 1368 1488 ciii
1383 1469 1455 1489 vero
1469 1457 1652 1500 probabilius
1675 1456 1730 1487 ess'e
1750 1455 1833 1486 vide-

984 1511 1033 1534 tur
1049 1504 1265 1544 Cenotaphiuni
1284 1505 1418 1533 Homero
1434 1510 1527 1533 aetate
1542 1501 1636 1532 multo
1650 1500 1759 1531 seriore
1779 1509 1832 1541 po-

986 1548 1081 1578 situm.
1128 1549 1288 1577 Historiam
1312 1546 1423 1576 fraudis
1448 1546 1577 1576 detee'lae
1600 1545 1676 1582 leges
1698 1547 1729 1574 in
1744 1546 1834 1574 Anto-

985 1590 1066 1630 logia
1082 1593 1231 1626 Romana,
1255 1598 1328 1632 part.
1344 1592 1366 1620 1.
1391 1592 1512 1620 Romae.
1529 1599 1610 1627 1775.
1626 1601 1654 1630 p.
1671 1598 1730 1623 253.
1773 1587 1835 1618 La-

986 1637 1029 1666 mi
1049 1637 1079 1665 iu
1096 1634 1187 1666 Dehc.
1204 1637 1225 1665 Ι.
1243 1645 1270 1676 p.
1288 1640 1330 1668 58.
1351 1636 1535 1669 Homerum,
1560 1641 1660 1674 putat,
1684 1634 1713 1661 iu
1730 1629 1832 1666 insula,

985 1681 1052 1716 Ios,
1083 1679 1189 1709 morbo
1220 1687 1247 1708 et
1274 1677 1418 1708 scncffliite
1444 1677 1610 1707 coiifceluiu
1631 1676 1709 1706 diem
1730 1673 1833 1705 obiisse

985 1722 1172 1764 supremum,
1209 1730 1237 1752 et
1269 1721 1378 1752 incolas
1405 1720 1530 1763 posuisse
1557 1719 1640 1751 illum
1675 1718 1833 1753 tumulum,

986 1770 1068 1797 cuius
1081 1766 1302 1807 inscriptionem
1318 1768 1435 1807 repetiit
1457 1773 1486 1794 et
1507 1764 1663 1795 illustrauit
1683 1763 1832 1793 editor'ex

983 1810 1062 1842 libro
1087 1810 1214 1842 Comitis
1239 1808 1338 1850 Pasclz
1361 1810 1396 1839 de
1418 1808 1574 1840 Krieiicii:
1601 1807 1704 1838 Breve
1725 1805 1833 1847 tisseri-

982 1856 1074 1886 κίοιτε
1087 1853 1355 1894 αἐΧΓΛι-είρείαςο
1378 1870 1420 1875 —
1443 1868 1485 1875 —
1507 1861 1618 1883 contin
1634 1849 1833 1892 raggucigliv

983 1898 1080 1940 efflatio
1102 1915 1144 1920 --
1167 1914 1209 1921 -
1233 1907 1248 1928 e
1253 1896 1470 1939 specialmente
1485 1895 1533 1926 are!
1545 1894 1687 1936 [φοίτα-ο
1707 1894 1833 1925 άὈηεῑ-

982 1952 1018 1973 ro
1036 1951 1089 1972 etc.
1114 1943 1247 1972 Livorno
1273 1950 1351 1979 1773.
1377 1946 1401 1973 8.
1425 1948 1454 1969 at
1473 1939 1502 1969 id
1527 1938 1635 1969 ἶῇέἶιιιιι
1658 1937 1713 1968 esse
1737 1936 1831 1967 multo

981 1987 1046 2028 post
1067 1986 1180 2015 ebitum
1202 1987 1326 2015 Homeri
1351 1992 1461 2013 monet.
1512 1985 1589 2014 letae
1611 1993 1700 2018 vero,
1724 1983 1831 2022 quihus

983 2029 1077 2059 insula
1107 2029 1155 2058 illa
1183 2040 1290 2058 nomen
1322 2027 1418 2063 dedit,
1454 2029 1580 2068 patriam
1608 2034 1636 2056 et
1665 2026 1828 2067 sepulcrum

983 2075 1110 2104 Homeri
1133 2073 1205 2107 (vid.
1223 2072 1307 2102 Plinii
1325 2073 1363 2101 H.
1379 2073 1418 2102 N.
1439 2070 1505 2101 libr.
1520 2073 1571 2102 IV.
1594 2081 1656 2112 cap.
1672 2074 1725 2103 η.)
1747 2071 1827 2100 iec'ti-

982 2125 1098 2152 tarum,
1121 2128 1178 2157 qua
1195 2117 1229 2146 de
1246 2127 1277 2146 re
1294 2116 1353 2144 cluo
1370 2114 1466 2145 Alcaei
1480 2123 1508 2144 et
1522 2115 1667 2156 Antipatri
1684 2115 1830 2155 epigram·

983 2170 1061 2191 mata
1077 2161 1186 2190 exstant
1203 2162 1232 2189 iii
1243 2158 1419 2197 Aiuliologia
1434 2169 1535 2197 graeca
1553 2158 1604 2188 lib.
1614 2160 1664 2188 111.
1681 2160 1723 2187 tit.
1736 2159 1827 2187 Χλν.

983 2201 1076 2245 epigr.
1093 2214 1111 2233 i.
1129 2213 1156 2233 et
1174 2214 1199 2232 ε.
1222 2205 1251 2232 iu
1267 2201 1409 2233 Analeetis
1425 2202 1584 2238 Brunckii,
1607 2210 1679 2232 toni.
1694 2203 1730 2231 11.
1745 2212 1772 2242 p.
1789 2207 1827 2233 ιε.

983 2256 1012 2277 et
1033 2251 1055 2277 Ι.
1080 2259 1107 2288 p.
1125 2254 1192 2284 457.
1231 2247 1291 2276 vid.
1308 2246 1472 2276 Brodaeum
1492 2246 1527 2275 ad
1550 2246 1636 2275 Anth.
1656 2256 1699 2283 gr.
1719 2256 1747 2286 p.
1765 2248 1827 2279 326.

983 2293 1058 2321 Hinc
1083 2292 1238 2331 quotannis
1262 2292 1340 2320 I'etac
1367 2289 1485 2320 inferias
1518 2291 1652 2319 Homero
1683 2288 1826 2319 faciebant

982 2346 1067 2375 capra
1088 2335 1227 2369 maistam,
1263 2344 1337 2374 quae
1362 2332 1478 2364 tumulo
1505 2335 1568 2363 eius
1591 2332 1730 2373 insculpta
1755 2340 1826 2362 erat.

981 2379 1040 2407 vid.
1059 2379 1233 2408 Burmann.
1249 2379 1284 2408 11.
1300 2379 1329 2407 in
1345 2385 1501 2407 comment.
1516 2377 1551 2406 ad
1577 2376 1711 2406 numism.
1729 2375 1825 2411 sicula,

979 2433 1006 2463 p.
1023 2431 1089 2457 443.
1105 2429 1133 2451 et
1156 2432 1183 2462 p.
1202 2424 1263 2450 612.
1279 2423 1309 2451 E.
1331 2429 1359 2450 et
1380 2423 1410 2451 in
1433 2420 1551 2451 Anthol.
1575 2419 1622 2449 lat.
1645 2420 1696 2450 lib.
1712 2423 1748 2450 ΙΙ.
1779 2430 1825 2460 ep.

979 2467 1095 2495 CCVII.
1117 2474 1203 2505 atque
1220 2464 1326 2496 Lcimit'
1342 2464 1467 2495 Delicias
1482 2467 1504 2494 Ι.
1522 2475 1549 2505 p.
1565 2468 1602 2502 69
1619 2463 1679 2506 sqq.
1704 2464 1798 2495 Harl.
