2183 2747
640 157 890 195 EDITIONES
925 157 1228 194 THEOGNIDIS.
1424 156 1496 191 Lib.
1506 156 1557 193 II.
1573 166 1595 189 c.
1608 165 1644 188 ii.
1749 165 1819 199 7c9

63 259 136 294 cina
154 258 325 307 Oporina,
355 254 473 303 (adde,
499 255 680 304 Tubingae
702 258 734 291 in
763 253 894 291 aedibus
916 255 1077 290 Thomae
1101 251 1304 295 Anshehni‚
1331 248 1565 299 &dens-1512.
1590 251 1640 297 4.)
1668 245 1817 284 consuler

59 307 238 348 Glandorf.
257 309 279 348 l.
293 323 338 347 m.
358 323 389 359 p.
408 310 531 344 xxvii
548 306 591 358 sq.
609 319 639 344 et
651 323 685 359 p.
705 309 843 343 XXXVI
859 305 904 357 sq.
920 317 951 342 et
969 321 1003 357 p.
1021 309 1117 343 XLII.

163 378 294 423 Βίβλος
311 377 328 422 ἡ
343 374 600 429 γ’,ωμα-γυξικῇ.
656 379 697 412 In
715 378 770 412 hoc
789 378 948 412 volumine
960 382 1128 412 contenta:
1157 375 1376 422 Alphabetnm
1388 385 1562 422 graecum,
1591 371 1726 418 regulae
1741 381 1817 414 pro-

61 434 236 468 nuntiandi
260 432 430 466 Graecum.
482 432 660 466 Sententiae
674 430 798 477 septem
814 430 1012 477 sapientum.
1069 428 1265 476 Opuscnlum
1289 429 1327 462 de
1351 428 1482 462 inuidia.
1538 425 1652 460 Aurea
1677 424 1818 457 carmina

61 485 290 533 Pythagorae.
345 483 540 531 Phocylidae
552 496 664 528 poema
682 484 943 517 admonitoriam.
998 483 1145 517 Carmina
1160 481 1298 529 Sibyllae
1318 481 1362 516 E.
1383 481 1420 514 de
1436 480 1550 514 indicio
1569 475 1684 523 Christi
1706 482 1818 509 ventec-

61 549 111 572 ro.
164 536 381 585 Difflrmtiae
400 548 512 571 vocam
527 535 733 584 succinffae,
761 541 893 570 curante
910 534 1082 582 Franctsco
1104 533 1262 582 Tiffizrdo.
1288 531 1376 584 apud
1398 533 1653 569 Gormontium.
1681 526 1818 569 Parisiis,

62 601 152 635 ¹507·
179 601 212 633 4.
1245 624 1248 626 v

116 684 122 700 ,
166 654 219 688 De
237 655 301 689 hoc
317 651 403 687 libro
415 680 424 694 ,
452 654 508 701 qui
523 653 651 700 primus
667 663 804 700 graecus
817 649 943 700 prodiit
959 649 1103 694 Parifiis,
1129 649 1194 687 vid.
1210 651 1386 686 Maittaire
1402 648 1471 686 vol.
1487 649 1529 685 11.
1557 656 1642 698 part.
1659 648 1685 682 Ι.
1711 659 1745 695 p.
1762 646 1818 693 96.

61 714 178 750 et184.
205 725 255 732 -—
285 704 489 754 Complures
505 714 617 739 tamen
630 706 810 752 gnomicos
827 703 1084 754 comprehendit
1107 701 1245 754 sequens
1267 702 1390 739 editio:

166 773 361 820 Sententiosa
380 779 555 818 poetarum
574 771 868 818 venfiiffimornm,
895 772 1185 821 quaesi-(perfunt,
1212 785 1321 819 opera.
1383 769 1599 819 Theognidis,
1622 765 1818 815 Phocylidis‚

61 828 296 875 Pythagorae,
323 826 467 866 Solonis,
503 823 657 873 Tys-toci,
685 825 899 868 Naumachii,
936 826 1136 866 Callimachi,
1166 824 1374 865 Mimnermi,
1406 824 1531 863 Eueni,
1560 820 1700 862 Rhiani,
1734 819 1819 853 Era.

65 879 234 925 sosthenis,
272 878 478 926 Pawffdir,
519 878 616 919 Lini,
658 877 874 920 Menecratis,
916 879 1082 926 P‹fid1'ppi
1093 905 1102 918 ,
1133 878 1340 919 Metrodori,
1375 877 1566 915 Simonidis,
1602 884 1727 921 graece.
1769 882 1820 905 re·

62 934 232 979 cognitore
247 931 426 979 Alcandro.
502 930 662 978 Paristis,
690 930 780 976 apud
801 931 993 966 Matlzaeum
1012 931 1178 978 Bolsecum
1191 959 1200 973 ,
1226 929 1429 976 bibliopolam
1443 926 1668 978 Paristensem.
1688 936 1766 972 1512.
1782 929 1817 964 8.

162 987 238 1026 Vid.
253 989 427 1024 Maittaire
442 989 482 1025 A.
496 988 545 1024 T.
575 985 678 1024 Indic.
698 989 723 1023 Ι.
750 1001 783 1037 p.
799 1000 874 1032 442.
911 989 994 1023 Kall
1009 990 1268 1039 Specimeuetc.
1297 1002 1331 1038 p.
1347 989 1422 1023 Vll.

165 1057 297 1107 Hefiodi
325 1056 446 1102 Opera.
506 1056 688 1105 Theognis,
711 1068 850 1105 gnomae
874 1059 1039 1092 variorum
1059 1065 1231 1104 poetarum
1243 1057 1421 1105 secundum
1443 1053 1670 1100 Alphahetum.
1731 1047 1768 1084 V
1769 1060 1819 1083 er-

54 1112 115 1161 sus
130 1110 286 1159 Sibyllae,
313 1121 446 1144 aureum
464 1121 589 1144 carmen
605 1110 838 1158 Pythagorae,
867 1110 1025 1158 Gregorii
1047 1110 1201 1158 Theologi
1222 1121 1360 1158 gnomae
1381 1106 1513 1155 monost.
1535 1117 1664 1155 graece.
1691 1102 1731 1138 ab
1751 1102 1818 1138 Eu-

60 1161 236 1215 phrosyno
257 1163 400 1199 Boiu'no.
434 1161 580 1198 Florem.
598 1161 686 1213 apud
708 1163 854 1199 Iuntam.
883 1174 960 1208 1515.
986 1170 1018 1204 8.

165 1230 241 1270 vid.
257 1231 377 1267 Pinelli
401 1230 509 1267 Catal.
524 1233 562 1266 ΙΙ.
591 1244 642 1266 nr.
659 1238 747 1276 4¹83·
787 1232 934 1267 Bz'inauii
955 1229 1059 1267 catal.
1075 1233 1098 1266 Ι.
1123 1245 1157 1281 p.
1171 1243 1223 1276 77.

163 1301 207 1336 In
223 1300 278 1335 hoc
295 1312 388 1347 opere
401 1302 623 1340 continentur,
651 1300 786 1349 Hcfiodi
800 1299 939 1348 Ascraei
957 1301 1020 1336 duo
1038 1302 1116 1335 libri
1130 1300 1332 1346 Georgicon,
1359 1300 1448 1349 ἔργα
1465 1312 1520 1347 uoq
1541 1295 1679 1346 ἧμεςαμ
1704 1290 1741 1328 id
1760 1288 1816 1336 cst,

62 1366 159 1402 opera
173 1360 203 1388 et
218 1354 292 1388 dies.
320 1373 368 1380 —
397 1355 527 1388 Catonis
549 1354 677 1388 romani
696 1353 834 1389 moralia
858 1352 1016 1399 instituta.
1078 1353 1203 1387 Tabula
1228 1354 1347 1387 Cebetis
1373 1353 1514 1386 Thebani
1541 1370 1594 1376 ——
1617 1368 1671 1374 -—
1697 1350 1726 1378 et
1750 1343 1816 1377 alia

62 1408 228 1455 quaedam.
259 1417 376 1454 graece
400 1412 431 1440 et
456 1407 563 1440 latine.
622 1405 820 1440 Ottomarus
841 1406 951 1441 Aidos
977 1407 1026 1448 (h.
1047 1419 1073 1440 e.
1099 1404 1296 1453 Nachtgall)
1323 1405 1539 1451 Argentinnr.
1580 1420 1633 1428 --
1681 1397 1814 1433 Ioannis
1843 1442 1849 1445 ν

59 1458 262 1497 Knoblouch
279 1455 399 1494 formis
415 1458 536 1494 excufit
553 1460 784 1507 Argentorati‚
818 1470 848 1501 4.
876 1457 944 1494 fine
961 1460 1038 1493 anni
1054 1469 1145 1494 nota.
1172 1459 1347 1493 Maittaire
1363 1459 1401 1492 A.
1416 1458 1465 1492 T.
1484 1457 1522 1491 II.
1549 1463 1630 1504 part.
1646 1452 1669 1485 I.
1686 1464 1717 1500 p.
1737 1460 1814 1492 270·

59 1522 172 1564 putat,
200 1511 325 1547 editum
342 1508 405 1547 effe
428 1523 505 1558 1515.
558 1512 598 1547 In
619 1509 741 1548 eodem
763 1523 845 1547 vero
867 1512 934 1548 hoc
955 1511 1042 1547 libro
1066 1510 1235 1547 adduntur
1256 1523 1352 1546 aurea
1373 1511 1515 1545 carmina
1538 1506 1755 1555 Pythagorae
1781 1509 1814 1535 et

58 1565 173 1614 versus
196 1564 394 1612 Phocylidis,

160 1631 237 1668 Vid.
259 1629 387 1669 doetiss‘.
411 1644 462 1667 am
479 1630 574 1667 Ende
598 1633 631 1666 in
653 1633 779 1681 Georg.
798 1631 980 1669 Theodori
1003 1631 1134 1667 Strobel
1158 1627 1397 1667 Miscellaneen
1426 1624 1647 1665 literarischen
1673 1620 1814 1664 Inhaks,

60 1685 192 1724 eolleft.
210 1686 263 1721 1V.
290 1700 323 1735 p.
342 1697 378 1732 57
396 1682 443 1734 sq.
462 1687 517 1735 qui
535 1683 720 1720 versionem
736 1683 923 1735 prosaicam
939 1683 1180 1735 opusculorum
1198 1698 1215 1719 a
1229 1682 1431 1732 Nachtgailo
1455 1679 1577 1718 faCtam
1601 1675 1664 1714 esse
1686 1671 1814 1718 censet3

58 1736 248 1774 versionem
266 1747 377 1772 tamen
394 1739 593 1786 Pythagorei
611 1748 642 1773 et
658 1737 851 1784 Phocylidei
876 1742 1066 1774 carminum
1091 1735 1153 1773 effe
1177 1735 1350 1779 eamdem,
1378 1749 1460 1785 quae
1482 1734 1526 1770 est
1549 1737 1582 1769 in
1607 1729 1686 1767 edit.
1699 1724 1813 1764 Lasca·

61 1792 104 1825 ris
127 1787 264 1831 Aldina,
289 1787 461 1826 Glandorf
479 1789 563 1826 Lm.
584 1805 618 1839 p.
633 1790 699 1825 XL.
715 1794 920 1840 pronuntiat.

166 1856 313 1892 Plurima
332 1858 455 1892 horum
474 1855 730 1907 opusculorum,
756 1858 908 1895 Hesiodo
926 1868 1078 1908 excepto,
1096 1856 1207 1893 recudi
1224 1854 1302 1893 fecit
1319 1855 1510 1905 Nachtgail,
1531 1864 1612 1900 1523.
1639 1853 1684 1887 vti
1700 1847 1814 1900 postea

61 1909 265 1951 videbimus,
292 1919 323 1944 et
338 1922 438 1958 quain
454 1908 635 1945 editionem
653 1911 694 1946 cl.
709 1923 760 1946 am
781 1912 876 1946 Ende
893 1911 1020 1947 vberius
1039 1908 1215 1960 descripsit.

162 1977 377 2026 Pythagorae
405 1988 436 2012 et
461 1978 647 2025 Phocyliclis
679 1982 827 2014 carmina
851 1992 903 2029 gr.
927 1990 959 2015 et
980 1979 1036 2017 lat.
1068 1992 1145 2014 cura
1171 1978 1361 2013 Io.Setzeri
1386 1988 1425 2011 ex
1454 1972 1621 2010 academia
1650 1971 1815 2006 Thomae

59 2030 252 2073 Anshelmi,
280 2031 460 2077 Hagenoae
474 2028 540 2065 fine
557 2033 632 2065 anui
650 2041 729 2067 nota
752 2029 954 2076 (secundum
975 2029 1170 2067 Hirschium
1196 2042 1307 2066 tamen
1330 2032 1363 2063 in
1387 2026 1493 2063 indice
1516 2026 1679 2061 librorum
1699 2021 1811 2059 Mille-

61 2097 129 2119 nar.
145 2085 183 2119 11.
209 2098 241 2132 p.
261 2095 302 2129 ις.
332 2096 385 2119 an.
404 2083 506 2128 ¹5¹9·)
521 2081 694 2131 prodiisse,
724 2087 910 2134 iterumque
931 2083 1090 2126 Bafileae,
1118 2096 1205 2130 1547.
1230 2091 1261 2124 8.
1316 2082 1441 2116 Fabric.
1466 2077 1551 2114 infra
1574 2079 1672 2121 §.HL
1695 2075 1753 2110 fin.
1778 2084 1812 2109 et

61 2134 233 2174 Glandorf
242 2135 262 2170 l.
279 2149 324 2174 m,
341 2149 372 2185 p.
391 2136 574 2170 XXXVIII.
593 2149 632 2171 ex
647 2137 742 2172 catal.
759 2136 922 2173 librorum
942 2135 1178 2187 imprefforum
1194 2134 1343 2170 biblioth.
1359 2132 1556 2168 Bodleianae
1578 2129 1791 2166 adnotarunt.

166 2205 346 2251 Scriptores
360 2204 486 2250 aliquot
505 2203 668 2246 Gnomici,
697 2207 752 2247 iis,
776 2208 832 2255 qui
853 2219 1046 2253 graecarum
1071 2204 1255 2240 litterarum
1274 2201 1438 2237 candidati
1458 2198 1549 2241 sunt,
1576 2196 1733 2234 vtiliffimi
1761 2215 1810 2222 -

11 2276 20 2282 ·
61 2276 115 2284 —
139 2277 191 2284 —
216 2256 339 2305 Aesopi
353 2259 417 2291 vita
432 2269 510 2290 cum
526 2253 644 2291 fabulis
671 2278 722 2283 —
749 2278 801 2283 -—
833 2259 975 2292 Gabriae
991 2255 1057 2293 sab.
1089 2276 1141 2282 --
1166 2256 1340 2302 Agapetzss
1371 2275 1420 2280 —
1454 2252 1635 2288 Illussrium
1660 2252 1811 2284 virorum

13 2320 22 2336 ⁸
61 2305 238 2345 sententiae
261 2308 423 2359 quaedam
446 2306 709 2358 philosophicae.
757 2310 887 2358 Hqfiodi
918 2329 969 2336 -—
1007 2309 1205 2355 Theognidis
1219 2307 1420 2355 fllegarens'is
1443 2303 1620 2341 sententiae
1636 2302 1812 2351 elegiacae.

16 2375 19 2402 ζ
61 2361 274 2409 Pythagorae
291 2365 438 2397 carmina
453 2375 528 2396 vere
544 2375 649 2398 aurea.
703 2361 890 2409 Phocylidis
905 2358 1099 2397 sanfflffima
1114 2371 1287 2409 praecepta
1302 2361 1447 2394 carmine
1463 2360 1611 2402 heroico,
1638 2368 1714 2391 cum
1729 2352 1815 2389 duo·

61 2413 119 2449 bus
133 2417 382 2463 epigrammatis
397 2417 430 2449 in
446 2413 601 2450 eundem.
655 2415 833 2450 Poetarum
857 2411 972 2450 senarii
995 2427 1072 2448 cum
1092 2412 1198 2448 indice
1214 2426 1327 2448 rerum
1345 2411 1508 2462 apposito,
1559 2408 1700 2445 Bafileae
1722 2403 1811 2456 apud

0 2494 2 2498 .
60 2465 110 2503 lo.
126 2467 339 2504 frobenium.
366 2479 445 2514 ¹521·
470 2472 502 2506 8.
534 2465 599 2503 vid.
615 2479 752 2517 quoque
771 2464 886 2517 supra,
917 2464 992 2501 edd.
1010 2467 1152 2514 Aesopi,
1179 2466 1212 2501 h.
1227 2478 1258 2501 a.

15 2527 21 2535 ¹
898 2525 930 2557 V
946 2536 966 2559 v
993 2535 1014 2558 v
1028 2535 1047 2558 v
1073 2535 1092 2566 3
1689 2518 1810 2552 Graece
