2183 2747
700 210 1168 260 ¹PYTHAGORICORVM.
1428 211 1502 251 Lib.
1518 211 1568 248 ῙῙ.
1585 225 1606 248 c.
1624 222 1664 258 ¹5·
1767 218 1828 258 873

167 310 202 345 in
217 308 428 347 Matthaeum
445 322 478 360 p.
495 310 571 356 369.
587 319 684 360 atque
698 309 821 347 eodem
838 307 960 347 referre
980 309 1069 352 licet,
1096 307 1189 358 quod
1207 306 1458 345 ecclesiasticum
1468 305 1711 359 philosophum
1727 319 1825 346 vocat

167 363 200 398 S.
217 362 388 400 Maximus
411 366 444 400 in
462 362 665 408 Dionysium
683 366 849 414 Areopag.
871 377 942 413 cap.
960 377 987 411 5.
1012 361 1176 408 Mysticae
1194 361 1298 398 theol.
1318 372 1404 398 tom.
1424 362 1462 397 11.
1479 375 1510 411 p.
1529 370 1579 408 85.
1609 360 1753 397 Rufinus
1768 375 1822 397 au.

170 423 253 459 tem,
282 420 338 466 qui
356 419 482 466 primus
497 414 553 452 sub
573 417 654 452 Sixti
673 419 828 462 martyris
845 419 983 453 nomine
999 415 1096 452 illum
1107 412 1380 451 sententiolarum
1397 414 1549 451 libellum
1567 413 1677 450 latinis
1693 414 1824 450 auribus

171 469 437 513 commendauit,
464 483 536 506 non
552 468 659 505 inodo
675 472 866 506 temeritatis
883 480 915 506 et
935 466 1078 505 insaniae
1103 481 1144 504 eo
1166 470 1306 505 nomine
1331 470 1479 518 arguitur
1499 467 1538 502 ab
1561 468 1762 515 Hieronymo
1787 470 1824 504 in.

168 535 240 572 cap.
257 530 303 566 18.
324 525 447 560 Ezech.
463 535 495 559 et
510 522 549 559 ad
571 522 825 572 Ctesiphontem
844 532 960 558 contra
977 521 1181 571 PelagianOS,
1205 531 1237 557 et
1250 534 1320 571 cap.
1340 533 1389 557 22.
1407 523 1441 556 in
1460 522 1657 565 Ieremiam3
1679 518 1733 556 sed
1749 532 1825 556 mo-

169 585 267 611 netur
281 579 382 612 etiam
407 578 439 612 in
457 590 498 613 eo
513 575 645 618 Christi,
671 578 810 625 Spiritus
827 576 860 612 S⁴
875 577 938 612 Dei
955 577 1064 624 patriS,
1088 575 1358 623 patriarcharum,
1386 575 1627 623 prophetarum
1647 582 1679 609 et
1694 572 1825 622 aposso-

170 625 284 664 lorum
307 631 448 666 nomina
463 632 601 670 reticeri,
630 641 736 679 quum
752 632 785 664 in
800 630 1005 672 Hieronymi
1027 625 1208 671 sententiis,
1244 641 1325 677 quas
1348 629 1398 663 vir
1418 626 1496 662 clar.
1519 640 1551 676 p.
1571 629 1610 670 63
1626 624 1673 674 sq.
1699 627 1825 670 obiicit,

169 683 267 717 toties
285 681 435 718 Christus
451 682 492 718 de
509 684 650 718 nomine
671 681 862 718 celebretur.
917 683 960 716 Et
989 682 1059 730 quis
1081 690 1196 729 neget,
1228 680 1267 715 ab
1288 681 1422 715 ethnico
1445 681 1544 715 etiam
1567 675 1706 728 potuisse
1731 677 1824 714 scribi

169 731 395 783 philosopho,
436 734 513 770 licet
542 734 627 770 nihil
651 732 800 770 additum
825 748 843 769 a
861 732 988 769 Rufino
1012 732 1213 782 largiamur,
1237 730 1372 769 sentent.
1398 745 1465 779 171.
1492 733 1657 778 Sapientia
1682 733 1825 767 animum

165 789 319 833 perducit
334 789 378 822 ad
393 788 517 822 αἐιιηκ-
532 798 562 823 et
578 799 645 832 172.
671 787 769 822 Nihil
782 794 847 822 tam
863 786 1068 822 vernaculum
1075 786 1267 834 sapientiae,
1294 797 1388 832 quam
1404 787 1538 827 veritas,
1564 795 1596 820 et
1619 782 1756 821 sentent.
1773 796 1824 829 34.

173 839 268 873 habes
283 842 317 874 in
332 846 364 875 tc
379 841 506 887 aliquid
513 839 620 886 stmilc
636 841 704 876 deo.
760 840 845 875 Sane
859 850 983 886 tamen,
1011 837 1035 874 si
1051 839 1315 887 interpolatorias
1333 850 1450 873 manus
1465 835 1616 886 suspicari
1637 839 1670 872 in
1684 838 1736 872 his
1757 835 1827 873 sen-

171 893 280 927 tentiis
298 905 368 928 non
386 891 460 929 effet
474 890 612 937 necess'e,
637 891 849 928 christianum
870 890 1063 941 scriptorem
1081 891 1153 926 illae
1168 892 1248 927 hinc
1264 889 1342 927 inde
1357 889 1547 939 proderent.
1598 892 1829 940 Qaecunque

173 955 285 980 autem
304 947 465 982 habemus
481 959 607 995 graeca,
635 959 672 982 ea
686 945 725 981 ab
740 947 876 980 ethnico
901 942 1062 994 proficisci
1081 954 1262 993 potuerunt
1277 946 1404 980 omnia.
1443 941 1545 992 Qod
1562 955 1666 991 porro
1682 943 1826 980 Lauren-

175 1000 240 1033 tius
258 1010 385 1043 martyr
401 999 487 1047 apud
503 1000 536 1036 S.
555 999 758 1050 Ambrqfiicm
775 999 800 1035 1.
822 997 862 1034 de
881 997 1009 1034 Officiis
1029 996 1196 1032 inducitur
1211 995 1250 1032 ad
1261 999 1405 1039 Sixtum,
1432 997 1582 1040 martyrii
1601 993 1825 1040 candidatum,

172 1048 305 1086 dicens:
332 1053 463 1086 ahiefflo
479 1052 637 1100 discipuli,
663 1054 890 1087 detrimentum
905 1050 948 1098 est
966 1048 1124 1098 magistri,
1149 1053 1200 1084 cui
1218 1047 1418 1098 respondere
1435 1046 1576 1091 videtur,
1604 1047 1694 1096 quod
1720 1047 1766 1084 est
1789 1051 1824 1083 in

177 1105 258 1138 Sixti
274 1101 436 1139 sententiis
452 1119 484 1140 n.
502 1111 572 1149 178.
597 1111 730 1151 peccata
752 1104 938 1152 discentium
963 1105 1139 1149 opprobria
1151 1102 1237 1150 fiant
1257 1101 1446 1145 doHorum;
1477 1098 1519 1135 ad
1542 1101 1611 1136 hoc
1633 1097 1826 1149 responderi

178 1155 298 1205 potest,
325 1156 416 1205 quod
435 1171 504 1193 non
528 1159 621 1194 Sixto
640 1157 672 1194 id
691 1158 854 1200 tribuitur,
878 1154 932 1192 sed
951 1158 1146 1199 Laurenti03
1182 1154 1301 1190 deinde
1323 1152 1415 1204 quod
1435 1151 1559 1189 diuersa
1583 1150 1739 1188 sententia
1762 1152 1826 1197 ess;

171 1219 243 1244 tuin
260 1215 349 1257 quod
366 1210 508 1246 Rufinus
526 1210 630 1253 illam,
656 1220 690 1246 vt
708 1209 781 1251 alia,
806 1207 928 1246 addidit
943 1205 1078 1244 fortasse
1093 1207 1134 1244 de
1150 1205 1230 1251 suo3
1255 1206 1398 1256 denique
1411 1219 1594 1242 commune
1611 1206 1676 1240 hoc
1691 1208 1827 1242 axioma

175 1259 317 1309 potuiise
331 1265 430 1298 etiam
447 1264 580 1300 ethnico
599 1261 803 1312 philosopho
820 1265 853 1298 in
871 1272 1021 1298 mentem
1037 1264 1160 1297 venire.
1216 1261 1361 1310 Gelcfins
1375 1272 1510 1308 quoque
1525 1260 1742 1303 Hieronymo
1763 1255 1826 1294 suf-

176 1311 322 1363 fragatus
337 1318 536 1365 apocryphis
551 1314 698 1352 accenset
715 1316 831 1351 librum
845 1316 1106 1362 prouerbiorum,
1135 1315 1192 1362 qui
1206 1315 1244 1348 ab
1259 1314 1421 1348 haereticis
1445 1311 1604 1358 (Rufino)
1628 1311 1826 1358 conscriptus

176 1366 217 1412 est
233 1375 261 1401 ct
279 1369 311 1403 S.
329 1371 416 1404 Sixti·
430 1371 790 1417 nomimpraeiiotatus.
843 1367 973 1405 Rufino
985 1377 1098 1403 tamen
1117 1364 1240 1402 adsensi
1260 1363 1331 1400 sunt
1347 1377 1417 1400 non
1432 1362 1538 1400 modo
1568 1363 1732 1412 Pelagius,
1768 1360 1826 1398 sed

173 1430 205 1454 et
220 1420 429 1467 Augustinus
444 1425 555 1471 primo
575 1423 627 1457 lib.
644 1421 684 1458 de
700 1424 825 1459 Natura
843 1431 874 1457 et
889 1423 991 1470 gratia
1006 1433 1076 1469 cap.
1094 1423 1149 1466 64.
1176 1421 1253 1468 (qui
1272 1429 1381 1454 tamen
1398 1416 1428 1452 id
1445 1416 1554 1466 postea
1570 1417 1753 1452 retractauit
1770 1415 1826 1452 lib.

175 1472 214 1507 11.
234 1475 359 1509 retract.
377 1487 446 1522 cap.
468 1476 538 1520 42.)
565 1484 597 1511 et
617 1477 706 1520 Syri,
734 1477 789 1524 qui
805 1472 861 1510 sua
877 1473 991 1523 lingua
1007 1470 1177 1509 sententias
1195 1472 1265 1507 illas
1283 1469 1340 1506 sub
1358 1472 1437 1506 Sixti
1455 1468 1596 1518 episcopi
1613 1471 1750 1504 nomine
1770 1469 1827 1514 (ex

176 1524 290 1560 Rufini
309 1525 472 1569 versione,
497 1538 531 1563 vt
545 1527 700 1575 videtum)
727 1528 846 1563 habent
867 1526 944 1562 teste
963 1525 1080 1562 Hebed
1099 1522 1178 1568 lesu,
1206 1535 1236 1560 et
1255 1523 1389 1572 Joseplio
1404 1524 1519 1557 ffllarin
1537 1522 1725 1569 Affcmcitino
1743 1531 1827 1558 tom.

175 1579 202 1613 Ι.
223 1578 297 1614 bibl.
314 1580 465 1617 oriental.
485 1594 516 1630 p.
532 1593 605 1627 429.
621 1591 692 1617 tum
712 1594 782 1617 non
801 1577 869 1629 ipse
885 1577 1028 1615 Isidorus
1044 1575 1140 1627 Hisp.
1166 1576 1217 1613 sed
1241 1578 1358 1612 audior
1379 1574 1569 1625 adpendicis
1595 1573 1635 1609 ad
1660 1572 1826 1610 isidorum

178 1642 210 1667 et
234 1629 441 1668 lldesonsum
462 1632 501 1669 de
523 1632 672 1682 scriptor.
692 1630 807 1669 eccles.
830 1646 899 1680 cap.
921 1634 944 1668 Ι.
966 1630 1145 1667 adfirmans
1171 1640 1300 1671 tamen,
1335 1629 1405 1663 hnic
1428 1628 1576 1675 opii-sculo
1603 1628 1641 1661 ab
1663 1627 1828 1661 haereticis

175 1686 329 1733 quaedam
349 1693 460 1721 contra
479 1685 819 1737 ecclssasticanifideni
842 1684 896 1734 effi
924 1685 1066 1733 inserta,
1099 1696 1161 1731 quo
1181 1683 1314 1730 facilius
1327 1681 1394 1730 sub
1420 1683 1543 1716 nomine
1567 1681 1652 1714 santi
1673 1680 1828 1727 martyris

170 1739 401 1786 pcrueisorum
419 1740 607 1787 dogmatum
624 1742 820 1786 reciperetur
835 1738 989 1786 adsbrti'o.
1043 1735 1232 1773 Laudentur
1248 1736 1344 1770 etiam
1364 1735 1445 1770 Sixti
1463 1746 1564 1782 papae
1582 1731 1722 1767 instituta
1739 1728 1828 1779 apud

176 1800 325 1826 veterem
340 1792 512 1828 ευίὶοτειῃ
528 1791 734 1828 collectionis
753 1790 792 1828 de
808 1791 991 1827 Virtutibus
1008 1801 1039 1827 et
1053 1792 1149 1832 vitiis,
1176 1787 1303 1824 editum
1319 1801 1336 1823 a
1353 1787 1543 1821 mabillonio
1563 1798 1593 1834 p.
1611 1788 1662 1820 62.
1679 1783 1829 1820 Analeet.

177 1841 257 1878 edit.
279 1856 398 1885 nouae,
425 1847 460 1880 in
476 1842 537 1881 fol,
556 1855 621 1882 eta
642 1846 819 1881 Laurentio
843 1839 981 1886 Pisano,
1015 1845 1070 1892 qui
1096 1845 1177 1878 Sixti
1202 1839 1372 1877 sententias
1402 1842 1542 1874 imitatus
1565 1839 1675 1872 diuina
1701 1837 1831 1872 oracula

179 1894 334 1942 adpellat‚
367 1895 492 1932 Tlioma
511 1898 756 1934 Bradwmdino
773 1901 807 1933 in
826 1894 932 1933 caussa
950 1896 1014 1937 dei,
1043 1896 1216 1932 Vincentio
1237 1892 1458 1942 Bellouacmst,
1486 1893 1520 1926 in
1542 1890 1684 1939 Speculo
1706 1888 1830 1926 morali

181 1958 214 1984 et
227 1946 341 1984 histor.
359 1959 390 1983 et
406 1950 444 1984 ab
463 1950 598 1986 auclore
614 1949 655 1986 de
671 1953 743 1986 vitis
759 1947 1041 1999 philosophorum
1057 1961 1126 1997 cap.
1145 1961 1200 1983 110
1217 1944 1264 1996 sq.

293 2015 394 2064 Qod
413 2020 444 2052 in
461 2016 528 2053 aliis
545 2017 746 2054 versionibus
764 2016 827 2054 suis
850 2019 1058 2054 mentionem
1077 2015 1277 2065 scriptorum
1294 2010 1441 2061 losephi,
1469 2009 1673 2054 Clementis,
1714 2011 1832 2061 Orige⁴

180 2071 230 2105 nis
248 2079 278 2105 et
298 2067 426 2105 Eusebii
442 2067 550 2106 fecisse
566 2069 779 2119 cognoscitur
799 2070 948 2112 Rufinus,
976 2080 1010 2105 vt
1025 2083 1146 2119 magna
1160 2069 1304 2104 libertate
1319 2063 1391 2100 vsus
1407 2062 1516 2107 fucrit,
1543 2076 1651 2112 neque
1666 2062 1832 2100 dubitaue-

183 2125 225 2158 rit
241 2121 441 2170 interpolare
458 2121 618 2172 quaedam
636 2134 667 2160 et
689 2121 827 2164 addere,
861 2121 1062 2171 demereque
1085 2121 1165 2162 alia,
1192 2130 1226 2156 vt
1244 2117 1434 2166 scriptoreS,
1462 2129 1544 2172 quos
1566 2117 1706 2165 legeret,
1739 2129 1832 2153 com-

185 2174 439 2211 mendabiliores
453 2174 592 2217 faceret3
630 2176 717 2211 idem
740 2179 772 2211 in
796 2177 863 2211 hoe
887 2178 974 2211 Sexti
998 2172 1191 2224 philosophi
1217 2170 1401 2207 enchiridio
1425 2167 1536 2204 fecisse
1561 2168 1705 2216 videtur,
1742 2166 1834 2218 quod

185 2225 254 2275 ipse
268 2227 374 2274 Xysso
398 2227 464 2264 siue
486 2230 580 2263 Sixto
603 2226 760 2278 episcopo
779 2228 889 2264 tribuit
902 2239 1001 2275 atque
1018 2227 1151 2262 anulum
1168 2222 1335 2272 inscripsit.
1389 2222 1440 2256 Ab
1463 2219 1584 2256 eodem
1606 2219 1736 2257 videtur
1756 2233 1834 2270 pro-

189 2278 276 2316 fecta
289 2279 408 2317 diuisio
428 2281 527 2317 libelli
549 2284 581 2316 in
598 2280 676 2317 duas
693 2291 809 2330 parteS,
834 2284 926 2315 cuius
943 2282 1177 2323 Hieronymus
1195 2278 1360 2317 meminit,
1383 2284 1413 2310 et
1431 2287 1513 2322 quae
1529 2271 1651 2309 seruata
1669 2276 1766 2310 etiam
1787 2271 1833 2310 est

189 2333 226 2375 in
246 2332 404 2377 editione,
432 2348 531 2384 quani
547 2333 651 2383 Lugd.
671 2345 760 2379 1507.
777 2345 808 2376 4.
835 2331 1007 2368 adornauit
1028 2331 1294 2379 Symphorianus
1315 2328 1533 2375 Champerius
1563 2339 1641 2361 cnm
1662 2325 1748 2363 libro
1772 2323 1832 2363 suo

192 2384 234 2423 de
253 2385 460 2437 quadruplici
479 2389 543 2423 vita
564 2396 594 2422 et
608 2387 856 2423 commentariis
870 2383 911 2420 :id
926 2383 1159 2432 Theologiam
1178 2379 1316 2430 Asclepii
1337 2389 1368 2416 et
1383 2376 1523 2414 Isocrate
1538 2377 1578 2414 ad
1594 2379 1834 2415 Demonicnin.

194 2439 232 2474 In
249 2440 310 2475 hac
326 2442 415 2475 enirn
431 2438 661 2476 sententiarum
685 2440 771 2474 Sexti
798 2437 942 2474 editione
963 2450 1036 2487 pars
1059 2433 1199 2471 secunda
1219 2436 1333 2483 incipit
1361 2432 1400 2468 ab
1424 2431 1499 2475 illa,
1534 2444 1618 2481 quae
1637 2434 1671 2467 in
1691 2431 1837 2468 editione

193 2490 314 2528 laudati
333 2493 434 2528 Sibcri
453 2492 497 2528 est
512 2494 639 2528 CLXX.
665 2493 762 2528 Fides
779 2504 885 2526 onmes
900 2490 991 2525 astus
1007 2496 1080 2525 tuor
1095 2487 1279 2536 praecedat.
1333 2487 1371 2520 ln
1392 2483 1507 2520 eadem
1527 2486 1769 2534 Chainperiana
1784 2496 1838 2519 ex-

193 2541 251 2580 stat
269 2558 405 2597 quoque
418 2542 578 2584 sententia
590 2544 678 2583 lecta
694 2543 881 2596 Augustino
896 2553 927 2581 et
943 2542 1098 2593 Pelagio:
1127 2542 1326 2577 Libertatem
1342 2539 1472 2574 arbitrii
1479 2537 1512 2586 s
1507 2539 1540 2573 ui
1547 2537 1692 2588 permifit
1706 2538 1839 2625 homilii-

139 2601 206 2638 701.
219 2604 249 2638 Ι.
1056 2596 1078 2632 S
1093 2607 1108 2631 s
1133 2606 1148 2631 s
1161 2606 1174 2630 s
1186 2605 1202 2631 s
1805 2600 1844 2624 us
