2183 2747
78 121 140 151 Vol.
149 122 172 150 1.
181 131 207 158 p.
217 123 263 150 261

684 120 861 158 THEMA
905 119 1219 160 NATALITIVM.
1432 122 1506 159 Lib.
1526 123 1575 160 II.
1602 135 1628 160 c.
1648 135 1669 159 ι.

1774 135 1827 170 331

74 216 203 262 sensus,
228 217 284 255 etsi
301 215 385 254 adeo
402 219 513 254 exm‘le
530 217 623 254 illam
639 219 794 255 nonnulli
813 230 921 256 tenere
939 217 970 255 se
990 229 1164 269 putarunt,
1191 228 1226 254 vt
1240 227 1271 254 et
1286 218 1399 253 thema
1419 222 1486 254 eius
1499 219 1745 267 genethliacum
1767 232 1825 257 tra-

73 270 234 311 diderint,
269 272 432 322 quem-,iclxi
452 272 557 307 oium
584 274 684 306 lulius
709 274 864 307 l-‘irmim
889 272 942 308 lib.
961 275 1002 308 V.
1026 269 1167 308 Mathes.
1193 285 1223 321 p.
1239 284 1288 315 77.
1309 285 1387 306 cum
1410 270 1554 314 dixiss'et,
1589 275 1768 309 Saturnum
1792 278 1824 310 in

73 337 168 360 nono
187 326 226 360 ab
249 322 438 373 horoscopo
463 326 539 360 loco
563 324 727 374 positum,
754 336 786 360 et
808 328 842 361 in
869 327 979 361 Leone
1001 325 1216 361 constitutum
1240 321 1347 359 sacci-e
1367 323 1519 361 diuinum
1544 328 1678 362 Poctam
1702 329 1823 362 heroici

73 376 246 413 cuiusdam
262 380 434 418 carminis,
465 389 496 413 vt
512 380 653 413 Martios
677 377 826 428 strepitus
847 391 1104 428 pugnarumque
1126 376 1303 413 metuenda
1326 382 1505 414 certamina
1528 376 1646 414 famosi
1671 383 1824 415 carminis

73 430 244 466 nobilitate
259 428 450 479 perscribat:
478 432 572 473 talis,
601 432 726 481 inquit,
755 433 919 466 Gnatum
935 432 1130 473 Homerum,
1159 431 1320 465 Diuinum
1342 433 1374 464 in
1391 431 1496 467 Iliade
1515 432 1625 467 Caum·
1641 432 1824 480 [Sibyllini]

72 485 222 517 carminis
239 481 612 531 ⁸⁸)fec1'tinterpretem.
668 482 731 519 Sed
750 487 801 519 vix
817 483 882 519 vlla
901 487 933 519 in
950 498 984 520 re
1003 487 1108 533 magis
1124 487 1158 519 in
1173 480 1298 519 diuo-sa
1317 484 1435 519 abeunt
1450 481 1640 533 scriptores,
1669 488 1711 520 vti
1731 483 1826 521 facile

73 535 236 586 intelliget
260 535 385 582 lector,
407 535 429 571 fi
455 536 504 572 vel
531 547 653 572 veteres
673 534 759 587 ipsos
782 534 983 573 consuluerit
998 537 1137 574 Gellium
1158 536 1212 572 lib.
1235 537 1288 570 111.
1302 549 1372 586 cap.
1392 549 1430 571 11.
1454 547 1484 572 et
1501 537 1554 572 lib.
1572 539 1671 572 xvn.
1694 552 1763 587 cap.
1781 551 1825 575 21.

71 589 278 632 Tatianum,
307 588 538 625 Clementem.
566 586 764 632 Eusebium,
794 590 1026 626 Philostratum
1045 593 1077 625 in
1099 591 1259 631 heroicis,
1285 589 1336 624 vbi
1360 588 1401 625 de
1418 591 1601 640 Euphorbo
1622 594 1707 640 agit,
1735 594 1824 640 [cap.

73 648 120 682 18.
137 638 210 678 sect.
229 654 255 678 2.
272 655 302 691 p.
321 646 382 686 7:16
402 640 443 692 sq.
468 642 543 678 edit.
559 642 715 688 Olearia]
732 644 896 678 'I'zetzam
922 643 1010 679 Cliil.
1027 656 1068 678 ιε.
1090 643 1162 678 hist.
1181 653 1253 689 399.
1279 641 1444 692 aliosque:
1473 642 1525 678 vel
1551 657 1569 679 e
1592 645 1826 680 recentioribus

73 692 187 730 adierit
202 695 373 729 Mai-etum
389 698 421 729 in
441 698 510 730 Cic.
530 697 550 730 Ι.
572 692 675 731 Tuse.
689 695 810 746 quaesi.
833 697 856 731 l.
876 709 938 742 191.
992 696 1184 745 Diemffum
1202 695 1374 730 Patauium
1393 695 1450 731 lib.
1472 694 1525 732 lx.
1549 695 1719 733 dotstrinae
1744 708 1824 733 tem-

72 759 198 796 porum
214 761 286 797 cap.
304 759 353 790 32.
409 749 477 782 Joh.
498 749 658 783 Rnaldum
673 746 891 787 aninmduers.
908 748 961 784 vlt.
984 752 1015 784 in
1032 748 1245 784 Plutarchum
1259 776 1268 791 ‚
1295 749 1366 783 1011.
1384 749 1571 784 Mai-:hami
1594 752 1676 785 Can.
1696 752 1823 786 Chron.

74 813 107 850 p.
126 811 196 844 437.
212 810 243 835 et
259 813 342 849 quae
363 801 421 835 Do
434 802 573 841 imulluc,
600 804 632 836 in
651 799 872 838 dili-erratione
889 805 980 837 tertia
996 801 1036 837 de
1051 803 1256 837 Graecorum
1273 801 1397 846 Cyn-lix.
1425 800 1525 849 [adde
1541 804 1662 839 Viuem
1687 813 1717 838 et
1740 805 1827 854 Coq.

74 851 114 888 ad
134 852 304 902 Auguslin.
323 853 376 889 lib.
395 856 448 889 ΙΙΙ.
466 852 506 889 de
521 856 650 889 ciuitate
667 852 718 890 dei
735 868 804 904 cap.
821 867 847 891 2.
884 853 1060 891 Comi-dus
1075 854 1203 904 Anglus
1229 853 1417 895 contendit,
1441 856 1635 891 Homerum
1662 867 1693 890 et
1710 855 1827 892 Hesio-

74 904 156 940 dum
172 904 312 941 demum
327 920 354 944 τι,
373 914 437 952 558.
456 917 529 942 ante
545 909 622 944 Chr.
639 904 756 943 vixisse.
784 906 849 943 vid.
867 909 1015 957 Gotting.
1031 905 1093 956 gel.
1110 908 1189 942 Zeit.
1206 910 1289 952 1756.
1304 920 1335 956 p.
1356 910 1430 953 629.
1462 908 1591 956 Heum]
1646 909 1732 943 Mihi
1757 914 1828 958 qui·-

74 957 153 994 dem
170 961 203 993 in
221 956 378 1008 praesenti
398 957 534 1002 suffieit,
557 963 592 994 in
609 973 677 1009 quo
694 963 900 996 conueniunt
916 961 1019 1010 probe
1036 973 1172 1002 omnes,
1200 970 1231 994 et
1246 959 1356 995 multo
1381 959 1539 1010 posterius
1562 961 1651 996 bello
1670 962 1826 999 Troiano

74 1010 155 1058 (vid.
173 1010 335 1048 Benedici.
356 1014 497 1047 Auerani
520 1009 590 1048 diff.
607 1013 661 1047 IX.
687 1015 720 1048 in
733 1011 893 1058 Thucyd.
922 1024 1001 1048 tom.
1019 1016 1041 1049 1.
1060 1015 1161 1062 Oper.
1184 1026 1215 1062 p.
1231 1018 1320 1056 250.)
1351 1023 1381 1048 et
1406 1011 1665 1063 antiquiffimnm
1696 1011 1759 1050 effe
1787 1029 1826 1052 ex

74 1065 261 1100 auctoribus
290 1067 434 1114 graecis,
460 1077 543 1114 qnos
565 1065 745 1104 habemus,
779 1080 821 1101 ne
846 1065 996 1101 Hesiodo
1029 1065 1164 1115 quidem
1197 1076 1354 1115 excepto,
1390 1064 1456 1101 fine
1483 1066 1556 1116 post
1584 1066 1826 1116 Olympiadem

75 1119 194 1153 XXIII.
211 1116 351 1153 demum
370 1120 502 1159 vixerit,
531 1127 564 1152 vt
577 1117 647 1152 vult
662 1116 884 1159 Dodxwellus,
908 1117 974 1154 siue
992 1129 1025 1154 vt
1040 1118 1108 1153 aliis
1126 1117 1274 1162 videtur,
1300 1118 1434 1169 longius
1449 1132 1467 1154 a
1486 1118 1604 1156 nostris
1620 1121 1824 1170 temporibus

75 1181 223 1207 remotus
237 1167 356 1214 fuerit,
378 1169 430 1206 vel
446 1169 610 1221 Olympia
623 1167 691 1220 ipsa
705 1181 809 1208 aetate
836 1174 1046 1208 anteuerterit
1059 1168 1117 1207 Μ’).

1057 1250 1115 1285 Tt
1141 1262 1160 1285 a
1641 1251 1680 1289 X.
1708 1250 1828 1288 Nullus

975 1344 1059 1369 terat.
1083 1336 1145 1367 und
1165 1337 1264 1367 Kunst.
1281 1337 1303 1366 1.
1322 1335 1423 1366 incdit.
1447 1347 1475 1378 p.
1492 1339 1530 1371 8.)
1552 1336 1588 1366 ab
1605 1336 1717 1369 Ouidio
1731 1340 1824 1370 Trist.

976 1384 1027 1412 1v.
1045 1393 1087 1411 ιο.
1105 1392 1150 1411 22.
1166 1389 1195 1410 et
1210 1380 1281 1410 alibi
1297 1381 1407 1422 passim.
1431 1380 1505 1410 adde
1524 1380 1638 1411 Horat.
1653 1383 1674 1412 1.
1690 1382 1780 1419 od.6‚
1797 1393 1824 1413 ι.

119 1341 174 1375 aa)
195 1337 273 1369 Vide
289 1347 364 1380 quae
378 1335 463 1379 supra
478 1335 529 1367 lib.
545 1338 568 1368 1.
585 1348 646 1380 cap.
663 1347 709 1374 29.
725 1347 769 1368 nr.
784 1347 812 1368 2.

118 1382 170 1417 bh)
188 1383 257 1413 Aeta
272 1392 401 1421 agerem,
416 1382 447 1418 fi,
462 1392 494 1412 re
507 1381 667 1412 admodum
684 1385 804 1418 incerta,
820 1392 923 1412 omnes

73 1423 209 1457 'veterum
227 1428 409 1456 narrationes
423 1424 592 1462 fabulasue,
616 1434 644 1456 et
667 1428 786 1462 omnia,
809 1436 885 1467 quae
906 1437 923 1456 a

73 1470 287 1500 recentioribus
311 1472 504 1511 pronunciata
519 1481 659 1511 vmquam
681 1469 820 1505 fuerunt,
844 1469 922 1500 iudi-

74 1516 118 1544 cia
135 1522 163 1544 et
180 1516 308 1545 rationes
322 1522 496 1554 repeterem.
540 1515 637 1554 Atque
650 1516 680 1543 in
699 1513 922 1544 1ntr0du6uone

74 1560 105 1588 in
129 1559 281 1588 historiam
304 1559 335 1586 L.
353 1559 404 1587 Gr.
428 1556 493 1587 sedi.
515 1567 541 1587 2.
564 1568 625 1599 cap.
643 1568 663 1587 1.
688 1569 716 1599 p.
735 1568 764 1587 21
785 1556 825 1598 sq.
848 1567 923 1598 quo-

73 1601 209 1632 rumdam
227 1603 390 1632 testimonia
408 1608 459 1631 aut
473 1603 628 1642 opiniones
644 1603 702 1631 iam
717 1600 820 1631 adtuli.
843 1604 924 1639 Qua-

74 1656 107 1676 re
130 1645 251 1682 sufficit,
287 1644 430 1687 quaedam
453 1644 595 1687 spicilegii
618 1645 684 1676 loco
705 1646 753 1675 hic
785 1645 922 1675 adiicere.

75 1691 104 1730 Si
122 1689 272 1732 inscriptio
297 1699 353 1718 vna
376 1700 442 1719 cuin
464 1688 598 1726 tumulo,
622 1700 639 1720 a
661 1692 767 1719 comite
785 1688 872 1719 Pasch
887 1689 923 1719 de

75 1735 188 1765 Krincn
212 1736 242 1763 in
264 1732 356 1762 insula
374 1735 408 1764 I'o
425 1741 558 1774 reperta,
582 1732 651 1763 effet
673 1735 818 1772 genuina,
841 1733 922 1774 quod

24 1773 30 1776 Δ
75 1786 174 1808 tamen
196 1789 254 1806 non
275 1778 371 1807 videri
394 1777 430 1806 ad
452 1778 670 1818 paragraphum
699 1776 922 1819 praecedentem

77 1824 135 1852 iarn
153 1823 335 1857 monuimus,
359 1823 508 1850 Homerus
525 1820 602 1850 filius
617 1821 676 1852 fuit
687 1821 855 1857 Mentoris,
879 1831 923 1850 re-

75 1868 119 1905 gis
136 1864 330 1901 Pylacoium,
353 1869 454 1906 (quem
476 1864 596 1905 quidem
621 1865 758 1894 eumdem
781 1863 836 1894 effe
857 1876 923 1894 cum

76 1912 234 1944 Mentore,
263 1910 314 1950 qui
341 1910 370 1938 ‘m
392 1907 470 1938 bello
494 1909 612 1938 Troico
644 1908 800 1945 militauit,
836 1917 924 1950 atque

76 1953 152 1984 adeo
170 1955 335 1983 Homerum
353 1960 486 1994 tempore
499 1951 569 1982 belli
585 1951 664 1982 illius
678 1960 729 1982 aut
745 1951 846 1994 paullo
860 1953 924 1994 post

39 2003 46 2038 J
76 1996 161 2028 fuiss'e
184 2005 303 2032 natum,
327 2007 392 2026 cum
422 1991 600 2038 &jornstsshl
619 1995 638 2026 l.
657 2007 696 2026 m.
721 2007 750 2038 p.
769 2006 832 2035 170.
856 1996 924 2026 inde

66 2036 207 2072 >nondum
223 2039 412 2079 colligerem3
435 2048 538 2082 vtpote
553 2051 646 2081 quum
661 2051 734 2071 vnus
752 2051 767 2070 e
787 2039 926 2070 successo-

31 2088 33 2093 ’
75 2085 158 2116 tibus
179 2086 323 2115 Mentoris
346 2086 499 2114 Homerici
519 2083 596 2113 idem
619 2095 726 2114 nomen
748 2094 850 2123 gerere
872 2095 925 2126 po-

75 2128 197 2165 exiisset)
212 2137 241 2158 et
257 2127 411 2161 Criteiae3
435 2127 592 2169 discipulus
613 2136 711 2158 autem
729 2129 927 2169 E1mapidis;

77 2171 405 2212 forsan-Pi·onapidis;
428 2172 473 2201 hic
489 2173 584 2208 enim,
608 2183 659 2202 nec
682 2183 741 2202 non
766 2171 926 2208 Phemion,

78 2215 272 2258 philosophus
287 2223 316 2245 et
330 2213 411 2243 αόιδόι
428 2214 583 2245 secundum
592 2215 731 2258 Eustath.
745 2218 775 2246 in
787 2218 807 2246 1.
819 2215 925 2257 Rhaps.

53 2259 66 2278 ²·
77 2259 233 2296 Odysseae,
256 2268 344 2301 atque
361 2258 522 2302 Aristaeus
538 2261 667 2298 magistri
683 2262 809 2290 Homeri
825 2259 924 2289 ferun-

78 2310 137 2334 tur.
170 2303 255 2334 Conf.
272 2303 437 2335 Blackwell
450 2314 479 2344 p.
494 2309 540 2340 98.
558 2313 608 2333 212
625 2303 684 2345 sqq.
723 2303 816 2335 Lami
831 2303 924 2334 Delie.

79 2349 104 2378 1.
123 2359 152 2390 p.
173 2357 213 2385 79
236 2347 297 2389 sqq.
350 2347 393 2377 Ab
411 2346 498 2378 Aelio
512 2347 649 2389 Aristide
671 2355 743 2378 tom.
762 2350 784 2378 1.
806 2359 834 2390 p.
853 2351 924 2385 476.

79 2398 152 2421 tom.
168 2394 217 2422 111.
232 2403 261 2432 p.
277 2399 346 2429 727.
364 2391 471 2421 dicitur
486 2391 608 2422 Meletis
623 2390 717 2424 filium
744 2391 926 2423 Maeonides

80 2442 190 2471 tutem,
214 2436 242 2464 h.
257 2446 280 2464 e.
298 2437 431 2465 Maeonis
447 2434 535 2471 filius,
559 2434 632 2466 (vid.
652 2435 792 2466 Proclum
809 2435 845 2465 de
863 2438 923 2465 Ho-

79 2487 163 2509 mero
177 2488 212 2509 ex
227 2477 380 2509 Hellanico
395 2478 537 2520 aliisque,
558 2480 589 2509 iu
603 2478 678 2510 Bibl.
700 2479 754 2510 der
774 2479 851 2510 alten
866 2481 925 2510 Lit-

68 2543 88 2560 ἱ

977 1428 1021 1456 De
1038 1428 1099 1456 eius
1115 1425 1175 1455 filia
1191 1433 1219 1454 et
1234 1435 1342 1463 genero
1358 1425 1418 1454 vid.
1429 1423 1505 1454 infra
1522 1423 1572 1453 lib.
1587 1427 1623 1454 11.
1638 1435 1699 1467 cap.
1718 1436 1744 1456 2.
1757 1426 1823 1457 se&

978 1473 1019 1500 16.
1067 1469 1255 1509 Creophylus
1279 1468 1314 1498 ab
1337 1468 1402 1498 aliis
1423 1467 1530 1498 dicitur
1551 1467 1635 1499 fuiss'e
1657 1479 1746 1507 gener
1763 1472 1824 1500 Ho-

976 1516 1068 1550 meri,
1091 1513 1127 1543 ab
1142 1511 1206 1542 aliis
1229 1510 1273 1541 illi
1295 1514 1415 1542 amicus.
1439 1511 1500 1542 vid.
1517 1511 1647 1542 Stridzim
1665 1514 1826 1553 voelqnoe'-

975 1561 1060 1595 φυλος
1072 1579 1082 1594 ,
1105 1557 1206 1598 ibique
1222 1557 1324 1586 Krister
1339 1563 1410 1586 tom.
1427 1558 1462 1586 II.
1478 1566 1506 1597 p.
1526 1565 1585 1593 372„
1607 1563 1635 1586 et
1651 1557 1825 1589 Eudociam

976 1604 1007 1632 in
1025 1601 1102 1636 Ιωνιᾷ
1116 1613 1144 1643 p.
1165 1609 1226 1638 271.
1274 1602 1317 1630 De
1333 1601 1420 1641 stirpe
1433 1601 1496 1629 eius
1511 1608 1539 1629 et
1553 1599 1722 1639 genealogia
1737 1609 1824 1643 atque

977 1647 1151 1684 cognatione
1173 1655 1239 1674 cum
1256 1643 1405 1679 Hesiodo,
1429 1645 1539 1685 quippe
1562 1646 1613 1684 qui
1639 1645 1743 1674 eodem
1767 1655 1827 1676 auo

976 1698 1064 1731 atque
1091 1699 1206 1731 proauo
1226 1688 1265 1718 vsi
1289 1686 1396 1723 ess‘ent,
1435 1687 1495 1716 vid.
1516 1687 1657 1718 l'rosslutn
1678 1687 1696 1717 l.
1719 1700 1742 1718 c.
1765 1700 1792 1730 p.
1807 1695 1823 1722 8

977 1733 1036 1775 sqq.
1064 1742 1092 1763 ct
1118 1732 1230 1773 Hezsnii
1246 1735 1281 1762 V.
1299 1733 1331 1762 C.
1353 1738 1453 1761 notam
1478 1742 1506 1771 p.
1526 1737 1552 1764 18
1569 1730 1608 1771 sq.
1632 1733 1767 1772 inprimis
1787 1733 1823 1763 cl.

976 1778 1005 1809 S
1016 1787 1077 1807 urz
1092 1777 1127 1806 ad
1144 1776 1288 1806 Hellanici
1304 1775 1401 1805 Lesbii
1418 1774 1590 1813 fragmenta,
1613 1776 1724 1816 Lipliae
1741 1783 1822 1815 1787.

977 1832 1042 1863 pag.
1062 1831 1112 1857 154
1131 1820 1190 1862 sqq.
1211 1822 1263 1861 qui
1284 1819 1466 1860 aliquantum
1489 1817 1610 1848 discedit
1631 1820 1666 1848 ab
1684 1819 1824 1851 sententia

978 1867 1149 1900 Heyniana,
1180 1871 1295 1905 praeter
1318 1873 1351 1892 ea
1372 1861 1482 1897 censet.
1514 1864 1679 1892 Homerum
1703 1865 1824 1895 Hcfiodi

977 1908 1139 1951 patruelem
1156 1907 1258 1943 fuiffe,
1281 1915 1309 1936 et
1324 1907 1380 1936 hoc
1403 1905 1502 1948 paullo
1525 1908 1692 1942 iuniorem,
1715 1907 1762 1937 sed
1785 1911 1825 1939 ei-

978 1953 1045 1983 dem
1081 1962 1179 1983 tamen
1216 1949 1388 1992 aequalem,
1422 1949 1536 1979 collatis
1565 1948 1637 1980 locis
1666 1951 1825 1985 Marmor.

979 1997 1118 2028 Oxon.1.
1136 2006 1177 2031 44
1194 1995 1230 2036 sq,
1255 2003 1283 2024 et
1308 1993 1462 2025 Herodoti
1477 1995 1513 2024 11.
1537 2002 1578 2029 53.
1601 2005 1690 2036 quam
1712 1995 1823 2026 senten-

978 2043 1049 2072 tiam
1064 2050 1184 2082 quoque
1205 2038 1352 2069 defensam
1373 2036 1428 2068 effe
1452 2037 1489 2067 ab
1511 2037 1619 2068 Carolo
1634 2038 1714 2069 Carli
1730 2041 1759 2069 in
1782 2040 1823 2070 se-

978 2086 1072 2115 cunda
1095 2083 1157 2114 diff.
1181 2083 1217 2113 ad
1239 2081 1400 2113 Hcfiodum
1417 2081 1634 2112 animaduertit.
1658 2083 1726 2113 vide
1747 2084 1825 2114 infra

977 2127 1144 2171 HffiOdum
1161 2126 1186 2168 §.
1204 2138 1224 2156 1.
1271 2129 1378 2167 Nuper
1399 2125 1518 2155 demum
1541 2125 1575 2156 cl.
1593 2126 1734 2157 Giinther
1751 2127 1824 2160 Car,

979 2172 1117 2204 Frieder.
1138 2171 1240 2202 Scidel
1267 2170 1302 2200 ad
1328 2170 1524 2200 Eratosthenis
1557 2172 1823 2212 geographicorum

977 2216 1159 2255 fragmenta,
1182 2214 1284 2250 (edita,
1307 2215 1466 2251 Gottingae
1489 2211 1567 2251 1³789.
1592 2220 1630 2249 8.)
1646 2225 1674 2255 p.
1695 2225 1719 2247 12.
1737 2215 1776 2256 sq.
1793 2218 1822 2246 ia

978 2268 1039 2290 not.
1055 2271 1090 2290 ex
1106 2259 1272 2297 fragmento
1285 2257 1415 2299 quodam
1431 2258 1626 2287 Eratosthenis
1641 2258 1764 2299 aliisque
1779 2270 1823 2289 ar-

978 2306 1123 2342 gumentis
1137 2302 1267 2341 collegit,
1290 2301 1452 2332 Hesiodum
1468 2310 1561 2332 aetate
1577 2304 1721 2332 minorem
1740 2302 1823 2333 fuisse

980 2350 1125 2378 Homero.
1172 2349 1215 2377 De
1231 2354 1364 2387 tempore
1380 2347 1488 2384 igitur,
1511 2345 1629 2387 quando
1652 2355 1735 2376 natus
1761 2346 1823 2376 fue-

981 2394 1019 2421 rit
1034 2399 1139 2433 poeta‚
1164 2393 1192 2420 in
1207 2389 1263 2419 alia
1277 2391 1377 2419 omnia
1393 2398 1541 2420 transeunt
1555 2397 1583 2419 et
1597 2397 1710 2419 veteres
1730 2400 1757 2420 ct
1779 2401 1823 2420 re-

980 2438 1134 2465 centiores.
1180 2437 1212 2464 In
1236 2433 1422 2475 Cempendio
1446 2442 1523 2463 vitae
1545 2435 1721 2463 Homericae
1736 2434 1825 2475 {apud

980 2479 1138 2510 hiarium
1153 2480 1184 2510 in
1205 2476 1296 2508 catal.
1312 2477 1397 2507 codd.
1412 2479 1524 2508 Matrit.
1549 2489 1578 2518 p.
1593 2483 1666 2512 233.)
1708 2480 1824 2513 Hymn-

1779 2522 1831 2553 der
