2183 2747
287 142 746 188 EMPEDOCLISSCRIP.
775 149 1056 186 DEPERDITA.
1097 149 1395 192 EPIMETRON.
1471 156 1545 196 Lib.
1561 158 1612 194 II.
1629 171 1651 195 c.
1667 171 1710 197 12.
1762 169 1831 206 807

70 248 160 285 ribus
185 245 394 284 Abrahanms
411 247 559 283 Grauius
575 248 608 283 in
624 245 772 282 Historia
788 243 1021 296 philosophica
1044 259 1077 295 p.
1093 258 1150 294 179
1167 246 1239 298 sqq.
1258 260 1289 286 et
1308 264 1342 300 p.
1360 264 1410 288 211
1427 250 1495 303 sqq.
1524 273 1574 283 ·-
1600 257 1725 299 Vitam,
1758 257 1828 305 pla.

67 304 130 337 cita
146 310 178 336 et
195 299 344 337 indolem
359 298 500 350 Emped.
516 299 580 335 late
596 297 812 349 persequutus
829 297 871 333 est
888 300 1043 334 Bracker.
1060 300 1093 334 in
1113 299 1198 337 Hist.
1225 305 1296 339 crit.
1314 303 1435 352 philos.
1458 306 1526 343 vol.
1544 308 1569 342 Ι.
1601 307 1642 343 de
1663 306 1746 344 secta
1771 312 1824 345 ita-

66 352 140 396 lica,
165 351 240 390 sect.
265 356 306 391 ΙΙ.
327 367 361 403 p.
379 355 454 389 1106
476 372 528 378 --
551 364 634 388 1120.
670 363 701 388 et
724 354 757 386 in
782 350 976 401 Adpendice
998 348 1022 387 s.
1047 350 1116 388 vol.
1135 354 1192 387 Vl.
1227 367 1260 403 p.
1277 369 1342 402 309
1362 378 1412 384 --
1429 370 1490 401 31¹·
1518 380 1570 386 —
1601 361 1763 397 Dodwell.
1787 365 1823 399 in

65 406 185 443 Exere.
214 409 254 443 11.
277 406 318 442 de
345 416 449 442 aetate
470 406 678 454 Pythagorae
703 417 776 453 pag.
795 411 852 445 2¹8
871 401 943 453 sqq.
966 406 1109 440 rationes
1131 407 1216 441 vitae
1239 407 1486 456 Empedocleae
1509 414 1550 447 ita
1572 407 1744 458 subduxit,
1787 424 1820 450 vt

6 467 7 482 ³
65 456 208 495 effecisse
231 457 288 494 fibi
315 458 494 501 videretur,
530 457 774 507 Empedoclem
799 466 914 492 natum
935 454 1030 493 fuiss'e
1052 456 1193 507 Olymp.
1220 462 1281 505 ἐξ.
1299 465 1334 503 {-
1361 476 1389 500 a,
1406 465 1447 499 V,
1465 466 1730 502 QVMsOHfflm
1745 474 1818 511 282,

5 510 7 547 s
63 514 164 562 (quas
180 514 323 551 rationes
339 508 482 561 sequitur
501 511 654 556 Cot-finus
671 513 704 546 in
719 508 856 554 Syllabo
870 507 1167 559 philosophorum,
1194 511 1365 560 praemissa
1391 519 1460 551 eius
1487 515 1564 553 edit,
1590 518 1751 555 Plutarchi
1777 518 1818 556 de

5 555 7 609 i
61 564 189 613 placitis
206 562 325 613 philos.
341 578 371 614 p.
387 564 458 610 29.)
487 554 591 611 ipsum
608 562 781 612 aequalem
799 564 943 598 Zenonis
957 562 1090 605 Eleous,
1116 574 1147 599 et
1162 564 1377 609 Parmenidis,
1404 571 1469 604 nati
1494 569 1635 620 Olymp.
1653 574 1766 608 LXIX.
1785 585 1815 609 2.

6 614 7 642 3
61 614 330 666 condiscipulum
352 613 506 653 audiuisse
532 615 722 665 Telaugen,
753 616 961 663 Pythagorae
988 612 1183 664 philosophi
1208 617 1315 654 filium
1341 631 1371 655 et
1397 623 1620 671 Pythagoram
1648 627 1815 661 iuniorem

5 655 7 676 ἶ
59 668 167 714 Olym
194 698 202 705 .
225 673 287 718 -ξ-ὲ.
307 676 341 714 ξ.
394 671 483 705 Eum
507 679 615 705 tamen
632 667 819 705 auditorem
849 665 946 703 fuiss‘e
975 669 1184 717 Pythagorae
1205 670 1338 719 Aliptis‚
1374 674 1510 710 iunioris
1534 673 1679 712 familiae
1702 677 1815 714 condi.

6 724 7 756 ζ
59 725 151 769 toris,
177 737 195 758 a
210 722 397 758 Dodwello
411 733 538 771 praeter
555 720 775 758 neceslitatem
795 719 899 763 statui,
927 719 1058 763 iudicat,
1075 732 1105 756 et
1124 722 1271 767 Timaei,
1297 726 1475 775 Porphyrii
1499 742 1536 762 ac
1551 729 1720 765 Iamblichi
1740 745 1813 767 nar-

6 771 7 774 *
56 778 214 814 rationes,
244 775 338 810 illum
355 778 520 810 iuniorem
537 772 692 810 audiuisse
708 775 936 821 Pythagoram
954 770 1118 809 seniorem
1131 771 1248 810 refutat
1266 777 1426 815 Brucker.
1450 780 1470 815 l.
1485 794 1530 816 m.
1547 781 1614 817 vol.
1627 784 1652 818 l.
1672 796 1704 832 p.
1720 787 1808 821 1106.

56 829 108 862 cui
128 828 327 876 probabilius
348 826 485 869 videtur,
510 826 755 877 Empedoclem
772 824 931 873 habuisse,
961 826 1052 875 quod
1070 839 1109 861 ex
1119 824 1249 863 summa
1265 832 1333 865 eius
1349 828 1520 869 doetrinae
1530 832 1694 883 adpareat,
1720 850 1810 885 prae·

6 892 7 923 ;
55 892 228 919 ceptorem
245 882 493 929 Pythagoreum
510 878 704 930 quemdam,
732 881 868 928 quinam
887 892 967 914 vero
992 881 1016 912 is
1036 877 1153 922 fuerit,
1186 883 1376 918 nutantibus
1401 883 1494 934 ipsis,
1540 900 1687 936 quorum
1708 887 1810 926 refert

6 925 7 968 l
53 923 238 975 sententias,
266 933 439 977 veteribus,
463 946 582 982 parum
595 932 765 974 constare3
792 931 870 967 licet
883 932 1020 967 dubium
1035 944 1105 967 non
1123 930 1172 975 fit,
1201 946 1278 970 eum
1295 936 1327 971 in
1344 935 1458 973 italicis
1474 935 1594 976 scholis
1608 941 1808 985 institutum,

4 976 7 1011 ἶ
51 985 344 1034 Pythagoreorum
362 985 520 1036 dogmata
535 983 726 1036 propalasse.
780 984 899 1019 Suidas
912 986 946 1019 in
959 979 1185 1032 Εμπεδὶκλῆς
1200 985 1307 1029 tradit,
1328 989 1570 1039 Empedoclem
1585 997 1734 1041 primum
1751 1009 1808 1032 au.

4 1025 7 1075 ἶ
50 1036 166 1075 diuiffe
183 1037 433 1081 parmenidem,
461 1041 614 1088 eiusque,
646 1039 782 1075 autflore
804 1038 995 1086 Porphyrio
1018 1040 1051 1072 111
1073 1036 1217 1074 Historia
1237 1038 1484 1090 philosophica,
1510 1044 1671 1082 atnafium
1692 1044 1805 1093 fuisse;

4 1080 7 1114 i
49 1089 133 1126 alios
151 1089 274 1131 dixisse,
304 1106 381 1128 eum
398 1089 708 1141 fuissediscipulum
723 1088 901 1139 TelaugiS‚
935 1091 1146 1139 Pythagorae
1166 1089 1238 1127 filii.
1290 1094 1409 1143 Neque
1432 1096 1623 1133 Leonardus
1649 1100 1801 1136 Cozzan.

4 1159 7 1178 ¹.
46 1144 112 1179 dus
126 1142 166 1180 de
184 1143 378 1194 Magisterio
394 1147 622 1194 antiquorum,
647 1146 801 1180 Geneuae
818 1145 910 1187 1684.
931 1155 975 1179 12.
1003 1142 1061 1178 lib.
1080 1144 1120 1178 V.
1145 1156 1216 1193 cap.
1233 1156 1259 1188 3.
1279 1145 1333 1181 vbi
1358 1145 1399 1184 de
1419 1149 1628 1198 Empedocle
1656 1154 1735 1201 agit,
1762 1166 1798 1203 p.

4 1184 7 1211 ³¹
47 1207 115 1241 323.
135 1195 275 1233 definire
291 1208 440 1240 conatur,
464 1211 613 1286 ¹quonam
640 1196 696 1233 ille
715 1195 857 1232 doctore
878 1209 896 1231 e
919 1193 1048 1231 familia
1076 1196 1366 1245 Pythagoreorum
1390 1199 1429 1236 stt
1451 1200 1536 1239 vsus.
1563 1224 1616 1231 --
1643 1205 1798 1254 Bonamy

4 1234 7 1260 ἱ
43 1251 148 1286 vitam
162 1249 381 1299 Empedoclis
403 1264 460 1299 per
476 1260 615 1300 equutus
631 1249 676 1285 est
691 1252 725 1285 in
739 1250 930 1284 recitatione
939 1247 1082 1298 quadam
1099 1247 1295 1292 academica,
1323 1253 1376 1288 in:
1397 1254 1586 1292 Me'moires
1604 1254 1645 1292 de
1663 1258 1797 1294 Littera-

4 1307 5 1310 ’
42 1311 113 1338 ture
129 1323 180 1330 —
199 1301 241 1339 de
256 1302 379 1339 l’acad.
396 1303 513 1349 royale
533 1301 588 1338 des
605 1304 629 1339 Ι.
649 1312 680 1339 et
700 1304 735 1339 Β.
753 1303 791 1339 L.
811 1311 892 1338 tom.
911 1303 952 1338 X.
967 1315 1000 1351 p.
1023 1313 1062 1345 54
1077 1298 1145 1351 sqq.
1166 1301 1244 1339 edit.
1265 1303 1361 1341 Paris.
1385 1318 1438 1341 aut
1460 1318 1540 1343 tom.
1555 1310 1644 1345 XIV.
1670 1323 1702 1358 p.
1725 1323 1794 1357 105.

39 1353 118 1391 edit.
134 1355 296 1405 Belgicae,
324 1369 426 1406 quam
445 1358 476 1392 in
490 1355 640 1406 linguam
656 1357 882 1406 germanicam
899 1352 1094 1390 conuersam
1111 1353 1200 1390 dedit
1215 1356 1384 1404 Heffinann
1404 1362 1456 1394 in:
1483 1363 1640 1410 Magazin
1662 1362 1716 1398 fiir
1737 1362 1791 1400 die

37 1406 255 1458 Philosophie
272 1419 332 1445 etc.
361 1408 430 1446 vol.
448 1409 489 1446 11.
506 1422 537 1458 p.
554 1416 612 1456 185
632 1406 701 1458 sqq.
753 1409 784 1443 Is
799 1409 952 1448 coniicit,
986 1405 1231 1455 Empedoclem
1251 1422 1376 1446 annum
1399 1409 1469 1448 fere
1489 1415 1654 1450 XXXXV.
1679 1413 1790 1464 egisse,

38 1459 176 1510 quando
192 1460 309 1497 dicitur
323 1477 341 1497 a
360 1463 517 1511 Diogene
531 1463 662 1498 Laertio
679 1457 825 1497 floruisse
839 1460 982 1510 Olymp.
1000 1461 1177 1497 LXXXIV.
1206 1461 1294 1497 diem
1310 1465 1409 1512 igitur
1423 1467 1565 1502 natalem
1581 1469 1649 1503 eius
1669 1468 1789 1504 incide-

36 1525 71 1549 re
87 1515 120 1549 in
135 1516 268 1550 initium
283 1514 584 1564 Olvmp.LXX111.
599 1524 631 1549 at
646 1516 727 1550 haec
739 1512 784 1550 est
800 1527 891 1549 mera
907 1517 1094 1563 incertaque
1103 1515 1302 1551 coniectura.
1331 1518 1418 1553 Bene
1428 1533 1506 1556 vero
1523 1519 1788 1569 explicatlocum

2 1575 5 1581 ¹
34 1566 82 1600 A.
103 1567 201 1602 Gellii
216 1568 258 1604 N.
276 1569 314 1602 A.
331 1553 437 1605 Xvn.
455 1579 502 1604 21.
517 1581 549 1616 p.
565 1580 638 1611 410.
663 1569 693 1602 Is
709 1579 814 1618 quum
837 1566 1011 1615 proderet,
1041 1566 1130 1602 bello
1159 1570 1294 1603 Veiente
1316 1569 1402 1618 apud
1422 1570 1565 1608 fluuium
1590 1575 1787 1611 Cremeram

32 1614 87 1653 sex
101 1628 133 1654 et
149 1629 312 1655 trecentos
329 1622 487 1656 Patricios
511 1620 628 1656 fabios
646 1634 722 1656 cum
739 1617 875 1655 familiis
894 1617 957 1656 suis
976 1617 1142 1655 vniuersos
1157 1620 1196 1655 ab
1212 1620 1357 1656 hostibus
1373 1625 1622 1660 circunmentos
1644 1625 1782 1674 periisse,

2 1704 4 1721 r
32 1669 141 1718 (quod
163 1671 297 1719 quidem
313 1671 431 1708 accidit
447 1672 590 1721 Olymp.
607 1674 777 1719 LXXVI.)
802 1675 897 1708 iuxta
913 1686 949 1708 ea
963 1680 1121 1719 tempora,
1147 1675 1254 1722 inquit
1268 1675 1471 1721 Empedocles
1486 1678 1726 1725 Agrigentinus
1749 1683 1783 1714 in

2 1727 4 1752 ἰ
24 1722 246 1768 philqlbphiue
261 1725 422 1761 naturalis
425 1725 540 1772 studio
543 1726 676 1774 floruit.
729 1725 851 1763 Romae
866 1733 970 1762 autem
979 1738 1044 1772 per
1058 1738 1111 1762 eas
1125 1726 1321 1773 tempestates
1338 1729 1550 1765 Decemuiros
1566 1732 1690 1777 legibus
1695 1732 1782 1779 scri-

1 1766 5 1797 l
30 1775 148 1808 bandis
163 1782 283 1810 creatos
298 1776 448 1822 constitit.
502 1779 532 1813 Is
551 1780 653 1826 igitur
666 1777 774 1821 locus,
803 1781 882 1828 quia
907 1778 1130 1828 Empedocles
1145 1779 1204 1814 illo
1220 1791 1370 1830 tempore
1387 1781 1571 1818 admodum
1587 1783 1779 1822 adolescens

29 1834 66 1859 ut
84 1824 236 1862 nondum
252 1838 345 1863 natus
366 1827 485 1873 fuerit,
516 1829 610 1866 valde
633 1829 727 1866 torsit
754 1832 900 1877 Voffium
923 1831 964 1868 de
978 1835 1085 1881 poetis
1100 1844 1148 1881 gr.
1165 1846 1236 1881 cap.
1254 1836 1285 1869 6.
1311 1835 1353 1869 At
1370 1836 1519 1883 Boflamy
1533 1836 1777 1882 animaduertit,

26 1874 66 1920 fi,
83 1892 164 1926 quae
179 1878 221 1915 de
241 1881 447 1916 Decemuiris
463 1882 606 1930 Olymp.
622 1884 781 1918 LXXXII.
800 1896 827 1927 3.
861 1888 973 1920 creatis
999 1883 1179 1926 subiunxit,
1211 1885 1386 1935 diligenter
1411 1900 1603 1937 compares,
1627 1891 1774 1927 Gellium

25 1928 168 1966 noluisse
193 1936 352 1981 temporis
377 1936 538 1970 rationem
562 1934 717 1971 adcurate
744 1934 924 1985 designare.
941 1957 991 1965 —-
1010 1940 1070 1974 Les
1086 1941 1162 1973 Vies
1177 1936 1233 1974 des
1255 1945 1368 1988 poetes
1386 1954 1492 1990 grccs,
1519 1955 1558 1977 eu
1585 1943 1775 1994 abrege'par

23 1982 93 2019 ΜΓ.
113 1982 140 2018 le
152 1981 265 2027 Fe'vre,
283 1999 361 2020 avec
377 1985 423 2021 les
441 1988 647 2034 Remarques
662 1986 702 2023 ‹le
716 1988 787 2025 Mr.
805 1988 927 2025 Adriau
939 1989 1076 2026 Reland.
1093 1990 1169 2027 edit.
1188 1993 1244 2027 111.
1258 1991 1347 2028 Bassl.
1364 1997 1456 2037 1766.
1473 2008 1554 2042 p.75
1569 1993 1637 2044 sqq.
1654 2017 1706 2023 —--
1715 1997 1773 2032 De
1797 2000 1803 2001 ⁷

26 2035 209 2082 Chaufepic'
226 2039 279 2072 in:
304 2039 466 2074 Nouveau
482 2040 685 2075 Didiionaire
701 2039 816 2075 histor.
839 2053 870 2077 et
886 2044 1031 2091 critique,
1059 2043 1222 2079 Amllerd.
1239 2055 1330 2091 1750.
1348 2046 1414 2082 vol.
1437 2048 1475 2082 ΙΙ.
1491 2057 1548 2083 art.
1567 2049 1770 2095 Empedocle,

23 2087 75 2122 vbi
93 2087 215 2124 multus
234 2088 278 2124 est
292 2088 334 2125 de
351 2088 424 2126 fatis
441 2101 473 2127 et
488 2089 646 2127 doctrinis
663 2093 758 2128 huius
774 2092 977 2143 philosophi,
1006 2106 1076 2131 not.
1091 2097 1131 2132 B.
1142 2095 1283 2133 recenset
1298 2101 1399 2134 varias
1414 2098 1455 2135 de
1470 2111 1571 2136 aetate
1590 2101 1677 2138 illius
1697 2105 1769 2151 opi-

20 2141 147 2182 aiones,
167 2140 328 2178 existimat
343 2156 422 2179 vero
441 2157 473 2192 p.
489 2156 536 2180 22.
559 2158 638 2180 eum
654 2143 798 2182 floruiffe
815 2149 897 2183 intra
911 2149 998 2182 LXX
1012 2149 1198 2184 —LXXX
1211 2151 1402 2199 Olympiad.
1418 2153 1601 2202 probatque
1617 2153 1768 2203 suspicio-

21 2204 98 2227 nem
116 2194 269 2240 Ronamy
287 2193 381 2243 supra
401 2208 642 2246 memoratam5
677 2201 711 2233 in
731 2210 811 2234 nota
838 2201 881 2236 A.
907 2200 1060 2236 noslrum
1082 2200 1251 2250 distinguit
1273 2204 1310 2238 ab
1332 2205 1415 2239 iilius
1436 2218 1518 2247 auo,
1544 2210 1599 2255 qui
1622 2207 1766 2258 Olymp.

19 2243 130 2280 LXXl.
147 2247 225 2281 vicit
239 2246 412 2297 Olympia.
428 2250 853 2287 —SianleiusinHifloria
869 2251 1111 2301 philosophiae,
1139 2266 1219 2302 part.
1242 2257 1330 2294 vm.
1347 2270 1380 2305 p.
1395 2271 1454 2302 423
1472 2255 1541 2308 sqq.
1553 2258 1632 2296 vers.
1650 2262 1761 2298 Olear-

19 2306 51 2331 et
63 2296 263 2336 edit.Venet.
274 2303 372 2336 vitam
389 2311 420 2336 et
436 2301 554 2350 scripta
569 2300 842 2352 disciplinamque
858 2305 1072 2353 Empedoclis
1090 2305 1300 2356 persequitur.
1327 2309 1475 2346 Olearius
1499 2325 1608 2348 tamen
1628 2316 1660 2349 in
1682 2325 1762 2350 nota

18 2359 51 2396 p.
71 2361 146 2397 429.
163 2362 277 2387 contra
293 2354 480 2389 Fabricium
497 2353 647 2390 nostrum
663 2353 813 2391 sollerter
834 2355 964 2399 iudicat,
992 2372 1124 2393 carmen
1141 2372 1277 2396 aureum
1293 2375 1364 2398 non
1381 2361 1476 2399 fuiffe
1492 2377 1616 2413 partem
1643 2371 1758 2403 carmi-

18 2401 67 2436 nis
84 2402 301 2450 Empedoclei
320 2403 374 2441 sed
393 2404 454 2442 effe
469 2402 656 2457 ῥαψωὸίαν
673 2411 840 2444 variorum
859 2411 1158 2458 Pythagoreorum.
1213 2414 1283 2450 Cel.
1302 2417 1456 2465 Bleintffs.
1481 2419 1514 2452 in
1530 2419 1675 2456 Historia
1698 2419 1756 2456 (lo-

17 2451 190 2491 &finarum
205 2458 288 2493 iuter
303 2459 446 2494 Graecos
465 2470 496 2495 et
517 2450 662 2497 Roman.
699 2463 903 2509 (germanice
921 2459 1065 2510 scripta)
1092 2475 1171 2502 tom.
1192 2466 1212 2499 1.
1239 2466 1288 2501 lib.
1307 2470 1346 2503 V.
1363 2481 1393 2516 p.
1411 2473 1470 2512 633
1487 2491 1533 2497 —
1554 2474 1631 2516 664.
1666 2486 1696 2509 ct
1722 2476 1756 2508 in

15 2500 158 2545 Historia
179 2507 285 2551 doctr.
307 2509 349 2548 de
373 2525 452 2551 vero
473 2511 539 2551 deo
561 2527 595 2564 p.
610 2525 665 2562 353
686 2511 760 2565 sqq.
775 2514 816 2551 de
832 2517 968 2565 ingenio
983 2528 1015 2552 et
1032 2515 1165 2555 seientia
1194 2521 1476 2572 opinionibusque
1497 2524 1689 2576 philosophi
1706 2523 1755 2561 fu-

1691 2577 1754 2614 iius
