<?xml version="1.0" encoding="UTF-8"?>
<!DOCTYPE html PUBLIC "-//W3C//DTD XHTML 1.0 Transitional//EN"
    "http://www.w3.org/TR/xhtml1/DTD/xhtml1-transitional.dtd">
<html xmlns="http://www.w3.org/1999/xhtml" xml:lang="en" lang="en">
 <head>
  <title>
</title>
<meta http-equiv="Content-Type" content="text/html;charset=utf-8" />
  <meta name='ocr-system' content='tesseract 3.04.00' />
  <meta name='ocr-capabilities' content='ocr_page ocr_carea ocr_par ocr_line ocrx_word'/>
</head>
<body>
  <div class='ocr_page' id='page_1' title='image "./bibliothecagraec01fabruoft_1734.png"; bbox 0 0 2071 2747; ppageno 0'>
   <div class='ocr_carea' id='block_1_1' title="bbox 187 95 1995 171">
    <p class='ocr_par' dir='ltr' id='par_1_1' title="bbox 187 95 1995 171">
     <span class='ocr_line' id='line_1_1' title="bbox 187 95 1995 171; baseline -0.007 -8"><span class='ocrx_word' id='word_1_1' title='bbox 187 126 255 171; x_wconf 76' lang='lat'>786</span> <span class='ocrx_word' id='word_1_2' title='bbox 356 120 690 161; x_wconf 70' lang='lat' dir='ltr'>Lib.11.c.XXVl.</span> <span class='ocrx_word' id='word_1_3' title='bbox 794 118 1039 157; x_wconf 66' lang='lat' dir='ltr'>isocnaris</span> <span class='ocrx_word' id='word_1_4' title='bbox 1071 95 1342 156; x_wconf 78' lang='lat' dir='ltr'>ORATJONES</span> <span class='ocrx_word' id='word_1_5' title='bbox 1740 114 1805 144; x_wconf 62' lang='lat' dir='ltr'>voi.</span> <span class='ocrx_word' id='word_1_6' title='bbox 1819 114 1840 143; x_wconf 85' lang='lat'>1.</span> <span class='ocrx_word' id='word_1_7' title='bbox 1855 119 1995 150; x_wconf 65' lang='lat' dir='ltr'>mos:</span> 
     </span>
    </p>
   </div>
   <div class='ocr_carea' id='block_1_2' title="bbox 294 209 1974 375">
    <p class='ocr_par' dir='ltr' id='par_1_2' title="bbox 294 209 1974 375">
     <span class='ocr_line' id='line_1_2' title="bbox 294 209 1974 265; baseline -0.005 -11"><span class='ocrx_word' id='word_1_8' title='bbox 294 221 386 258; x_wconf 81' lang='lat' dir='ltr'>XHI.</span> <span class='ocrx_word' id='word_1_9' title='bbox 407 231 446 255; x_wconf 84' lang='lat' dir='ltr'>ii.</span> <span class='ocrx_word' id='word_1_10' title='bbox 461 219 612 264; x_wconf 75' lang='lat' dir='ltr'>variar.)</span> <span class='ocrx_word' id='word_1_11' title='bbox 631 212 741 252; x_wconf 75' lang='lat' dir='ltr'>secisse</span> <span class='ocrx_word' id='word_1_12' title='bbox 756 214 885 251; x_wconf 86' lang='lat' dir='ltr'>dieitur.</span> <span class='ocrx_word' id='word_1_13' title='bbox 927 217 1016 251; x_wconf 71' lang='lat' dir='ltr'>inter</span> <span class='ocrx_word' id='word_1_14' title='bbox 1032 216 1214 250; x_wconf 79' lang='lat' dir='ltr'>Socraticas</span> <span class='ocrx_word' id='word_1_15' title='bbox 1231 212 1397 263; x_wconf 80' lang='lat' dir='ltr'>epistolas,</span> <span class='ocrx_word' id='word_1_16' title='bbox 1417 212 1458 249; x_wconf 89' lang='lat' dir='ltr'>ab</span> <span class='ocrx_word' id='word_1_17' title='bbox 1474 211 1597 250; x_wconf 84' lang='lat' dir='ltr'>Allatio</span> <span class='ocrx_word' id='word_1_18' title='bbox 1614 209 1728 254; x_wconf 84' lang='lat' dir='ltr'>editas,</span> <span class='ocrx_word' id='word_1_19' title='bbox 1743 210 1948 261; x_wconf 84' lang='lat' dir='ltr'>duodeuige-</span> <span class='ocrx_word' id='word_1_20' title='bbox 1971 262 1974 265; x_wconf 18' lang='grc' dir='ltr'><strong>Δ</strong></span> 
     </span>
     <span class='ocr_line' id='line_1_3' title="bbox 294 263 1950 320; baseline -0.006 -10"><span class='ocrx_word' id='word_1_21' title='bbox 294 272 379 311; x_wconf 84' lang='lat' dir='ltr'>sima</span> <span class='ocrx_word' id='word_1_22' title='bbox 399 269 457 307; x_wconf 90' lang='lat' dir='ltr'>sub</span> <span class='ocrx_word' id='word_1_23' title='bbox 482 272 645 320; x_wconf 82' lang='lat' dir='ltr'>Antipatri</span> <span class='ocrx_word' id='word_1_24' title='bbox 669 269 836 317; x_wconf 81' lang='lat' dir='ltr'>Magnetis</span> <span class='ocrx_word' id='word_1_25' title='bbox 862 270 1002 303; x_wconf 88' lang='lat' dir='ltr'>nomine</span> <span class='ocrx_word' id='word_1_26' title='bbox 1027 266 1187 318; x_wconf 82' lang='lat' dir='ltr'>inuidiam</span> <span class='ocrx_word' id='word_1_27' title='bbox 1211 264 1343 302; x_wconf 78' lang='lat' dir='ltr'>Isocrati</span> <span class='ocrx_word' id='word_1_28' title='bbox 1368 263 1469 308; x_wconf 84' lang='lat' dir='ltr'>facit,</span> <span class='ocrx_word' id='word_1_29' title='bbox 1496 276 1670 316; x_wconf 83' lang='lat' dir='ltr'>tamquam</span> <span class='ocrx_word' id='word_1_30' title='bbox 1689 266 1803 300; x_wconf 86' lang='lat' dir='ltr'>ieiuno</span> <span class='ocrx_word' id='word_1_31' title='bbox 1827 274 1859 302; x_wconf 75' lang='lat' dir='ltr'>et</span> <span class='ocrx_word' id='word_1_32' title='bbox 1879 277 1950 300; x_wconf 90' lang='lat' dir='ltr'>ma·</span> 
     </span>
     <span class='ocr_line' id='line_1_4' title="bbox 296 317 1949 375; baseline -0.006 -13"><span class='ocrx_word' id='word_1_33' title='bbox 296 325 393 375; x_wconf 89' lang='lat' dir='ltr'>ligno</span> <span class='ocrx_word' id='word_1_34' title='bbox 415 323 558 372; x_wconf 88' lang='lat' dir='ltr'>Philippi</span> <span class='ocrx_word' id='word_1_35' title='bbox 575 319 739 358; x_wconf 81' lang='lat' dir='ltr'>laudatori</span> <span class='ocrx_word' id='word_1_36' title='bbox 754 333 785 370; x_wconf 85' lang='lat' dir='ltr'>p.</span> <span class='ocrx_word' id='word_1_37' title='bbox 806 333 847 366; x_wconf 86' lang='lat'>59</span> <span class='ocrx_word' id='word_1_38' title='bbox 865 317 909 370; x_wconf 85' lang='lat' dir='ltr'>sq.</span> <span class='ocrx_word' id='word_1_39' title='bbox 963 322 1076 355; x_wconf 86' lang='lat' dir='ltr'>Latine</span> <span class='ocrx_word' id='word_1_40' title='bbox 1091 321 1177 354; x_wconf 86' lang='lat' dir='ltr'>hauc</span> <span class='ocrx_word' id='word_1_41' title='bbox 1193 322 1382 354; x_wconf 81' lang='lat' dir='ltr'>orationem</span> <span class='ocrx_word' id='word_1_42' title='bbox 1398 321 1495 354; x_wconf 85' lang='lat' dir='ltr'>vertit</span> <span class='ocrx_word' id='word_1_43' title='bbox 1509 319 1675 366; x_wconf 80' lang='lat' dir='ltr'>Georgius</span> <span class='ocrx_word' id='word_1_44' title='bbox 1692 318 1847 359; x_wconf 67' lang='lat' dir='ltr'>Subitam,</span> <span class='ocrx_word' id='word_1_45' title='bbox 1862 318 1949 353; x_wconf 77' lang='lat' dir='ltr'>&#39;ann-</span> 
     </span>
    </p>
   </div>
   <div class='ocr_carea' id='block_1_3' title="bbox 297 370 1954 476">
    <p class='ocr_par' dir='ltr' id='par_1_3' title="bbox 297 370 1954 476">
     <span class='ocr_line' id='line_1_5' title="bbox 297 370 1954 424; baseline -0.005 -12"><span class='ocrx_word' id='word_1_46' title='bbox 297 389 374 424; x_wconf 81' lang='lat'>1531.</span> <span class='ocrx_word' id='word_1_47' title='bbox 393 384 426 419; x_wconf 84' lang='lat'>8.</span> <span class='ocrx_word' id='word_1_48' title='bbox 479 374 564 410; x_wconf 90' lang='lat' dir='ltr'>Vide</span> <span class='ocrx_word' id='word_1_49' title='bbox 581 376 648 410; x_wconf 87' lang='lat' dir='ltr'>eius</span> <span class='ocrx_word' id='word_1_50' title='bbox 667 374 786 423; x_wconf 80' lang='lat' dir='ltr'>elegias</span> <span class='ocrx_word' id='word_1_51' title='bbox 805 375 861 408; x_wconf 82' lang='lat' dir='ltr'>IV.</span> <span class='ocrx_word' id='word_1_52' title='bbox 878 386 904 418; x_wconf 87' lang='lat'>5.</span> <span class='ocrx_word' id='word_1_53' title='bbox 921 375 954 407; x_wconf 93' lang='lat' dir='ltr'>in</span> <span class='ocrx_word' id='word_1_54' title='bbox 970 370 1092 419; x_wconf 80' lang='lat' dir='ltr'>deliciis</span> <span class='ocrx_word' id='word_1_55' title='bbox 1110 382 1285 421; x_wconf 82' lang='lat' dir='ltr'>poetarum</span> <span class='ocrx_word' id='word_1_56' title='bbox 1302 384 1558 420; x_wconf 63' lang='lat' dir='ltr'>germanorum,</span> <span class='ocrx_word' id='word_1_57' title='bbox 1585 381 1670 407; x_wconf 85' lang='lat' dir='ltr'>tom.</span> <span class='ocrx_word' id='word_1_58' title='bbox 1685 370 1724 406; x_wconf 91' lang='lat' dir='ltr'>V.</span> <span class='ocrx_word' id='word_1_59' title='bbox 1740 383 1775 421; x_wconf 82' lang='lat' dir='ltr'>p.</span> <span class='ocrx_word' id='word_1_60' title='bbox 1791 381 1887 415; x_wconf 79' lang='lat'>1909.</span> <span class='ocrx_word' id='word_1_61' title='bbox 1900 387 1954 398; x_wconf 92' lang='lat'>—-</span> 
     </span>
     <span class='ocr_line' id='line_1_6' title="bbox 298 422 1500 476; baseline -0.007 -10"><span class='ocrx_word' id='word_1_62' title='bbox 298 443 379 466; x_wconf 86' lang='lat' dir='ltr'>cuin</span> <span class='ocrx_word' id='word_1_63' title='bbox 397 426 603 476; x_wconf 80' lang='lat' dir='ltr'>expositione</span> <span class='ocrx_word' id='word_1_64' title='bbox 616 428 836 476; x_wconf 83' lang='lat' dir='ltr'>grammatica</span> <span class='ocrx_word' id='word_1_65' title='bbox 851 423 1058 473; x_wconf 86' lang='lat' dir='ltr'>singularum</span> <span class='ocrx_word' id='word_1_66' title='bbox 1074 437 1209 462; x_wconf 88' lang='lat' dir='ltr'>vocum.</span> <span class='ocrx_word' id='word_1_67' title='bbox 1237 422 1332 460; x_wconf 78' lang='lat' dir='ltr'>Paris.</span> <span class='ocrx_word' id='word_1_68' title='bbox 1355 428 1442 462; x_wconf 80' lang='lat'>1662.</span> <span class='ocrx_word' id='word_1_69' title='bbox 1468 432 1500 466; x_wconf 82' lang='lat'>8.</span> 
     </span>
    </p>
   </div>
   <div class='ocr_carea' id='block_1_4' title="bbox 198 498 1959 710">
    <p class='ocr_par' dir='ltr' id='par_1_4' title="bbox 198 498 1959 710">
     <span class='ocr_line' id='line_1_7' title="bbox 198 498 1956 560; baseline -0.005 -18"><span class='ocrx_word' id='word_1_70' title='bbox 198 513 237 553; x_wconf 86' lang='lat'>6)</span> <span class='ocrx_word' id='word_1_71' title='bbox 263 502 478 560; x_wconf 60' lang='grc' dir='ltr'><strong><em>’Λξχίὸριμος</em></strong></span> <span class='ocrx_word' id='word_1_72' title='bbox 498 502 556 540; x_wconf 91' lang='lat' dir='ltr'>sub</span> <span class='ocrx_word' id='word_1_73' title='bbox 573 502 764 540; x_wconf 76' lang='lat' dir='ltr'>Archidami</span> <span class='ocrx_word' id='word_1_74' title='bbox 777 499 936 551; x_wconf 82' lang='lat' dir='ltr'>persona,</span> <span class='ocrx_word' id='word_1_75' title='bbox 964 501 1135 547; x_wconf 84' lang='lat' dir='ltr'>(nonduin</span> <span class='ocrx_word' id='word_1_76' title='bbox 1159 505 1244 552; x_wconf 86' lang='lat' dir='ltr'>regis</span> <span class='ocrx_word' id='word_1_77' title='bbox 1262 502 1447 548; x_wconf 75' lang='lat' dir='ltr'>Laconici.)</span> <span class='ocrx_word' id='word_1_78' title='bbox 1469 498 1580 537; x_wconf 88' lang='lat' dir='ltr'>suadet</span> <span class='ocrx_word' id='word_1_79' title='bbox 1601 498 1892 541; x_wconf 77' lang='lat' dir='ltr'>Lacedaemoniis,</span> <span class='ocrx_word' id='word_1_80' title='bbox 1913 511 1956 534; x_wconf 88' lang='lat' dir='ltr'>ne</span> 
     </span>
     <span class='ocr_line' id='line_1_8' title="bbox 299 551 1957 605; baseline -0.007 -8"><span class='ocrx_word' id='word_1_81' title='bbox 299 574 340 599; x_wconf 86' lang='lat' dir='ltr'>ex</span> <span class='ocrx_word' id='word_1_82' title='bbox 354 558 516 596; x_wconf 83' lang='lat' dir='ltr'>mandato</span> <span class='ocrx_word' id='word_1_83' title='bbox 531 558 791 597; x_wconf 86' lang='lat' dir='ltr'>Thebanorum,</span> <span class='ocrx_word' id='word_1_84' title='bbox 808 568 892 605; x_wconf 87' lang='lat' dir='ltr'>quos</span> <span class='ocrx_word' id='word_1_85' title='bbox 908 558 942 590; x_wconf 84' lang='lat' dir='ltr'>in</span> <span class='ocrx_word' id='word_1_86' title='bbox 957 556 1126 591; x_wconf 60' lang='lat' dir='ltr'>Leuctrica</span> <span class='ocrx_word' id='word_1_87' title='bbox 1142 568 1256 605; x_wconf 85' lang='lat' dir='ltr'>pugna</span> <span class='ocrx_word' id='word_1_88' title='bbox 1273 557 1413 591; x_wconf 70' lang='lat' dir='ltr'>victores</span> <span class='ocrx_word' id='word_1_89' title='bbox 1429 552 1469 590; x_wconf 91' lang='lat' dir='ltr'>ad</span> <span class='ocrx_word' id='word_1_90' title='bbox 1485 557 1695 590; x_wconf 85' lang='lat' dir='ltr'>Mantineam</span> <span class='ocrx_word' id='word_1_91' title='bbox 1710 552 1852 603; x_wconf 81' lang='lat' dir='ltr'>Olymp.</span> <span class='ocrx_word' id='word_1_92' title='bbox 1867 551 1957 587; x_wconf 82' lang='lat' dir='ltr'>ClV.</span> 
     </span>
     <span class='ocr_line' id='line_1_9' title="bbox 303 605 1959 662; baseline -0.008 -11"><span class='ocrx_word' id='word_1_93' title='bbox 303 626 331 651; x_wconf 81' lang='lat'>2.</span> <span class='ocrx_word' id='word_1_94' title='bbox 353 608 581 662; x_wconf 63' lang='lat' dir='ltr'>represserant,</span> <span class='ocrx_word' id='word_1_95' title='bbox 608 606 794 646; x_wconf 71' lang='lat' dir='ltr'>Mell&#39;enam</span> <span class='ocrx_word' id='word_1_96' title='bbox 810 606 862 642; x_wconf 88' lang='lat' dir='ltr'>vel</span> <span class='ocrx_word' id='word_1_97' title='bbox 877 607 1066 646; x_wconf 74' lang='lat' dir='ltr'>instaurent,</span> <span class='ocrx_word' id='word_1_98' title='bbox 1088 608 1140 644; x_wconf 85' lang='lat' dir='ltr'>vel</span> <span class='ocrx_word' id='word_1_99' title='bbox 1156 608 1293 643; x_wconf 84' lang='lat' dir='ltr'>liberam</span> <span class='ocrx_word' id='word_1_100' title='bbox 1310 605 1372 643; x_wconf 83' lang='lat' dir='ltr'>effe</span> <span class='ocrx_word' id='word_1_101' title='bbox 1390 609 1566 657; x_wconf 82' lang='lat' dir='ltr'>patiantur.</span> <span class='ocrx_word' id='word_1_102' title='bbox 1625 608 1850 642; x_wconf 80' lang='lat' dir='ltr'>Vehementer</span> <span class='ocrx_word' id='word_1_103' title='bbox 1870 605 1959 640; x_wconf 83' lang='lat' dir='ltr'>hane</span> 
     </span>
     <span class='ocr_line' id='line_1_10' title="bbox 305 654 1959 710; baseline -0.007 -8"><span class='ocrx_word' id='word_1_104' title='bbox 305 675 390 703; x_wconf 87' lang='lat' dir='ltr'>orat.</span> <span class='ocrx_word' id='word_1_105' title='bbox 409 662 522 700; x_wconf 85' lang='lat' dir='ltr'>laudat</span> <span class='ocrx_word' id='word_1_106' title='bbox 538 661 759 698; x_wconf 74' lang='lat' dir='ltr'>Philostratus.</span> <span class='ocrx_word' id='word_1_107' title='bbox 812 660 996 709; x_wconf 87' lang='lat' dir='ltr'>Separatim</span> <span class='ocrx_word' id='word_1_108' title='bbox 1013 659 1115 696; x_wconf 86' lang='lat' dir='ltr'>edidit</span> <span class='ocrx_word' id='word_1_109' title='bbox 1130 659 1368 710; x_wconf 77' lang='lat' dir='ltr'>illustrauitque</span> <span class='ocrx_word' id='word_1_110' title='bbox 1390 659 1430 695; x_wconf 95' lang='lat' dir='ltr'><em>V</em></span> <span class='ocrx_word' id='word_1_111' title='bbox 1429 659 1586 695; x_wconf 68' lang='lat' dir='ltr'>ifi‘orinus</span> <span class='ocrx_word' id='word_1_112' title='bbox 1600 660 1793 707; x_wconf 79' lang='lat' dir='ltr'>Strigelius,</span> <span class='ocrx_word' id='word_1_113' title='bbox 1819 654 1959 707; x_wconf 72' lang='lat' dir='ltr'>Lipsiae,</span> 
     </span>
    </p>
   </div>
   <div class='ocr_carea' id='block_1_5' title="bbox 305 707 1960 814">
    <p class='ocr_par' dir='ltr' id='par_1_5' title="bbox 305 707 1960 814">
     <span class='ocr_line' id='line_1_11' title="bbox 306 707 1960 763; baseline -0.004 -11"><span class='ocrx_word' id='word_1_114' title='bbox 306 731 382 754; x_wconf 80' lang='lat' dir='ltr'>ann.</span> <span class='ocrx_word' id='word_1_115' title='bbox 399 720 488 761; x_wconf 85' lang='grc'><strong>1564.</strong></span> <span class='ocrx_word' id='word_1_116' title='bbox 510 723 540 758; x_wconf 85' lang='grc'><strong>3.</strong></span> <span class='ocrx_word' id='word_1_117' title='bbox 563 717 647 763; x_wconf 79' lang='lat' dir='ltr'>typis</span> <span class='ocrx_word' id='word_1_118' title='bbox 666 711 887 762; x_wconf 87' lang='lat' dir='ltr'>Voegelianis.</span> <span class='ocrx_word' id='word_1_119' title='bbox 917 711 1002 750; x_wconf 85' lang='lat' dir='ltr'>adde</span> <span class='ocrx_word' id='word_1_120' title='bbox 1026 727 1078 753; x_wconf 85' lang='lat' dir='ltr'>nr.</span> <span class='ocrx_word' id='word_1_121' title='bbox 1092 720 1122 756; x_wconf 86' lang='lat'>8.</span> <span class='ocrx_word' id='word_1_122' title='bbox 1147 714 1194 761; x_wconf 89' lang='lat' dir='ltr'>[et</span> <span class='ocrx_word' id='word_1_123' title='bbox 1217 710 1304 750; x_wconf 78' lang='lat' dir='ltr'>infra</span> <span class='ocrx_word' id='word_1_124' title='bbox 1324 725 1377 750; x_wconf 88' lang='lat' dir='ltr'>ur.</span> <span class='ocrx_word' id='word_1_125' title='bbox 1390 724 1437 749; x_wconf 85' lang='lat'>21.</span> <span class='ocrx_word' id='word_1_126' title='bbox 1459 710 1682 748; x_wconf 85' lang='lat' dir='ltr'>Archidamus</span> <span class='ocrx_word' id='word_1_127' title='bbox 1710 707 1890 747; x_wconf 78' lang='lat' dir='ltr'>translated</span> <span class='ocrx_word' id='word_1_128' title='bbox 1914 709 1960 755; x_wconf 82' lang='lat' dir='ltr'>by</span> 
     </span>
     <span class='ocr_line' id='line_1_12' title="bbox 305 763 839 814; baseline -0.013 -7"><span class='ocrx_word' id='word_1_129' title='bbox 305 772 377 808; x_wconf 89' lang='lat' dir='ltr'>Th.</span> <span class='ocrx_word' id='word_1_130' title='bbox 395 770 524 805; x_wconf 81' lang='lat' dir='ltr'>Barnes.</span> <span class='ocrx_word' id='word_1_131' title='bbox 550 765 656 802; x_wconf 84' lang='lat' dir='ltr'>Loud.</span> <span class='ocrx_word' id='word_1_132' title='bbox 685 769 774 810; x_wconf 86' lang='lat'>1624.</span> <span class='ocrx_word' id='word_1_133' title='bbox 790 763 839 814; x_wconf 79' lang='grc'><strong>4.]</strong></span> 
     </span>
    </p>
   </div>
   <div class='ocr_carea' id='block_1_6' title="bbox 204 840 1965 1052">
    <p class='ocr_par' dir='ltr' id='par_1_6' title="bbox 204 840 1965 1052">
     <span class='ocr_line' id='line_1_13' title="bbox 204 840 1964 902; baseline -0.007 -13"><span class='ocrx_word' id='word_1_134' title='bbox 204 852 242 899; x_wconf 81' lang='lat'>7)</span> <span class='ocrx_word' id='word_1_135' title='bbox 268 840 580 902; x_wconf 62' lang='lat' dir='ltr'>&#39;Agenomcymmic-</span> <span class='ocrx_word' id='word_1_136' title='bbox 632 845 672 880; x_wconf 89' lang='lat' dir='ltr'>In</span> <span class='ocrx_word' id='word_1_137' title='bbox 687 841 801 880; x_wconf 88' lang='lat' dir='ltr'>senatu</span> <span class='ocrx_word' id='word_1_138' title='bbox 818 845 1054 894; x_wconf 84' lang='lat' dir='ltr'>Areopagitico</span> <span class='ocrx_word' id='word_1_139' title='bbox 1071 841 1204 884; x_wconf 83' lang='lat' dir='ltr'>suadet,</span> <span class='ocrx_word' id='word_1_140' title='bbox 1232 854 1266 880; x_wconf 90' lang='lat' dir='ltr'>vt</span> <span class='ocrx_word' id='word_1_141' title='bbox 1284 845 1500 881; x_wconf 86' lang='lat' dir='ltr'>Democratia</span> <span class='ocrx_word' id='word_1_142' title='bbox 1519 840 1586 879; x_wconf 82' lang='lat' dir='ltr'>flue</span> <span class='ocrx_word' id='word_1_143' title='bbox 1603 844 1768 879; x_wconf 85' lang='lat' dir='ltr'>Anarchia</span> <span class='ocrx_word' id='word_1_144' title='bbox 1782 843 1905 892; x_wconf 81' lang='lat' dir='ltr'>potius,</span> <span class='ocrx_word' id='word_1_145' title='bbox 1927 842 1964 876; x_wconf 80' lang='lat' dir='ltr'>in</span> 
     </span>
     <span class='ocr_line' id='line_1_14' title="bbox 277 891 1963 953; baseline -0.005 -15"><span class='ocrx_word' id='word_1_146' title='bbox 277 930 281 934; x_wconf 77' lang='lat'>.</span> <span class='ocrx_word' id='word_1_147' title='bbox 306 915 409 953; x_wconf 88' lang='lat' dir='ltr'>quam</span> <span class='ocrx_word' id='word_1_148' title='bbox 431 903 515 934; x_wconf 86' lang='lat' dir='ltr'>circa</span> <span class='ocrx_word' id='word_1_149' title='bbox 539 894 622 932; x_wconf 84' lang='lat' dir='ltr'>illud</span> <span class='ocrx_word' id='word_1_150' title='bbox 645 907 774 946; x_wconf 87' lang='lat' dir='ltr'>teinpus</span> <span class='ocrx_word' id='word_1_151' title='bbox 805 893 889 946; x_wconf 85' lang='lat' dir='ltr'>resp.</span> <span class='ocrx_word' id='word_1_152' title='bbox 907 896 1113 932; x_wconf 78' lang='lat' dir='ltr'>Atheniensis</span> <span class='ocrx_word' id='word_1_153' title='bbox 1130 907 1198 932; x_wconf 71' lang='lat' dir='ltr'>erat</span> <span class='ocrx_word' id='word_1_154' title='bbox 1213 894 1387 948; x_wconf 85' lang='lat' dir='ltr'>prolapsa,</span> <span class='ocrx_word' id='word_1_155' title='bbox 1414 895 1627 932; x_wconf 86' lang='lat' dir='ltr'>reduceretur</span> <span class='ocrx_word' id='word_1_156' title='bbox 1640 894 1681 931; x_wconf 91' lang='lat' dir='ltr'>ad</span> <span class='ocrx_word' id='word_1_157' title='bbox 1697 895 1876 932; x_wconf 89' lang='lat' dir='ltr'>meliorem</span> <span class='ocrx_word' id='word_1_158' title='bbox 1893 891 1963 930; x_wconf 88' lang='lat' dir='ltr'>for-</span> 
     </span>
     <span class='ocr_line' id='line_1_15' title="bbox 308 946 1962 999; baseline -0.005 -10"><span class='ocrx_word' id='word_1_159' title='bbox 308 967 421 994; x_wconf 86' lang='lat' dir='ltr'>mam,</span> <span class='ocrx_word' id='word_1_160' title='bbox 443 965 462 987; x_wconf 87' lang='lat' dir='ltr'>a</span> <span class='ocrx_word' id='word_1_161' title='bbox 483 949 608 986; x_wconf 89' lang='lat' dir='ltr'>Solone</span> <span class='ocrx_word' id='word_1_162' title='bbox 632 960 664 986; x_wconf 87' lang='lat' dir='ltr'>et</span> <span class='ocrx_word' id='word_1_163' title='bbox 686 948 854 986; x_wconf 84' lang='lat' dir='ltr'>Clisthene</span> <span class='ocrx_word' id='word_1_164' title='bbox 875 951 965 998; x_wconf 87' lang='lat' dir='ltr'>prius</span> <span class='ocrx_word' id='word_1_165' title='bbox 987 949 1211 985; x_wconf 84' lang='lat' dir='ltr'>constitutam.</span> <span class='ocrx_word' id='word_1_166' title='bbox 1271 951 1398 999; x_wconf 84' lang='lat' dir='ltr'>Scripta</span> <span class='ocrx_word' id='word_1_167' title='bbox 1412 949 1488 999; x_wconf 87' lang='lat' dir='ltr'>post</span> <span class='ocrx_word' id='word_1_168' title='bbox 1503 959 1638 997; x_wconf 82' lang='lat' dir='ltr'>rogatos</span> <span class='ocrx_word' id='word_1_169' title='bbox 1654 961 1672 984; x_wconf 81' lang='lat' dir='ltr'>a</span> <span class='ocrx_word' id='word_1_170' title='bbox 1689 946 1962 984; x_wconf 74' lang='lat' dir='ltr'>Lacedaemoniis</span> 
     </span>
     <span class='ocr_line' id='line_1_16' title="bbox 306 997 1965 1052; baseline -0.004 -9"><span class='ocrx_word' id='word_1_171' title='bbox 306 1000 538 1046; x_wconf 76' lang='lat' dir='ltr'>Athenienses,</span> <span class='ocrx_word' id='word_1_172' title='bbox 563 1016 605 1038; x_wconf 89' lang='lat' dir='ltr'>ne</span> <span class='ocrx_word' id='word_1_173' title='bbox 621 999 653 1038; x_wconf 92' lang='lat' dir='ltr'>se</span> <span class='ocrx_word' id='word_1_174' title='bbox 667 1016 685 1037; x_wconf 88' lang='lat' dir='ltr'>a</span> <span class='ocrx_word' id='word_1_175' title='bbox 699 1002 871 1038; x_wconf 79' lang='lat' dir='ltr'>Thebanis</span> <span class='ocrx_word' id='word_1_176' title='bbox 887 999 1036 1037; x_wconf 83' lang='lat' dir='ltr'>funditus</span> <span class='ocrx_word' id='word_1_177' title='bbox 1051 1000 1194 1038; x_wconf 83' lang='lat' dir='ltr'>exscindi</span> <span class='ocrx_word' id='word_1_178' title='bbox 1211 1013 1421 1052; x_wconf 88' lang='lat' dir='ltr'>paterentur,</span> <span class='ocrx_word' id='word_1_179' title='bbox 1447 1004 1515 1038; x_wconf 90' lang='lat' dir='ltr'>hoc</span> <span class='ocrx_word' id='word_1_180' title='bbox 1538 1001 1603 1045; x_wconf 87' lang='lat' dir='ltr'>est,</span> <span class='ocrx_word' id='word_1_181' title='bbox 1629 1000 1703 1052; x_wconf 83' lang='lat' dir='ltr'>post</span> <span class='ocrx_word' id='word_1_182' title='bbox 1720 997 1965 1049; x_wconf 85' lang='lat' dir='ltr'>Olympiadem</span> 
     </span>
    </p>
   </div>
   <div class='ocr_carea' id='block_1_7' title="bbox 308 1053 1966 1160">
    <p class='ocr_par' dir='ltr' id='par_1_7' title="bbox 308 1053 1966 1160">
     <span class='ocr_line' id='line_1_17' title="bbox 309 1053 1966 1104; baseline -0.002 -12"><span class='ocrx_word' id='word_1_183' title='bbox 309 1060 381 1095; x_wconf 81' lang='lat' dir='ltr'>Cli.</span> <span class='ocrx_word' id='word_1_184' title='bbox 435 1057 562 1096; x_wconf 78' lang='lat' dir='ltr'>Latine,</span> <span class='ocrx_word' id='word_1_185' title='bbox 591 1065 719 1104; x_wconf 89' lang='lat' dir='ltr'>praeter</span> <span class='ocrx_word' id='word_1_186' title='bbox 734 1054 830 1097; x_wconf 88' lang='lat' dir='ltr'>alios,</span> <span class='ocrx_word' id='word_1_187' title='bbox 856 1054 1019 1090; x_wconf 86' lang='lat' dir='ltr'>transtulit</span> <span class='ocrx_word' id='word_1_188' title='bbox 1035 1055 1223 1092; x_wconf 81' lang='lat' dir='ltr'>Ludouiciis</span> <span class='ocrx_word' id='word_1_189' title='bbox 1242 1055 1281 1091; x_wconf 93' lang='lat' dir='ltr'><em>V</em></span> <span class='ocrx_word' id='word_1_190' title='bbox 1281 1057 1349 1090; x_wconf 71' lang='lat' dir='ltr'>ines</span> <span class='ocrx_word' id='word_1_191' title='bbox 1365 1066 1450 1094; x_wconf 88' lang='lat' dir='ltr'>tom.</span> <span class='ocrx_word' id='word_1_192' title='bbox 1463 1056 1487 1091; x_wconf 88' lang='lat'>1.</span> <span class='ocrx_word' id='word_1_193' title='bbox 1503 1056 1592 1104; x_wconf 84' lang='lat' dir='ltr'>Opp.</span> <span class='ocrx_word' id='word_1_194' title='bbox 1610 1066 1643 1104; x_wconf 83' lang='lat' dir='ltr'>p.</span> <span class='ocrx_word' id='word_1_195' title='bbox 1659 1060 1737 1098; x_wconf 83' lang='lat'>308.</span> <span class='ocrx_word' id='word_1_196' title='bbox 1791 1053 1913 1089; x_wconf 73' lang='lat' dir='ltr'>Graem</span> <span class='ocrx_word' id='word_1_197' title='bbox 1933 1060 1966 1088; x_wconf 85' lang='lat' dir='ltr'>et</span> 
     </span>
     <span class='ocr_line' id='line_1_18' title="bbox 308 1106 1354 1160; baseline -0.005 -13"><span class='ocrx_word' id='word_1_198' title='bbox 308 1111 364 1148; x_wconf 84' lang='lat' dir='ltr'>lat.</span> <span class='ocrx_word' id='word_1_199' title='bbox 387 1107 563 1160; x_wconf 67' lang='lat' dir='ltr'>separatim</span> <span class='ocrx_word' id='word_1_200' title='bbox 585 1106 686 1144; x_wconf 90' lang='lat' dir='ltr'>edidit</span> <span class='ocrx_word' id='word_1_201' title='bbox 704 1109 755 1143; x_wconf 86' lang='lat' dir='ltr'>Io.</span> <span class='ocrx_word' id='word_1_202' title='bbox 770 1108 972 1144; x_wconf 70' lang='lat' dir='ltr'>Breneccius.</span> <span class='ocrx_word' id='word_1_203' title='bbox 999 1106 1186 1144; x_wconf 84' lang='lat' dir='ltr'>Helmstad.</span> <span class='ocrx_word' id='word_1_204' title='bbox 1210 1112 1300 1153; x_wconf 58' lang='lat'><strong>¹538·</strong></span> <span class='ocrx_word' id='word_1_205' title='bbox 1322 1120 1354 1152; x_wconf 79' lang='grc'><strong>4.</strong></span> 
     </span>
    </p>
   </div>
   <div class='ocr_carea' id='block_1_8' title="bbox 211 1180 1975 1762">
    <p class='ocr_par' dir='ltr' id='par_1_8' title="bbox 211 1180 1975 1762">
     <span class='ocr_line' id='line_1_19' title="bbox 211 1180 1970 1241; baseline -0.001 -19"><span class='ocrx_word' id='word_1_206' title='bbox 211 1192 249 1240; x_wconf 77' lang='grc'>3)</span> <span class='ocrx_word' id='word_1_207' title='bbox 275 1189 356 1241; x_wconf 53' lang='grc' dir='ltr'>Περὶ</span> <span class='ocrx_word' id='word_1_208' title='bbox 375 1184 497 1240; x_wconf 56' lang='grc' dir='ltr'>εἰρήνης</span> <span class='ocrx_word' id='word_1_209' title='bbox 514 1182 532 1231; x_wconf 73' lang='grc' dir='ltr'>ἢ</span> <span class='ocrx_word' id='word_1_210' title='bbox 548 1181 788 1236; x_wconf 70' lang='grc' dir='ltr'><strong>συμμαχικὸς.</strong></span> <span class='ocrx_word' id='word_1_211' title='bbox 841 1185 894 1221; x_wconf 92' lang='lat' dir='ltr'>De</span> <span class='ocrx_word' id='word_1_212' title='bbox 917 1199 999 1234; x_wconf 87' lang='lat' dir='ltr'>pace</span> <span class='ocrx_word' id='word_1_213' title='bbox 1023 1199 1100 1220; x_wconf 89' lang='lat' dir='ltr'>cum</span> <span class='ocrx_word' id='word_1_214' title='bbox 1122 1188 1233 1232; x_wconf 87' lang='lat' dir='ltr'>Chiis,</span> <span class='ocrx_word' id='word_1_215' title='bbox 1261 1184 1403 1222; x_wconf 76' lang='lat' dir='ltr'>Rhodiis</span> <span class='ocrx_word' id='word_1_216' title='bbox 1427 1194 1459 1221; x_wconf 91' lang='lat' dir='ltr'>et</span> <span class='ocrx_word' id='word_1_217' title='bbox 1479 1186 1645 1232; x_wconf 86' lang='lat' dir='ltr'>Byzantiis</span> <span class='ocrx_word' id='word_1_218' title='bbox 1664 1182 1827 1228; x_wconf 83' lang='lat' dir='ltr'>ineunda,</span> <span class='ocrx_word' id='word_1_219' title='bbox 1859 1193 1892 1220; x_wconf 85' lang='lat' dir='ltr'>et</span> <span class='ocrx_word' id='word_1_220' title='bbox 1914 1180 1970 1220; x_wconf 56' lang='lat' dir='ltr'>dea</span> 
     </span>
     <span class='ocr_line' id='line_1_20' title="bbox 313 1237 1970 1294; baseline -0.004 -16"><span class='ocrx_word' id='word_1_221' title='bbox 313 1239 476 1294; x_wconf 83' lang='lat' dir='ltr'>ponendo</span> <span class='ocrx_word' id='word_1_222' title='bbox 498 1240 537 1275; x_wconf 86' lang='lat' dir='ltr'>ab</span> <span class='ocrx_word' id='word_1_223' title='bbox 559 1237 812 1274; x_wconf 81' lang='lat' dir='ltr'>Atheniensibus</span> <span class='ocrx_word' id='word_1_224' title='bbox 837 1240 937 1272; x_wconf 85' lang='lat' dir='ltr'>maris</span> <span class='ocrx_word' id='word_1_225' title='bbox 964 1240 1117 1286; x_wconf 87' lang='lat' dir='ltr'>imperio.</span> <span class='ocrx_word' id='word_1_226' title='bbox 1170 1240 1297 1287; x_wconf 85' lang='lat' dir='ltr'>Scripta</span> <span class='ocrx_word' id='word_1_227' title='bbox 1325 1239 1465 1288; x_wconf 88' lang='lat' dir='ltr'>Olymp.</span> <span class='ocrx_word' id='word_1_228' title='bbox 1492 1241 1564 1274; x_wconf 85' lang='lat' dir='ltr'>CV.</span> <span class='ocrx_word' id='word_1_229' title='bbox 1589 1250 1621 1281; x_wconf 84' lang='lat'>4.</span> <span class='ocrx_word' id='word_1_230' title='bbox 1689 1239 1861 1274; x_wconf 83' lang='lat' dir='ltr'>Memorat</span> <span class='ocrx_word' id='word_1_231' title='bbox 1884 1239 1970 1272; x_wconf 81' lang='lat' dir='ltr'>lianc</span> 
     </span>
     <span class='ocr_line' id='line_1_21' title="bbox 314 1285 1970 1341; baseline -0.003 -10"><span class='ocrx_word' id='word_1_232' title='bbox 314 1297 505 1332; x_wconf 87' lang='lat' dir='ltr'>orationem</span> <span class='ocrx_word' id='word_1_233' title='bbox 528 1289 595 1341; x_wconf 89' lang='lat' dir='ltr'>ipse</span> <span class='ocrx_word' id='word_1_234' title='bbox 621 1288 777 1327; x_wconf 82' lang='lat' dir='ltr'>Isocrates</span> <span class='ocrx_word' id='word_1_235' title='bbox 803 1290 882 1341; x_wconf 67' lang='lat' dir='ltr'>me}</span> <span class='ocrx_word' id='word_1_236' title='bbox 906 1286 1116 1329; x_wconf 58' lang='grc' dir='ltr'><strong>οἰντιὸρσεως.</strong></span> <span class='ocrx_word' id='word_1_237' title='bbox 1170 1291 1344 1327; x_wconf 83' lang='lat' dir='ltr'>Posteriori</span> <span class='ocrx_word' id='word_1_238' title='bbox 1371 1294 1453 1339; x_wconf 90' lang='lat' dir='ltr'>parti</span> <span class='ocrx_word' id='word_1_239' title='bbox 1474 1287 1570 1326; x_wconf 88' lang='lat' dir='ltr'>suum</span> <span class='ocrx_word' id='word_1_240' title='bbox 1595 1286 1826 1340; x_wconf 67' lang='grc' dir='ltr'>οἰντιῤῥητικὸν</span> <span class='ocrx_word' id='word_1_241' title='bbox 1847 1285 1970 1340; x_wconf 63' lang='grc' dir='ltr'>εἰρήνης</span> 
     </span>
     <span class='ocr_line' id='line_1_22' title="bbox 315 1340 1971 1398; baseline -0.004 -16"><span class='ocrx_word' id='word_1_242' title='bbox 315 1344 474 1398; x_wconf 83' lang='lat' dir='ltr'>opposuit</span> <span class='ocrx_word' id='word_1_243' title='bbox 493 1344 604 1380; x_wconf 81' lang='lat' dir='ltr'>Aelius</span> <span class='ocrx_word' id='word_1_244' title='bbox 621 1342 787 1380; x_wconf 76' lang='lat' dir='ltr'>Aristides.</span> <span class='ocrx_word' id='word_1_245' title='bbox 841 1345 894 1379; x_wconf 94' lang='lat' dir='ltr'>De</span> <span class='ocrx_word' id='word_1_246' title='bbox 918 1357 998 1392; x_wconf 82' lang='lat' dir='ltr'>pace</span> <span class='ocrx_word' id='word_1_247' title='bbox 1020 1354 1052 1379; x_wconf 88' lang='lat' dir='ltr'>et</span> <span class='ocrx_word' id='word_1_248' title='bbox 1081 1342 1324 1381; x_wconf 86' lang='lat' dir='ltr'>Archidamum</span> <span class='ocrx_word' id='word_1_249' title='bbox 1350 1342 1447 1379; x_wconf 87' lang='lat' dir='ltr'>lsocr.</span> <span class='ocrx_word' id='word_1_250' title='bbox 1468 1340 1603 1379; x_wconf 75' lang='lat' dir='ltr'>seorsim</span> <span class='ocrx_word' id='word_1_251' title='bbox 1628 1342 1728 1378; x_wconf 84' lang='lat' dir='ltr'>edidit</span> <span class='ocrx_word' id='word_1_252' title='bbox 1746 1345 1796 1379; x_wconf 82' lang='lat' dir='ltr'>lo.</span> <span class='ocrx_word' id='word_1_253' title='bbox 1811 1341 1971 1390; x_wconf 73' lang='lat' dir='ltr'>Pqffelius</span> 
     </span>
     <span class='ocr_line' id='line_1_23' title="bbox 316 1394 1973 1451; baseline -0.004 -15"><span class='ocrx_word' id='word_1_254' title='bbox 316 1413 369 1451; x_wconf 83' lang='lat' dir='ltr'>gr.</span> <span class='ocrx_word' id='word_1_255' title='bbox 397 1398 558 1435; x_wconf 82' lang='lat' dir='ltr'>Rostoeh.</span> <span class='ocrx_word' id='word_1_256' title='bbox 579 1403 663 1441; x_wconf 83' lang='lat'>1583.</span> <span class='ocrx_word' id='word_1_257' title='bbox 684 1409 715 1441; x_wconf 83' lang='lat'>4.</span> <span class='ocrx_word' id='word_1_258' title='bbox 768 1395 923 1442; x_wconf 82' lang='lat' dir='ltr'>Isocratis</span> <span class='ocrx_word' id='word_1_259' title='bbox 939 1397 976 1430; x_wconf 83' lang='lat' dir='ltr'>de</span> <span class='ocrx_word' id='word_1_260' title='bbox 983 1409 1062 1443; x_wconf 77' lang='lat' dir='ltr'>pace</span> <span class='ocrx_word' id='word_1_261' title='bbox 1083 1409 1162 1432; x_wconf 90' lang='lat' dir='ltr'>cum</span> <span class='ocrx_word' id='word_1_262' title='bbox 1179 1396 1219 1432; x_wconf 90' lang='lat' dir='ltr'>al.</span> <span class='ocrx_word' id='word_1_263' title='bbox 1234 1394 1420 1447; x_wconf 82' lang='lat' dir='ltr'>opusculis,</span> <span class='ocrx_word' id='word_1_264' title='bbox 1446 1396 1547 1432; x_wconf 89' lang='lat' dir='ltr'>latine</span> <span class='ocrx_word' id='word_1_265' title='bbox 1567 1399 1661 1432; x_wconf 88' lang='lat' dir='ltr'>vertit</span> <span class='ocrx_word' id='word_1_266' title='bbox 1679 1396 1801 1430; x_wconf 80' lang='lat' dir='ltr'>Petrus</span> <span class='ocrx_word' id='word_1_267' title='bbox 1815 1394 1973 1443; x_wconf 79' lang='lat' dir='ltr'>Mosella·</span> 
     </span>
     <span class='ocr_line' id='line_1_24' title="bbox 317 1446 1974 1501; baseline -0.004 -13"><span class='ocrx_word' id='word_1_268' title='bbox 317 1465 390 1488; x_wconf 78' lang='lat' dir='ltr'>nus.</span> <span class='ocrx_word' id='word_1_269' title='bbox 404 1449 540 1501; x_wconf 75' lang='lat' dir='ltr'>Lipsiae,</span> <span class='ocrx_word' id='word_1_270' title='bbox 558 1456 640 1496; x_wconf 81' lang='lat'>¹5¹8-</span> <span class='ocrx_word' id='word_1_271' title='bbox 659 1461 690 1493; x_wconf 78' lang='lat'>4.</span> <span class='ocrx_word' id='word_1_272' title='bbox 717 1447 810 1484; x_wconf 86' lang='lat' dir='ltr'>Basil.</span> <span class='ocrx_word' id='word_1_273' title='bbox 831 1446 919 1498; x_wconf 72' lang='lat' dir='ltr'>apud</span> <span class='ocrx_word' id='word_1_274' title='bbox 933 1449 1072 1484; x_wconf 84' lang='lat' dir='ltr'>Froben.</span> <span class='ocrx_word' id='word_1_275' title='bbox 1095 1461 1170 1494; x_wconf 81' lang='lat'><strong>¹5¹9·</strong></span> <span class='ocrx_word' id='word_1_276' title='bbox 1188 1461 1218 1492; x_wconf 77' lang='grc'><strong>4.</strong></span> <span class='ocrx_word' id='word_1_277' title='bbox 1245 1470 1290 1476; x_wconf 90' lang='grc'><strong>-</strong></span> <span class='ocrx_word' id='word_1_278' title='bbox 1317 1448 1409 1484; x_wconf 85' lang='lat' dir='ltr'>Basil.</span> <span class='ocrx_word' id='word_1_279' title='bbox 1429 1461 1512 1494; x_wconf 80' lang='lat'>15²2·</span> <span class='ocrx_word' id='word_1_280' title='bbox 1531 1460 1562 1492; x_wconf 79' lang='lat'>4.</span> <span class='ocrx_word' id='word_1_281' title='bbox 1599 1449 1884 1496; x_wconf 77' lang='lat' dir='ltr'>Georg.Sabi&#39;nns,</span> <span class='ocrx_word' id='word_1_282' title='bbox 1898 1448 1974 1484; x_wconf 86' lang='lat' dir='ltr'>Me-</span> 
     </span>
     <span class='ocr_line' id='line_1_25' title="bbox 318 1498 1972 1559; baseline -0.004 -17"><span class='ocrx_word' id='word_1_283' title='bbox 318 1505 532 1543; x_wconf 87' lang='lat' dir='ltr'>lanchthonis</span> <span class='ocrx_word' id='word_1_284' title='bbox 549 1515 671 1551; x_wconf 85' lang='lat' dir='ltr'>gener,</span> <span class='ocrx_word' id='word_1_285' title='bbox 696 1498 791 1537; x_wconf 83' lang='lat' dir='ltr'>Paris.</span> <span class='ocrx_word' id='word_1_286' title='bbox 808 1513 886 1547; x_wconf 80' lang='lat'>¹53¹·</span> <span class='ocrx_word' id='word_1_287' title='bbox 904 1509 934 1543; x_wconf 84' lang='lat'>8.</span> <span class='ocrx_word' id='word_1_288' title='bbox 991 1502 1165 1547; x_wconf 69' lang='lat' dir='ltr'>Philippus</span> <span class='ocrx_word' id='word_1_289' title='bbox 1184 1502 1424 1537; x_wconf 76' lang='lat' dir='ltr'>Melanchthon.</span> <span class='ocrx_word' id='word_1_290' title='bbox 1450 1503 1655 1550; x_wconf 85' lang='lat' dir='ltr'>Hagenoae,</span> <span class='ocrx_word' id='word_1_291' title='bbox 1683 1512 1763 1546; x_wconf 85' lang='lat'>1533.</span> <span class='ocrx_word' id='word_1_292' title='bbox 1786 1507 1820 1559; x_wconf 62' lang='grc' dir='ltr'><strong>β.</strong></span> <span class='ocrx_word' id='word_1_293' title='bbox 1843 1500 1972 1537; x_wconf 78' lang='lat' dir='ltr'>Fabric.</span> 
     </span>
     <span class='ocr_line' id='line_1_26' title="bbox 317 1549 1974 1606; baseline -0.003 -13"><span class='ocrx_word' id='word_1_294' title='bbox 317 1558 422 1606; x_wconf 81' lang='lat' dir='ltr'>Isotr.</span> <span class='ocrx_word' id='word_1_295' title='bbox 447 1562 533 1592; x_wconf 84' lang='lat' dir='ltr'>orat.</span> <span class='ocrx_word' id='word_1_296' title='bbox 557 1555 596 1589; x_wconf 80' lang='lat' dir='ltr'>de</span> <span class='ocrx_word' id='word_1_297' title='bbox 614 1567 711 1601; x_wconf 81' lang='lat' dir='ltr'>pace.</span> <span class='ocrx_word' id='word_1_298' title='bbox 737 1565 863 1600; x_wconf 74' lang='lat' dir='ltr'>graece.</span> <span class='ocrx_word' id='word_1_299' title='bbox 898 1555 1071 1588; x_wconf 71' lang='lat' dir='ltr'>excutiebat</span> <span class='ocrx_word' id='word_1_300' title='bbox 1093 1554 1262 1600; x_wconf 75' lang='lat' dir='ltr'>Clirssitm.</span> <span class='ocrx_word' id='word_1_301' title='bbox 1280 1555 1329 1590; x_wconf 83' lang='lat' dir='ltr'><em>W</em></span> <span class='ocrx_word' id='word_1_302' title='bbox 1331 1555 1413 1590; x_wconf 76' lang='lat' dir='ltr'>celiel</span> <span class='ocrx_word' id='word_1_303' title='bbox 1421 1583 1431 1596; x_wconf 92' lang='lat'><strong>‚</strong></span> <span class='ocrx_word' id='word_1_304' title='bbox 1461 1551 1518 1590; x_wconf 89' lang='lat' dir='ltr'>sub</span> <span class='ocrx_word' id='word_1_305' title='bbox 1543 1551 1635 1589; x_wconf 88' lang='lat' dir='ltr'>scuto</span> <span class='ocrx_word' id='word_1_306' title='bbox 1658 1550 1841 1589; x_wconf 75' lang='lat' dir='ltr'>Basileenfi.</span> <span class='ocrx_word' id='word_1_307' title='bbox 1875 1549 1974 1588; x_wconf 83' lang='lat' dir='ltr'>Paris.</span> 
     </span>
     <span class='ocr_line' id='line_1_27' title="bbox 318 1603 1972 1656; baseline -0.002 -12"><span class='ocrx_word' id='word_1_308' title='bbox 318 1622 405 1656; x_wconf 85' lang='lat'>¹5²9·</span> <span class='ocrx_word' id='word_1_309' title='bbox 429 1616 463 1650; x_wconf 88' lang='lat'>8.</span> <span class='ocrx_word' id='word_1_310' title='bbox 491 1628 540 1634; x_wconf 89' lang='lat'>—</span> <span class='ocrx_word' id='word_1_311' title='bbox 569 1620 647 1642; x_wconf 89' lang='lat' dir='ltr'>cuin</span> <span class='ocrx_word' id='word_1_312' title='bbox 671 1607 795 1641; x_wconf 88' lang='lat' dir='ltr'>Libanii</span> <span class='ocrx_word' id='word_1_313' title='bbox 817 1605 1005 1642; x_wconf 88' lang='lat' dir='ltr'>declamatt.</span> <span class='ocrx_word' id='word_1_314' title='bbox 1033 1627 1085 1632; x_wconf 89' lang='lat'>—-</span> <span class='ocrx_word' id='word_1_315' title='bbox 1113 1608 1213 1654; x_wconf 50' lang='lat' dir='ltr'>[lber.</span> <span class='ocrx_word' id='word_1_316' title='bbox 1238 1608 1281 1642; x_wconf 75' lang='lat' dir='ltr'>ad</span> <span class='ocrx_word' id='word_1_317' title='bbox 1296 1606 1426 1643; x_wconf 82' lang='lat' dir='ltr'>Nico&#39;cl.</span> <span class='ocrx_word' id='word_1_318' title='bbox 1455 1608 1591 1642; x_wconf 86' lang='lat' dir='ltr'>Luciani</span> <span class='ocrx_word' id='word_1_319' title='bbox 1609 1604 1826 1652; x_wconf 83' lang='lat' dir='ltr'>tyrannicida,</span> <span class='ocrx_word' id='word_1_320' title='bbox 1857 1603 1972 1652; x_wconf 72' lang='lat' dir='ltr'>Lysiae</span> 
     </span>
     <span class='ocr_line' id='line_1_28' title="bbox 318 1656 1972 1709; baseline -0.003 -10"><span class='ocrx_word' id='word_1_321' title='bbox 318 1663 359 1699; x_wconf 88' lang='grc'>11.</span> <span class='ocrx_word' id='word_1_322' title='bbox 376 1670 471 1698; x_wconf 91' lang='lat' dir='ltr'>oratt.</span> <span class='ocrx_word' id='word_1_323' title='bbox 487 1658 528 1695; x_wconf 91' lang='lat' dir='ltr'>de</span> <span class='ocrx_word' id='word_1_324' title='bbox 545 1658 758 1695; x_wconf 83' lang='lat' dir='ltr'>Eratosthene</span> <span class='ocrx_word' id='word_1_325' title='bbox 773 1669 804 1694; x_wconf 92' lang='lat' dir='ltr'>et</span> <span class='ocrx_word' id='word_1_326' title='bbox 820 1656 964 1705; x_wconf 83' lang='lat' dir='ltr'>funebri,</span> <span class='ocrx_word' id='word_1_327' title='bbox 985 1672 1034 1707; x_wconf 89' lang='lat' dir='ltr'>gr.</span> <span class='ocrx_word' id='word_1_328' title='bbox 1056 1669 1087 1694; x_wconf 83' lang='lat' dir='ltr'>et</span> <span class='ocrx_word' id='word_1_329' title='bbox 1104 1659 1155 1695; x_wconf 90' lang='lat' dir='ltr'>lat.</span> <span class='ocrx_word' id='word_1_330' title='bbox 1183 1658 1274 1695; x_wconf 86' lang='lat' dir='ltr'>Basil.</span> <span class='ocrx_word' id='word_1_331' title='bbox 1290 1674 1342 1709; x_wconf 87' lang='lat' dir='ltr'>ap.</span> <span class='ocrx_word' id='word_1_332' title='bbox 1361 1660 1500 1696; x_wconf 75' lang='lat' dir='ltr'>froben.</span> <span class='ocrx_word' id='word_1_333' title='bbox 1518 1671 1602 1702; x_wconf 78' lang='lat'>1522.</span> <span class='ocrx_word' id='word_1_334' title='bbox 1618 1671 1650 1703; x_wconf 75' lang='lat'>4.</span> <span class='ocrx_word' id='word_1_335' title='bbox 1678 1679 1728 1686; x_wconf 89' lang='lat'>—</span> <span class='ocrx_word' id='word_1_336' title='bbox 1755 1657 1797 1694; x_wconf 90' lang='lat' dir='ltr'>de</span> <span class='ocrx_word' id='word_1_337' title='bbox 1809 1670 1901 1707; x_wconf 78' lang='lat' dir='ltr'>pace,</span> <span class='ocrx_word' id='word_1_338' title='bbox 1919 1670 1972 1706; x_wconf 87' lang='lat' dir='ltr'>gr.</span> 
     </span>
     <span class='ocr_line' id='line_1_29' title="bbox 322 1707 1975 1762; baseline -0.002 -12"><span class='ocrx_word' id='word_1_339' title='bbox 322 1724 356 1750; x_wconf 87' lang='lat' dir='ltr'>et</span> <span class='ocrx_word' id='word_1_340' title='bbox 371 1715 426 1750; x_wconf 86' lang='lat' dir='ltr'>lat.</span> <span class='ocrx_word' id='word_1_341' title='bbox 454 1711 641 1748; x_wconf 83' lang='lat' dir='ltr'>Helinssad.</span> <span class='ocrx_word' id='word_1_342' title='bbox 657 1713 751 1756; x_wconf 79' lang='lat'>1640.</span> <span class='ocrx_word' id='word_1_343' title='bbox 769 1722 800 1755; x_wconf 87' lang='grc'><strong>4.</strong></span> <span class='ocrx_word' id='word_1_344' title='bbox 824 1732 873 1738; x_wconf 88' lang='grc'><strong>-</strong></span> <span class='ocrx_word' id='word_1_345' title='bbox 903 1721 987 1747; x_wconf 85' lang='lat' dir='ltr'>orat.</span> <span class='ocrx_word' id='word_1_346' title='bbox 1003 1710 1044 1747; x_wconf 90' lang='lat' dir='ltr'>de</span> <span class='ocrx_word' id='word_1_347' title='bbox 1061 1711 1150 1748; x_wconf 91' lang='lat' dir='ltr'>bello</span> <span class='ocrx_word' id='word_1_348' title='bbox 1166 1710 1328 1762; x_wconf 73' lang='lat' dir='ltr'>fugiendo</span> <span class='ocrx_word' id='word_1_349' title='bbox 1344 1722 1374 1748; x_wconf 86' lang='lat' dir='ltr'>et</span> <span class='ocrx_word' id='word_1_350' title='bbox 1391 1726 1472 1762; x_wconf 84' lang='lat' dir='ltr'>pace</span> <span class='ocrx_word' id='word_1_351' title='bbox 1489 1709 1666 1753; x_wconf 89' lang='lat' dir='ltr'>seruanda,</span> <span class='ocrx_word' id='word_1_352' title='bbox 1693 1712 1790 1746; x_wconf 83' lang='lat' dir='ltr'>Petro</span> <span class='ocrx_word' id='word_1_353' title='bbox 1815 1707 1975 1746; x_wconf 82' lang='lat' dir='ltr'>Mosella-</span> 
     </span>
    </p>
   </div>
   <div class='ocr_carea' id='block_1_9' title="bbox 320 1761 1975 1865">
    <p class='ocr_par' dir='ltr' id='par_1_9' title="bbox 320 1761 1975 1865">
     <span class='ocr_line' id='line_1_30' title="bbox 320 1761 1975 1816; baseline -0.002 -13"><span class='ocrx_word' id='word_1_354' title='bbox 320 1780 381 1809; x_wconf 89' lang='lat' dir='ltr'>n0,</span> <span class='ocrx_word' id='word_1_355' title='bbox 409 1761 618 1814; x_wconf 81' lang='lat' dir='ltr'>Protegense‚</span> <span class='ocrx_word' id='word_1_356' title='bbox 643 1767 830 1813; x_wconf 84' lang='lat' dir='ltr'>interprete.</span> <span class='ocrx_word' id='word_1_357' title='bbox 852 1775 882 1807; x_wconf 88' lang='grc'>4.</span> <span class='ocrx_word' id='word_1_358' title='bbox 913 1763 1067 1813; x_wconf 74' lang='lat' dir='ltr'>(epistola</span> <span class='ocrx_word' id='word_1_359' title='bbox 1093 1766 1235 1813; x_wconf 73' lang='lat' dir='ltr'>praefixa</span> <span class='ocrx_word' id='word_1_360' title='bbox 1262 1764 1335 1800; x_wconf 84' lang='lat' dir='ltr'>data</span> <span class='ocrx_word' id='word_1_361' title='bbox 1357 1765 1400 1800; x_wconf 78' lang='lat' dir='ltr'>est</span> <span class='ocrx_word' id='word_1_362' title='bbox 1419 1763 1545 1816; x_wconf 83' lang='lat' dir='ltr'>Lipsiae</span> <span class='ocrx_word' id='word_1_363' title='bbox 1568 1763 1673 1800; x_wconf 82' lang='lat' dir='ltr'>idibus</span> <span class='ocrx_word' id='word_1_364' title='bbox 1688 1765 1779 1813; x_wconf 81' lang='lat' dir='ltr'>Aug.</span> <span class='ocrx_word' id='word_1_365' title='bbox 1796 1768 1895 1811; x_wconf 86' lang='grc'><strong>1518.)</strong></span> <span class='ocrx_word' id='word_1_366' title='bbox 1922 1781 1975 1793; x_wconf 93' lang='grc'>--</span> 
     </span>
     <span class='ocr_line' id='line_1_31' title="bbox 324 1815 1407 1865; baseline -0.002 -11"><span class='ocrx_word' id='word_1_367' title='bbox 324 1819 448 1856; x_wconf 73' lang='lat' dir='ltr'>Gallice</span> <span class='ocrx_word' id='word_1_368' title='bbox 464 1820 560 1853; x_wconf 83' lang='lat' dir='ltr'>vertit</span> <span class='ocrx_word' id='word_1_369' title='bbox 577 1818 718 1863; x_wconf 74' lang='lat' dir='ltr'>Philipp.</span> <span class='ocrx_word' id='word_1_370' title='bbox 736 1817 881 1857; x_wconf 81' lang='lat' dir='ltr'>Robert,</span> <span class='ocrx_word' id='word_1_371' title='bbox 905 1817 1004 1853; x_wconf 69' lang='lat' dir='ltr'>letus.</span> <span class='ocrx_word' id='word_1_372' title='bbox 1031 1815 1125 1854; x_wconf 82' lang='lat' dir='ltr'>Paris.</span> <span class='ocrx_word' id='word_1_373' title='bbox 1143 1830 1227 1865; x_wconf 82' lang='lat'>1579.</span> <span class='ocrx_word' id='word_1_374' title='bbox 1243 1826 1274 1861; x_wconf 87' lang='lat'>8.</span> <span class='ocrx_word' id='word_1_375' title='bbox 1302 1817 1407 1853; x_wconf 80' lang='lat' dir='ltr'>Harl.</span> 
     </span>
    </p>
   </div>
   <div class='ocr_carea' id='block_1_10' title="bbox 439 1890 1110 1944">
    <p class='ocr_par' dir='ltr' id='par_1_10' title="bbox 439 1890 1110 1944">
     <span class='ocr_line' id='line_1_32' title="bbox 439 1890 1110 1944; baseline 0 -13"><span class='ocrx_word' id='word_1_376' title='bbox 439 1897 507 1931; x_wconf 80' lang='lat' dir='ltr'>tam</span> <span class='ocrx_word' id='word_1_377' title='bbox 523 1895 713 1944; x_wconf 74' lang='lat' dir='ltr'>sequuntur</span> <span class='ocrx_word' id='word_1_378' title='bbox 735 1890 835 1941; x_wconf 74' lang='grc' dir='ltr'>λόγοι</span> <span class='ocrx_word' id='word_1_379' title='bbox 855 1897 1110 1944; x_wconf 73' lang='grc' dir='ltr'><strong>ἐγκωμιαςικσί.</strong></span> 
     </span>
    </p>
   </div>
   <div class='ocr_carea' id='block_1_11' title="bbox 227 1954 1983 2426">
    <p class='ocr_par' dir='ltr' id='par_1_11' title="bbox 227 1954 1983 2426">
     <span class='ocr_line' id='line_1_33' title="bbox 227 1954 1979 2009; baseline 0.001 -18"><span class='ocrx_word' id='word_1_380' title='bbox 227 1958 264 2006; x_wconf 85' lang='lat'>9)</span> <span class='ocrx_word' id='word_1_381' title='bbox 292 1954 488 2009; x_wconf 69' lang='grc' dir='ltr'>Ἐυαγὸροις</span> <span class='ocrx_word' id='word_1_382' title='bbox 504 1955 569 1992; x_wconf 82' lang='lat' dir='ltr'>i‘iue</span> <span class='ocrx_word' id='word_1_383' title='bbox 586 1959 694 1992; x_wconf 85' lang='lat' dir='ltr'>oratio</span> <span class='ocrx_word' id='word_1_384' title='bbox 708 1954 853 1992; x_wconf 88' lang='lat' dir='ltr'>funebris</span> <span class='ocrx_word' id='word_1_385' title='bbox 870 1958 903 1991; x_wconf 90' lang='lat' dir='ltr'>in</span> <span class='ocrx_word' id='word_1_386' title='bbox 917 1955 1051 1992; x_wconf 81' lang='lat' dir='ltr'>laudem</span> <span class='ocrx_word' id='word_1_387' title='bbox 1071 1959 1262 2006; x_wconf 77' lang='lat' dir='ltr'>Euagorae,</span> <span class='ocrx_word' id='word_1_388' title='bbox 1288 1960 1374 2008; x_wconf 83' lang='lat' dir='ltr'>regis</span> <span class='ocrx_word' id='word_1_389' title='bbox 1391 1959 1619 2007; x_wconf 84' lang='lat' dir='ltr'>Cypriorum,</span> <span class='ocrx_word' id='word_1_390' title='bbox 1646 1959 1812 1994; x_wconf 85' lang='lat' dir='ltr'>interemti</span> <span class='ocrx_word' id='word_1_391' title='bbox 1831 1971 1849 1994; x_wconf 80' lang='lat' dir='ltr'>a</span> <span class='ocrx_word' id='word_1_392' title='bbox 1865 1955 1979 1993; x_wconf 54' lang='lat' dir='ltr'>Thra·</span> 
     </span>
     <span class='ocr_line' id='line_1_34' title="bbox 328 2007 1983 2060; baseline 0.001 -14"><span class='ocrx_word' id='word_1_393' title='bbox 328 2007 452 2056; x_wconf 82' lang='lat' dir='ltr'>sydaeo</span> <span class='ocrx_word' id='word_1_394' title='bbox 466 2010 642 2052; x_wconf 87' lang='lat' dir='ltr'>Eunucho,</span> <span class='ocrx_word' id='word_1_395' title='bbox 659 2008 800 2058; x_wconf 80' lang='lat' dir='ltr'>Olymp.</span> <span class='ocrx_word' id='word_1_396' title='bbox 820 2009 873 2044; x_wconf 79' lang='lat' dir='ltr'>CL</span> <span class='ocrx_word' id='word_1_397' title='bbox 889 2019 918 2051; x_wconf 81' lang='lat'>3.</span> <span class='ocrx_word' id='word_1_398' title='bbox 974 2009 1040 2054; x_wconf 88' lang='lat' dir='ltr'>[Ab</span> <span class='ocrx_word' id='word_1_399' title='bbox 1059 2011 1327 2060; x_wconf 69' lang='lat' dir='ltr'>Harpocratione</span> <span class='ocrx_word' id='word_1_400' title='bbox 1343 2024 1415 2046; x_wconf 89' lang='lat' dir='ltr'>voc.</span> <span class='ocrx_word' id='word_1_401' title='bbox 1432 2007 1628 2060; x_wconf 69' lang='grc' dir='ltr'><strong><em>Ἐυαγᾶρας</em></strong></span> <span class='ocrx_word' id='word_1_402' title='bbox 1643 2012 1675 2044; x_wconf 92' lang='lat' dir='ltr'>in</span> <span class='ocrx_word' id='word_1_403' title='bbox 1692 2009 1782 2046; x_wconf 88' lang='lat' dir='ltr'>editt.</span> <span class='ocrx_word' id='word_1_404' title='bbox 1792 2008 1983 2047; x_wconf 75' lang='lat' dir='ltr'>Mediolan:</span> 
     </span>
     <span class='ocr_line' id='line_1_35' title="bbox 329 2058 1979 2113; baseline 0.001 -15"><span class='ocrx_word' id='word_1_405' title='bbox 329 2062 451 2098; x_wconf 78' lang='lat' dir='ltr'>Aldina</span> <span class='ocrx_word' id='word_1_406' title='bbox 470 2063 506 2096; x_wconf 88' lang='lat'>11.</span> <span class='ocrx_word' id='word_1_407' title='bbox 523 2061 660 2110; x_wconf 78' lang='lat' dir='ltr'>aliisque</span> <span class='ocrx_word' id='word_1_408' title='bbox 675 2058 858 2097; x_wconf 78' lang='lat' dir='ltr'>inscribitur</span> <span class='ocrx_word' id='word_1_409' title='bbox 873 2058 1045 2112; x_wconf 71' lang='grc' dir='ltr'><em>Ἐυαγόρε</em></span> <span class='ocrx_word' id='word_1_410' title='bbox 1063 2060 1228 2112; x_wconf 64' lang='grc' dir='ltr'>ἐγκώμιον</span> <span class='ocrx_word' id='word_1_411' title='bbox 1240 2076 1247 2083; x_wconf 88' lang='grc'><em>·</em></span> <span class='ocrx_word' id='word_1_412' title='bbox 1275 2067 1307 2100; x_wconf 87' lang='lat' dir='ltr'>in</span> <span class='ocrx_word' id='word_1_413' title='bbox 1323 2062 1443 2100; x_wconf 79' lang='lat' dir='ltr'>Aldina</span> <span class='ocrx_word' id='word_1_414' title='bbox 1460 2065 1481 2098; x_wconf 82' lang='lat'>1.</span> <span class='ocrx_word' id='word_1_415' title='bbox 1499 2065 1634 2112; x_wconf 66' lang='lat' dir='ltr'>aliisque</span> <span class='ocrx_word' id='word_1_416' title='bbox 1648 2059 1758 2099; x_wconf 92' lang='lat' dir='ltr'>solum</span> <span class='ocrx_word' id='word_1_417' title='bbox 1774 2058 1979 2113; x_wconf 70' lang='grc' dir='ltr'><strong>Ἐυαγὸςας.</strong></span> 
     </span>
     <span class='ocr_line' id='line_1_36' title="bbox 330 2112 1980 2166; baseline 0.001 -17"><span class='ocrx_word' id='word_1_418' title='bbox 330 2113 393 2149; x_wconf 83' lang='lat' dir='ltr'>vid.</span> <span class='ocrx_word' id='word_1_419' title='bbox 413 2125 483 2151; x_wconf 85' lang='lat' dir='ltr'>not.</span> <span class='ocrx_word' id='word_1_420' title='bbox 498 2112 677 2150; x_wconf 77' lang='lat' dir='ltr'>Fiiideiscii.</span> <span class='ocrx_word' id='word_1_421' title='bbox 701 2128 733 2164; x_wconf 91' lang='lat' dir='ltr'>p.</span> <span class='ocrx_word' id='word_1_422' title='bbox 752 2114 791 2161; x_wconf 90' lang='grc'><strong>1.]</strong></span> <span class='ocrx_word' id='word_1_423' title='bbox 845 2115 954 2149; x_wconf 85' lang='lat' dir='ltr'>Huius</span> <span class='ocrx_word' id='word_1_424' title='bbox 975 2116 1171 2164; x_wconf 68' lang='lat' dir='ltr'>Euagorae,</span> <span class='ocrx_word' id='word_1_425' title='bbox 1197 2115 1252 2160; x_wconf 83' lang='lat' dir='ltr'>(dc</span> <span class='ocrx_word' id='word_1_426' title='bbox 1275 2130 1344 2166; x_wconf 90' lang='lat' dir='ltr'>quo</span> <span class='ocrx_word' id='word_1_427' title='bbox 1368 2113 1517 2152; x_wconf 81' lang='lat' dir='ltr'>consules</span> <span class='ocrx_word' id='word_1_428' title='bbox 1533 2116 1710 2165; x_wconf 65' lang='lat' dir='ltr'>Memfim»</span> <span class='ocrx_word' id='word_1_429' title='bbox 1731 2119 1764 2151; x_wconf 87' lang='lat' dir='ltr'>in</span> <span class='ocrx_word' id='word_1_430' title='bbox 1780 2118 1898 2166; x_wconf 83' lang='lat' dir='ltr'>Cypro</span> <span class='ocrx_word' id='word_1_431' title='bbox 1923 2115 1980 2152; x_wconf 89' lang='lat' dir='ltr'>lib.</span> 
     </span>
     <span class='ocr_line' id='line_1_37' title="bbox 331 2164 1981 2218; baseline 0.002 -18"><span class='ocrx_word' id='word_1_432' title='bbox 331 2167 371 2202; x_wconf 83' lang='lat'>11.</span> <span class='ocrx_word' id='word_1_433' title='bbox 390 2181 461 2216; x_wconf 85' lang='lat' dir='ltr'>cap.</span> <span class='ocrx_word' id='word_1_434' title='bbox 481 2168 541 2211; x_wconf 78' lang='lat' dir='ltr'>ia.)</span> <span class='ocrx_word' id='word_1_435' title='bbox 558 2167 644 2202; x_wconf 77' lang='lat' dir='ltr'>filius</span> <span class='ocrx_word' id='word_1_436' title='bbox 663 2164 724 2202; x_wconf 86' lang='lat' dir='ltr'>fuit</span> <span class='ocrx_word' id='word_1_437' title='bbox 742 2166 913 2208; x_wconf 79' lang='lat' dir='ltr'>Nicocles,</span> <span class='ocrx_word' id='word_1_438' title='bbox 938 2180 956 2202; x_wconf 86' lang='lat' dir='ltr'>a</span> <span class='ocrx_word' id='word_1_439' title='bbox 983 2181 1050 2218; x_wconf 88' lang='lat' dir='ltr'>quo</span> <span class='ocrx_word' id='word_1_440' title='bbox 1074 2183 1131 2218; x_wconf 75' lang='lat' dir='ltr'>pei·</span> <span class='ocrx_word' id='word_1_441' title='bbox 1157 2168 1283 2204; x_wconf 57' lang='lat' dir='ltr'>insidia&gt;</span> <span class='ocrx_word' id='word_1_442' title='bbox 1311 2167 1520 2204; x_wconf 59' lang='lat' dir='ltr'>interfectum</span> <span class='ocrx_word' id='word_1_443' title='bbox 1543 2171 1734 2216; x_wconf 73' lang='lat' dir='ltr'>Euagoram</span> <span class='ocrx_word' id='word_1_444' title='bbox 1760 2179 1888 2217; x_wconf 78' lang='lat' dir='ltr'>praeter</span> <span class='ocrx_word' id='word_1_445' title='bbox 1908 2181 1981 2204; x_wconf 86' lang='lat' dir='ltr'>rem</span> 
     </span>
     <span class='ocr_line' id='line_1_38' title="bbox 334 2218 1982 2269; baseline 0.003 -17"><span class='ocrx_word' id='word_1_446' title='bbox 334 2218 431 2253; x_wconf 81' lang='lat' dir='ltr'>tradit</span> <span class='ocrx_word' id='word_1_447' title='bbox 450 2219 619 2253; x_wconf 69' lang='lat' dir='ltr'>Diodorus</span> <span class='ocrx_word' id='word_1_448' title='bbox 635 2220 693 2253; x_wconf 74' lang='lat' dir='ltr'>Sic.</span> <span class='ocrx_word' id='word_1_449' title='bbox 710 2218 793 2254; x_wconf 72' lang='lat' dir='ltr'>libro</span> <span class='ocrx_word' id='word_1_450' title='bbox 811 2222 879 2256; x_wconf 76' lang='lat' dir='ltr'>XV.</span> <span class='ocrx_word' id='word_1_451' title='bbox 897 2233 928 2268; x_wconf 89' lang='lat' dir='ltr'>p.</span> <span class='ocrx_word' id='word_1_452' title='bbox 947 2223 1015 2264; x_wconf 86' lang='lat'>363.</span> <span class='ocrx_word' id='word_1_453' title='bbox 1070 2220 1154 2256; x_wconf 73' lang='lat' dir='ltr'>Vide</span> <span class='ocrx_word' id='word_1_454' title='bbox 1173 2221 1336 2269; x_wconf 61' lang='lat' dir='ltr'>lsffersnm</span> <span class='ocrx_word' id='word_1_455' title='bbox 1360 2220 1399 2256; x_wconf 88' lang='lat' dir='ltr'>ad</span> <span class='ocrx_word' id='word_1_456' title='bbox 1427 2235 1478 2256; x_wconf 86' lang='lat' dir='ltr'>an.</span> <span class='ocrx_word' id='word_1_457' title='bbox 1496 2220 1621 2256; x_wconf 79' lang='lat' dir='ltr'>Period.</span> <span class='ocrx_word' id='word_1_458' title='bbox 1640 2220 1700 2256; x_wconf 83' lang='lat' dir='ltr'>tul.</span> <span class='ocrx_word' id='word_1_459' title='bbox 1717 2232 1812 2264; x_wconf 70' lang='lat'>4340.</span> <span class='ocrx_word' id='word_1_460' title='bbox 1866 2222 1982 2257; x_wconf 84' lang='lat' dir='ltr'>Latine</span> 
     </span>
     <span class='ocr_line' id='line_1_39' title="bbox 339 2270 1981 2321; baseline 0.002 -16"><span class='ocrx_word' id='word_1_461' title='bbox 339 2273 435 2305; x_wconf 78' lang='lat' dir='ltr'>vertit</span> <span class='ocrx_word' id='word_1_462' title='bbox 453 2273 535 2306; x_wconf 83' lang='lat' dir='ltr'>hanc</span> <span class='ocrx_word' id='word_1_463' title='bbox 552 2282 633 2306; x_wconf 86' lang='lat' dir='ltr'>orat.</span> <span class='ocrx_word' id='word_1_464' title='bbox 652 2272 778 2306; x_wconf 56' lang='lat' dir='ltr'>Petrus</span> <span class='ocrx_word' id='word_1_465' title='bbox 795 2272 959 2318; x_wconf 68' lang='lat' dir='ltr'>sabinius,</span> <span class='ocrx_word' id='word_1_466' title='bbox 986 2270 1090 2309; x_wconf 54' lang='lat' dir='ltr'>Paris:</span> <span class='ocrx_word' id='word_1_467' title='bbox 1102 2287 1186 2318; x_wconf 67' lang='lat'>¹5⁴9-</span> <span class='ocrx_word' id='word_1_468' title='bbox 1205 2287 1235 2316; x_wconf 75' lang='lat'>4.</span> <span class='ocrx_word' id='word_1_469' title='bbox 1289 2273 1412 2309; x_wconf 80' lang='lat' dir='ltr'>Prodiit</span> <span class='ocrx_word' id='word_1_470' title='bbox 1432 2285 1463 2309; x_wconf 89' lang='lat' dir='ltr'>et</span> <span class='ocrx_word' id='word_1_471' title='bbox 1481 2271 1666 2309; x_wconf 82' lang='lat' dir='ltr'>Mediolani</span> <span class='ocrx_word' id='word_1_472' title='bbox 1691 2286 1808 2321; x_wconf 79' lang='lat' dir='ltr'>graece</span> <span class='ocrx_word' id='word_1_473' title='bbox 1821 2284 1853 2308; x_wconf 91' lang='lat' dir='ltr'>et</span> <span class='ocrx_word' id='word_1_474' title='bbox 1868 2272 1981 2318; x_wconf 84' lang='lat' dir='ltr'>latine,</span> 
     </span>
     <span class='ocr_line' id='line_1_40' title="bbox 338 2323 1982 2375; baseline 0.002 -19"><span class='ocrx_word' id='word_1_475' title='bbox 338 2324 416 2364; x_wconf 77' lang='lat'>1563</span> <span class='ocrx_word' id='word_1_476' title='bbox 445 2330 476 2362; x_wconf 86' lang='lat'>8.</span> <span class='ocrx_word' id='word_1_477' title='bbox 503 2342 551 2348; x_wconf 89' lang='lat'>—</span> <span class='ocrx_word' id='word_1_478' title='bbox 578 2335 608 2357; x_wconf 83' lang='lat' dir='ltr'>et</span> <span class='ocrx_word' id='word_1_479' title='bbox 623 2336 739 2370; x_wconf 76' lang='lat' dir='ltr'>graece</span> <span class='ocrx_word' id='word_1_480' title='bbox 756 2323 794 2358; x_wconf 81' lang='lat' dir='ltr'>ad</span> <span class='ocrx_word' id='word_1_481' title='bbox 813 2324 938 2360; x_wconf 81' lang='lat' dir='ltr'>calcem</span> <span class='ocrx_word' id='word_1_482' title='bbox 963 2328 1102 2361; x_wconf 82' lang='lat' dir='ltr'>vitarum</span> <span class='ocrx_word' id='word_1_483' title='bbox 1120 2325 1353 2375; x_wconf 78' lang='lat' dir='ltr'>parallelarum</span> <span class='ocrx_word' id='word_1_484' title='bbox 1372 2326 1546 2367; x_wconf 83' lang='lat' dir='ltr'>Plutarchi,</span> <span class='ocrx_word' id='word_1_485' title='bbox 1569 2337 1651 2371; x_wconf 85' lang='grc'><strong>1519.</strong></span> <span class='ocrx_word' id='word_1_486' title='bbox 1674 2324 1748 2361; x_wconf 82' lang='lat' dir='ltr'>edit.</span> <span class='ocrx_word' id='word_1_487' title='bbox 1768 2324 1914 2361; x_wconf 85' lang='lat' dir='ltr'>Aldinae.</span> <span class='ocrx_word' id='word_1_488' title='bbox 1931 2345 1982 2354; x_wconf 90' lang='lat'>—</span> 
     </span>
     <span class='ocr_line' id='line_1_41' title="bbox 337 2374 1982 2426; baseline 0.002 -17"><span class='ocrx_word' id='word_1_489' title='bbox 337 2374 446 2422; x_wconf 73' lang='lat' dir='ltr'>Atque</span> <span class='ocrx_word' id='word_1_490' title='bbox 466 2387 505 2408; x_wconf 86' lang='lat' dir='ltr'>ex</span> <span class='ocrx_word' id='word_1_491' title='bbox 527 2375 665 2409; x_wconf 64' lang='lat' dir='ltr'>Ginai-ini</span> <span class='ocrx_word' id='word_1_492' title='bbox 681 2376 874 2426; x_wconf 64' lang='lat' dir='ltr'>Vei-onerifis</span> <span class='ocrx_word' id='word_1_493' title='bbox 894 2378 1104 2414; x_wconf 85' lang='lat' dir='ltr'>translatione</span> <span class='ocrx_word' id='word_1_494' title='bbox 1126 2384 1245 2422; x_wconf 70' lang='lat' dir='ltr'>[aetate</span> <span class='ocrx_word' id='word_1_495' title='bbox 1267 2393 1385 2414; x_wconf 85' lang='lat' dir='ltr'>omnes</span> <span class='ocrx_word' id='word_1_496' title='bbox 1409 2379 1509 2413; x_wconf 85' lang='lat' dir='ltr'>libros</span> <span class='ocrx_word' id='word_1_497' title='bbox 1532 2380 1673 2413; x_wconf 83' lang='lat' dir='ltr'>oration.</span> <span class='ocrx_word' id='word_1_498' title='bbox 1697 2374 1795 2414; x_wconf 85' lang='lat' dir='ltr'>Isocr.</span> <span class='ocrx_word' id='word_1_499' title='bbox 1811 2378 1915 2414; x_wconf 76' lang='lat' dir='ltr'>editos</span> <span class='ocrx_word' id='word_1_500' title='bbox 1932 2374 1982 2414; x_wconf 86' lang='lat' dir='ltr'>su-</span> 
     </span>
    </p>
   </div>
   <div class='ocr_carea' id='block_1_12' title="bbox 340 2426 1983 2520">
    <p class='ocr_par' dir='ltr' id='par_1_12' title="bbox 340 2426 1983 2520">
     <span class='ocr_line' id='line_1_42' title="bbox 340 2426 1983 2482; baseline 0.003 -21"><span class='ocrx_word' id='word_1_501' title='bbox 340 2436 496 2476; x_wconf 82' lang='lat' dir='ltr'>perante,</span> <span class='ocrx_word' id='word_1_502' title='bbox 529 2426 670 2476; x_wconf 81' lang='lat' dir='ltr'>idcoque</span> <span class='ocrx_word' id='word_1_503' title='bbox 696 2430 888 2465; x_wconf 67' lang='lat' dir='ltr'>aut‘loritate</span> <span class='ocrx_word' id='word_1_504' title='bbox 913 2428 989 2468; x_wconf 84' lang='lat' dir='ltr'>cod.</span> <span class='ocrx_word' id='word_1_505' title='bbox 1012 2442 1086 2466; x_wconf 68' lang='lat' dir='ltr'>nist.</span> <span class='ocrx_word' id='word_1_506' title='bbox 1110 2431 1206 2481; x_wconf 44' lang='grc' dir='ltr'>μιῇ]</span> <span class='ocrx_word' id='word_1_507' title='bbox 1234 2451 1283 2459; x_wconf 90' lang='grc'>-</span> <span class='ocrx_word' id='word_1_508' title='bbox 1309 2434 1344 2468; x_wconf 82' lang='lat' dir='ltr'>in</span> <span class='ocrx_word' id='word_1_509' title='bbox 1369 2434 1508 2482; x_wconf 71' lang='lat' dir='ltr'>antiquie</span> <span class='ocrx_word' id='word_1_510' title='bbox 1530 2429 1638 2467; x_wconf 84' lang='lat' dir='ltr'>latinis</span> <span class='ocrx_word' id='word_1_511' title='bbox 1659 2433 1799 2466; x_wconf 88' lang='lat' dir='ltr'>vitarum</span> <span class='ocrx_word' id='word_1_512' title='bbox 1819 2431 1983 2466; x_wconf 83' lang='lat' dir='ltr'>Plutarchi</span> 
     </span>
     <span class='ocr_line' id='line_1_43' title="bbox 1771 2480 1978 2520; baseline 0.014 -3"><span class='ocrx_word' id='word_1_513' title='bbox 1771 2480 1978 2520; x_wconf 74' lang='lat' dir='ltr'>editionibus,</span> 
     </span>
    </p>
   </div>
  </div>
 </body>
</html>
