2183 2747
73 133 430 171 v91.1.p.⁴⁶⁶r467.4⁶s
716 132 928 180 TRIBVTA
971 131 1194 170 INVENTA.
1430 132 1503 168 Lib.
1522 133 1566 170 II.
1583 145 1606 167 c.
1626 145 1666 168 ιι.
1770 144 1829 180 79¹

72 232 151 267 viris
168 227 362 266 doc‘liffimis
372 230 456 265 mihi
476 225 702 278 persuaserim,
721 231 778 279 qui
794 243 834 265 ex
853 227 1022 265 additione
1041 232 1182 272 vinitatis,
1201 229 1329 275 binarii,
1347 233 1475 266 ternarii
1495 239 1526 265 et
1544 231 1739 276 quaternarii
1753 243 1826 264 coa-

71 281 175 320 lescit.
194 281 324 329 [vidad
342 283 371 330 §.
385 280 601 329 ll.circafiu.]
631 284 758 317 Notum
777 284 1119 332 &Pythagoricorum
1135 278 1341 331 Πειτοῖλφκ
1360 281 1426 318 siue
1438 280 1725 333 Πεντάγξαμμιν
1740 279 1828 327 syni-

71 337 190 373 bolum
211 331 343 382 ὑγείας,
371 348 440 383 quo
459 336 492 369 in
512 333 657 382 epiilolis
679 333 751 370 vsos
772 346 864 370 notat
888 346 1012 384 praeter
1027 335 1109 371 alios
1124 333 1313 370 scholiastes
1336 336 1471 370 Luciani
1491 337 1539 372 T.
1560 349 1590 384 p.
1609 341 1650 372 26
1669 334 1713 384 sq.
1744 333 1828 370 Vide

75 389 222 436 Voffium
240 390 293 424 IX.
313 390 363 431 36.
389 386 430 422 de
446 385 646 429 idololatria,
674 398 703 422 et
719 389 784 424 Iac.
808 388 948 423 Tollmm
970 401 1041 436 cap.
1060 400 1087 424 2.
1123 386 1354 430 fortuitorum,
1375 388 1432 436 [if]
1464 390 1509 435 [et
1528 387 1623 437 supra
1649 393 1682 434 §-
1698 391 1737 422 V.
1753 397 1825 423 not.

72 443 126 488 ll]
181 443 250 478 Nec
270 443 381 476 minus
398 441 470 474 trita
487 442 625 487 quinque
641 453 779 486 corpora
788 441 1018 488 pythagorica,
1047 439 1087 477 de
1106 440 1223 489 quibus
1239 442 1326 489 prius
1347 439 1470 489 scripsit
1487 443 1700 487 Theaetetus,
1725 438 1825 475 Suida

70 495 161 535 telle,
189 495 328 530 Socratis
343 489 533 540 discipulus:
563 493 728 540 equibus,
757 492 968 541 pyramidem
986 495 1065 543 igni,
1093 493 1212 529 cubum
1239 503 1354 536 terrae,
1386 496 1449 529 aeri
1480 492 1679 534 oclaedrom
1707 490 1826 528 icosae-

70 547 158 583 dron
175 559 290 596 aquae.
318 542 482 580 Vniuerso
494 540 718 596 ’δωδεκάεδρον
733 558 919 595 congruere
935 547 1164 595 opinabantur.
1191 544 1276 582 Vide
1290 546 1454 582 Platonem
1465 549 1496 582 in
1511 548 1673 588 Timam,
1702 559 1733 594 p.
1747 553 1823 589 487.

71 602 244 635 Laertium
263 599 319 634 111.
339 610 393 642 70.
414 598 632 632 Plutarchum
650 600 687 633 11.
705 601 737 634 6.
767 597 807 634 de
822 597 947 647 placitis
966 597 1088 635 Philos.
1105 610 1138 634 et
1156 598 1278 647 quac-st.
1297 600 1422 635 Platon.
1440 613 1468 647 p.
1487 603 1556 644 609
1575 597 1616 647 sq.
1637 610 1697 634 etc.
1733 612 1825 633 eum-

70 651 148 688 dem
168 651 337 687 Plutarch.
355 664 386 698 p.
406 662 473 693 ¹¹14
490 647 532 698 sq.
550 649 590 686 de
604 648 745 693 Musica,
773 663 842 686 non
862 649 962 693 sensu,
981 649 1034 687 sed
1051 650 1222 700 analogica
1238 654 1363 687 ratione
1381 651 1572 696 iudicanda,
1597 655 1674 686 item
1690 664 1721 699 p.
1743 663 1824 694 1147.

69 705 239 741 chlsdcm
255 705 309 739 lib.
327 704 413 737 xlv.
430 712 461 738 et
477 704 548 738 XV.
567 714 598 738 et
616 703 687 738 Iob.
705 704 875 749 Keplerum
900 705 1214 740 mathematicorum
1233 702 1307 739 suae
1324 707 1434 740 aetatis
1455 707 1638 753 principem
1668 707 1698 738 in
1723 715 1825 751 opere

71 761 196 794 eximio
215 756 255 792 de
274 755 396 790 Mundi
416 757 615 792 Harmonia.
669 757 841 791 Praetereo
858 756 1114 792 Monocltordum
1133 755 1199 792 siue
1213 753 1341 796 21.oevaoe
1357 760 1393 796 ἐκ
1408 759 1493 806 μιοῖς
1509 753 1635 808 χορδῆς
1651 760 1824 792 inuentum

71 824 89 846 a
105 812 306 858 Pythagora,
335 806 376 843 de
392 821 460 857 quo
477 809 634 843 Laertius
649 810 738 844 VIII.
756 821 800 844 12.
819 819 849 844 et
868 810 971 844 Hem:
991 811 1230 856 Lindrhrogius
1247 809 1285 844 ad
1302 808 1474 846 Censorin.
1491 825 1560 859 cap.
1581 812 1622 846 X.
1642 808 1826 859 Goffcndus

70 876 142 911 cap.
162 864 214 898 lll.
229 864 400 897 Theoi-iae
416 859 572 897 musicae.
633 862 728 896 Tum
745 862 857 897 nobile
877 864 1005 913 ἕυξημοι
1033 865 1276 911 geometricum
1297 860 1337 898 (le
1350 876 1422 898 area
1444 863 1638 910 parabolae,
1671 863 1722 896 vel
1747 861 1825 896 alte-

70 929 149 952 rum
165 913 205 950 de
222 913 380 964 potestate
397 911 661 962 Hypothenusae
685 916 717 949 in
741 914 868 963 angulo
896 917 1125 964 orthogonio,
1154 917 1362 963 Pythagorae
1386 914 1445 964 ipsi
1466 917 1661 951 hecatombe
1682 913 1826 963 dignum

71 966 195 1007 visum,
223 966 300 1002 tesle
325 967 529 1012 Apollodoro
552 965 635 1015 apud
655 967 827 1002 Plutarch.
853 980 883 1016 p.
907 980 1002 1013 ¹094·
1025 966 1066 1003 de
1088 965 1228 1003 suauiter
1250 967 1394 1004 viuendo
1419 965 1600 1004 secundum
1628 970 1825 1016 Epicurum,

71 1019 163 1072 quod
178 1032 306 1069 praeter
320 1020 487 1054 Laertium
506 1030 537 1054 et
554 1018 636 1055 alios
650 1019 792 1055 celebrat
809 1019 992 1055 Vitruuins
1010 1022 1066 1056 IX.
1085 1034 1113 1056 2.
1134 1031 1164 1055 et
1181 1019 1385 1056 demonstrat
1400 1022 1553 1056 Euclides
1569 1020 1624 1057 lib.
1642 1022 1666 1056 1.
1685 1016 1824 1069 propos.

69 1087 124 1120 47.
144 1085 176 1109 et
193 1073 246 1108 lib.
261 1074 318 1108 Vl.
338 1069 496 1120 proposit.
519 1085 573 1115 3¹·
629 1069 757 1108 Confer
777 1073 928 1108 proclum
944 1072 1000 1109 lib.
1019 1075 1073 1108 iv.
1088 1072 1126 1108 ad
1144 1075 1295 1122 primum
1314 1072 1460 1108 Euclidis
1484 1087 1518 1122 p.
1537 1086 1599 1110 110.
1618 1075 1670 1118 ἄν)
1730 1073 1826 1107 Haec

68 1125 268 1176 propositio,
293 1127 370 1173 quia
387 1127 418 1159 in
442 1123 618 1160 academiis
634 1123 833 1173 quibusdam
850 1123 1106 1161 demonstranda
1124 1129 1269 1175 proponi
1287 1124 1503 1162 consueuerat
1518 1125 1665 1162 creandis
1676 1122 1825 1174 philoso-

67 1182 165 1230 phiae
181 1177 360 1226 Magistris‚
389 1175 463 1212 ideo
478 1176 639 1227 appellata
653 1177 697 1213 esl
718 1177 939 1225 Magistralir.
994 1179 1149 1227 Denique
1168 1180 1350 1228 imaginem
1368 1179 1464 1215 Coeli
1485 1189 1515 1214 et
1539 1181 1687 1221 Terrae,
1721 1189 1824 1226 quarn

69 1247 108 1269 ex
126 1246 199 1268 aere
215 1229 338 1267 faciam
365 1231 504 1265 Tarenti
520 1245 537 1265 a
553 1231 754 1279 Pythagora,
783 1228 891 1266 scribit
905 1232 1011 1267 Varro
1027 1232 1084 1266 IV.
1101 1230 1142 1267 de
1156 1231 1286 1281 Lingua
1302 1232 1411 1268 latina.
1466 1233 1517 1267 Ex
1534 1234 1678 1268 numeris
1697 1229 1824 1266 consta-

67 1299 104 1323 re
118 1287 245 1330 omnia,
272 1282 364 1319 dixit.
378 1280 446 1319 vid.
461 1283 642 1331 Abulphar.
658 1296 732 1333 pag.
749 1294 792 1329 55.

171 1365 224 1400 De
240 1375 268 1399 2.
291 1361 431 1408 epistolis
452 1359 510 1397 sub
527 1363 738 1412 Pythagorae
753 1363 894 1398 nomine
911 1360 1109 1398 exstantibus
1129 1364 1180 1412 egi
1198 1360 1291 1413 supra
1306 1376 1376 1412 cap.
1393 1364 1433 1398 X.
1451 1366 1481 1405 ς.
1498 1351 1534 1408 9.
1557 1375 1588 1411 p.
1605 1373 1669 1405 4¹3-
1730 1361 1823 1409 [Epi-

68 1415 188 1453 stolam
205 1417 305 1460 Pyth.
320 1413 359 1450 ad
377 1415 566 1451 Hieronem
581 1428 682 1451 manu
699 1424 862 1451 exaratam
879 1425 912 1451 et
927 1416 965 1451 ab
981 1417 1137 1452 Curterio
1155 1414 1296 1458 editam,
1330 1416 1427 1452 habet
1450 1415 1529 1451 bibl.
1549 1417 1647 1450 Paris.
1681 1413 1824 1461 catalog.

65 1470 170 1506 MSS.
185 1467 381 1518 reg.vol.ll.
397 1480 448 1503 nr.
464 1469 631 1511 MMML,
658 1469 727 1514 (vbi
744 1480 878 1517 quoque
890 1481 940 1505 nr.
957 1469 1100 1504 MMIX.
1117 1479 1326 1505 memoratur
1337 1470 1434 1515 Pyth.
1453 1467 1589 1518 epistola
1608 1466 1647 1503 ad
1656 1464 1823 1511 Laidem.)

68 1525 148 1559 item
163 1521 366 1558 Bibliotheca
384 1523 536 1557 Laurent.
564 1520 642 1556 telle
655 1520 822 1558 Bandinio
838 1523 872 1556 in
888 1521 1054 1571 Catalogo
1071 1524 1167 1560 MSS.
1181 1536 1232 1571 gr.
1252 1525 1285 1557 in
1304 1521 1360 1557 illa
1379 1520 1597 1567 bibliotheca,
1629 1519 1696 1555 vol.
1719 1519 1763 1555 ΙΙ,
1786 1530 1820 1567 p.

67 1587 137 1620 334.
153 1587 202 1610 nr.
220 1575 289 1610 LX.
307 1576 386 1609 item
405 1575 438 1608 in
453 1572 522 1609 aliis
538 1572 707 1609 codicibus
726 1572 848 1609 ibidem
863 1587 895 1623 p.
910 1586 979 1619 350.
997 1588 1044 1610 nr.
1062 1576 1102 1610 ΙΙ.
1120 1588 1153 1625 p.
1174 1587 1248 1620 434.
1265 1588 1314 1610 nr.
1330 1575 1417 1610 XIX.
1436 1587 1513 1611 cum
1526 1573 1603 1609 ficia
1619 1571 1765 1608 Abaridis
1780 1568 1821 1606 ad

67 1629 294 1677 Pythagoram
310 1625 461 1676 epistola,
487 1624 631 1677 denique
645 1640 718 1677 pag.
737 1639 807 1672 491.
822 1640 873 1663 nr.
889 1628 996 1674 Xtv.]

356 1706 427 1740 Iam
444 1703 623 1740 dicendum
641 1717 712 1741 non
727 1703 813 1740 nihil
831 1704 875 1741 est
891 1703 932 1740 de
949 1704 1126 1746 versiculis,
1149 1714 1320 1755 praecepta
1335 1703 1476 1741 moralia
1491 1702 1744 1745 continentibus,
1761 1703 1820 1751 qui

304 1768 440 1817 propter
456 1754 550 1793 vsum
565 1767 596 1793 et
612 1757 809 1808 elegantiam
826 1760 951 1810 χρυσᾶ
964 1762 1034 1804 ἔπη
1049 1757 1117 1794 fiue
1132 1771 1228 1794 aureo
1242 1760 1384 1793 carmina
1398 1756 1553 1806 adpellari
1565 1753 1821 1802 consueuerunt,

69 1808 161 1854 (licet
173 1807 315 1858 μολιβοι
327 1811 478 1855 plumbea
493 1820 655 1846 vocentur
668 1825 687 1845 a
703 1811 918 1848 Nazianzeno
941 1823 1056 1848 contra
1074 1812 1238 1847 Iulianum
1261 1824 1294 1860 p.
1310 1823 1381 1857 ¹97·
1412 1808 1504 1859 quod
1531 1810 1560 1844 ei
1585 1805 1737 1844 excidisse
1759 1819 1821 1844 no·

69 1862 158 1906 lim‚)
185 1870 217 1896 et
230 1860 269 1896 ad
286 1861 432 1897 nostram
447 1872 585 1898 aetatem
604 1876 786 1911 peruenere
799 1877 877 1900 cum
892 1867 1143 1901 commentario
1159 1865 1296 1900 aureolo
1313 1874 1344 1898 et
1360 1861 1430 1911 ipso
1449 1862 1602 1910 lecffuqne
1627 1859 1820 1911 dignissimo
1835 1906 1838 1909 Δ

68 1915 233 1951 Hieroclis
252 1920 307 1957 ³2)
329 1911 536 1964 philosophi,
561 1927 634 1953 non
651 1915 739 1952 illius
755 1916 1032 1962 Nicomedienfis,
1054 1917 1110 1966 [ff]
1139 1919 1195 1967 qui
1209 1914 1356 1954 aduersus
1373 1917 1436 1962 Μ’)
1465 1913 1666 1951 Christianos
1682 1911 1821 2002 scrippti

1777 1979 1794 2002 e

104 1715 200 1740 Aurea
221 1720 283 1739 cnr-

66 1762 94 1779 fl
97 1760 151 1779 lna.

970 2092 1106 2122 meminit
1126 2092 1156 2122 in
1183 2090 1275 2121 Bruto
1301 2096 1329 2120 et
1351 2098 1377 2119 2.
1400 2087 1436 2120 cle
1460 2090 1606 2126 Oratore,
1637 2086 1741 2118 Strabo
1765 2085 1821 2116 lib.

970 2138 1049 2166 XIV.
1097 2136 1131 2172 2)
1155 2135 1324 2169 Hirrocles,
1348 2134 1490 2164 Strabone
1504 2136 1616 2170 iunior,
1639 2134 1721 2162 cuius
1740 2132 1822 2168 φιλί-

971 2191 1050 2219 ςορας
1066 2177 1153 2214 myas
1171 2178 1286 2216 adlegat
1302 2179 1463 2218 Stephanus
1475 2180 1544 2212 Byz.
1561 2179 1591 2208 in
1607 2177 1774 2218 Βραχμᾶνες
1789 2181 1820 2204 εί

971 2224 1118 2262 Ταρκυνία.
1164 2224 1270 2252 Tzcrz.
1288 2221 1364 2251 Chil.
1381 2224 1446 2252 VH.
1465 2222 1528 2252 hist.
1546 2232 1611 2258 144.
1627 2229 1654 2250 et
1670 2220 1747 2250 forte
1772 2229 1819 2249 τε*

109 2091 165 2131 yy)
188 2086 287 2119 Alium
305 2085 446 2125 inlignem
468 2084 576 2118 Procli
598 2085 698 2118 locum
720 2099 755 2121 ex
778 2088 857 2121 libro
877 2091 915 2122 11.

67 2132 106 2164 ad
130 2131 282 2164 Euclidem
307 2142 372 2173 pag.
398 2141 438 2167 ¹9·
461 2130 497 2160 de
520 2132 703 2171 Pythagorae
725 2134 915 2177 aliorumque

68 2176 187 2208 scientia
210 2177 418 2206 mathematica
445 2175 627 2205 emendatius
649 2176 796 2219 descripiit
815 2180 915 2209 Fabri-

67 2223 130 2252 eius
147 2219 225 2250 infra
240 2219 292 2250 lib.
309 2222 359 2250 111.
376 2229 439 2260 cap.
458 2228 501 2254 14.
518 2217 598 2259 §.18.
616 2219 677 2250 vol.
695 2223 732 2251 11.
753 2233 781 2263 p.
798 2229 853 2258 384
874 2222 914 2264 sq.

66 2263 153 2301 adde,
176 2275 251 2306 quae
273 2274 308 2294 ex
336 2262 499 2294 Iamblicho
523 2262 686 2304 publicauit
707 2265 863 2307 Villoisim.
884 2269 915 2295 in

62 2308 174 2344 Aneed.
189 2310 300 2347 graecis
314 2309 350 2338 11.
368 2319 396 2348 p.
416 2310 478 2336 216.
499 2315 527 2335 et
545 2317 602 2336 220
618 2325 659 2329 -
677 2317 741 2343 225.
765 2309 860 2340 Harl.

63 2375 67 2379 -
115 2354 176 2392 τε)
195 2354 287 2382 Fuere
307 2360 336 2382 et
350 2349 566 2381 aliiHierocles
595 2352 646 2391 qni
670 2362 685 2380 a
709 2352 773 2382 Ioh.
797 2352 914 2383 Pearso-

67 2397 120 2431 nio
135 2395 300 2438 prolegom.
323 2395 360 2425 ad
375 2393 523 2425 Hieroclis
533 2398 778 2425 commentarium
794 2407 913 2426 enume-

39 2463 44 2467 .
68 2445 183 2471 rantur:
208 2445 231 2475 i)
247 2430 405 2471 Hierocles
415 2438 608 2474 Alabandeus,
625 2439 816 2469 Asiaticorum
832 2443 912 2482 prin-

66 2483 324 2528 ‘ceper-hetorum,
362 2485 504 2514 Cicerone
525 2492 620 2526 puero
644 2482 750 2521 clarus,
774 2487 826 2527 qui
850 2487 912 2515 eius

970 2266 1053 2307 spicit
1076 2265 1164 2295 schol.
1182 2265 1299 2295 Pindari
1318 2266 1400 2299 Pyth.
1418 2265 1475 2295 Od.
1490 2268 1541 2296 lv.
1558 2265 1659 2296 suidas
1683 2266 1712 2294 in
1732 2265 1820 2299 ἔμπα·

969 2304 1016 2337 ‹lui-1
1033 2318 1060 2339 et
1078 2309 1244 2349 Apostolius
1261 2311 1339 2338 vul.
1358 2319 1406 2338 20.
1432 2320 1519 2351 prou.
1543 2308 1693 2339 laudantes
1709 2310 1817 2337 Hiero-

970 2351 1042 2382 clem
1058 2355 1083 2381 ἓν
1097 2351 1209 2393 δευτέρῃ
1225 2356 1454 2389 &lanceatum
1476 2351 1552 2394 παραὶ
1577 2355 1626 2381 ταῖν
1647 2350 1818 2389 &aloa-{tlon

970 2395 1070 2434 [Plura
1086 2396 1149 2426 loca
1166 2407 1201 2426 ex
1219 2396 1367 2426 Hieroclis
1383 2399 1498 2438 Opere,
1524 2395 1756 2434 φιλοσοῷέμωι,
1788 2404 1818 2427 et

967 2451 1058 2469 vnum
1076 2451 1091 2470 e
1107 2440 1185 2470 libro
1201 2441 1236 2470 de
1252 2443 1443 2471 matrimonio
1460 2442 1600 2482 excerpsit
1615 2441 1769 2472 Stobacus
1785 2443 1816 2469 in

967 2483 1081 2524 ΕΕῙΟΕῙΞ
1097 2485 1248 2527 Phystcss]
1293 2485 1499 2526 3)‚Hierocles
1511 2484 1733 2519 Hyllarnncnfis
1751 2485 1816 2525 phi-

1675 2527 1817 2570 losophus
