2183 2747
98 156 371 193 vot-ramira:
686 158 856 194 ALDINA
890 159 956 195 ET
990 161 1253 197 CVIACIANA.
1442 161 1578 197 [ΔΑΗ.
1595 173 1620 197 e.
1634 173 1675 198 10.
1782 162 1846 205 ⁶77

197 259 254 293 lv.
287 255 478 291 BASILH
509 253 666 303 epistolae
690 267 768 290 cum
793 253 990 304 quibusdam
1014 256 1214 292 Nazianzeni
1237 271 1376 306 graece,
1402 257 1547 307 praefixa
1568 256 1665 293 Vim.
1685 255 1847 304 Opsopaei

174 307 300 346 satione
317 306 511 358 prodierunt
525 308 711 356 Haganoae
727 321 780 343 an.
800 315 886 353 1528.
904 315 934 351 8.
952 319 983 344 et
1002 311 1034 344 in
1051 310 1213 359 prioribus
1229 309 1337 345 Basilii»
1350 324 1491 359 operum
1511 309 1706 346 editionibus
1720 309 1846 345 exstant

93 364 253 402 CLXXX.
281 374 422 411 quarum
442 360 612 410 plerasque
628 370 793 396 verterunt
811 361 904 397 Guil.
920 362 1072 397 Budaeus
1091 373 1122 398 et
1138 363 1204 398 lac.
1221 364 1401 399 Min-aeus.
1428 363 1485 411 [If]
1541 362 1653 410 [Plura
1677 360 1764 398 infra
1788 359 1843 397 da-

92 419 201 455 bimus
219 414 259 450 ad
278 414 400 450 librum
416 415 456 449 V.
483 425 555 463 cap.
571 413 634 459 ¹9·]

133 494 236 522 aionis
259 492 331 526 EFF·
383 492 425 525 V.
465 493 500 537 2)
528 492 754 526 CHIONIS
778 491 1023 533 Heracleensis,
1056 491 1207 529 Matridis
1224 495 1258 528 F.
1284 495 1340 543 qui
1368 506 1446 528 cum
1480 492 1644 536 Leonida,
1682 492 1767 529 fiue.
1809 502 1843 528 vt

92 546 276 582 Memnoni
291 553 427 579 vocatur
441 542 529 593 apud
546 545 701 580 Photiuin
720 542 795 580 cod.
816 557 889 588 244.
914 547 1024 581 Leone
1047 544 1191 581 Platonis
1216 543 1393 595 discipulus
1411 544 1440 578 ο)
1462 544 1543 588 fuir,
1566 549 1606 590 {et
1626 545 1842 587 elenchum,

92 597 275 634 Heracleae
299 607 479 642 tyrannum
503 594 683 637 interfecit,
711 595 791 643 [vid.
810 597 980 646 epistolam
1001 599 1102 636 XVII,
1123 599 1230 648 ibique
1247 599 1445 646 Coberum,]
1473 599 1628 649 epistolae
1646 601 1747 635 xvii.
1785 600 1844 634 La-

92 653 159 686 tina
183 647 288 686 versio
313 652 444 698 incipit:
470 649 624 684 Reddidit
647 650 723 684 mihi
745 649 905 698 epistolam
927 651 1018 700 Lysss
1038 652 1099 686 iam
1121 654 1253 687 tertiam
1274 652 1365 688 diem.
1418 652 1584 701 Epistolae
1601 653 1674 687 VII.
1693 663 1766 701 pag.
1785 658 1838 691 28-

91 703 205 739 verba:
228 698 321 742 ἕτως
337 698 532 751 α’μεῖβετα]
546 703 632 739 Χίων
650 698 714 741 τὲς
727 699 1079 752 βλασφημῶσιν-τας
1095 702 1262 739 reddenda
1279 700 1369 740 sunt:
1396 705 1444 739 ita
1463 705 1567 741 Chion
1571 705 1660 753 solet
1677 698 1842 740 maleel-‘Ha

90 755 290 800 (beneflciis)
305 756 493 800 rependere,
520 767 589 790 non
613 765 647 791 vt
669 757 827 804 interpres
851 755 986 802 insulam
1004 755 1084 792 Cln'o
1107 758 1247 803 excipere
1272 757 1449 792 vnaledicos.
1505 759 1574 793 Has
1597 756 1770 807 epistolas,
1795 758 1840 791 vti

91 805 260 844 Aeschinis
275 820 427 856 quoque,
452 805 509 852 (de
530 807 646 856 quibus
670 809 780 852 mox,)
802 821 842 843 ex
861 807 1041 844 collatione
1063 809 1176 844 vetusti
1195 808 1334 851 codicis,
1359 809 1441 845 locis
1465 809 1661 859 quibusdam
1683 810 1839 845 meliores

90 859 225 896 reddere
247 857 393 909 potsum.
449 860 631 909 Separatim
658 872 792 909 quoque
814 859 914 896 edidit
936 860 1086 910 epistolas
1105 864 1242 897 Chionis
1266 863 1426 898 lohannes
1443 863 1586 911 Caselius
1609 876 1745 912 graece,
1771 863 1843 897 Ro·

87 913 191 949 noch.
211 922 293 959 1583.
317 924 347 955 4.
405 910 513 958 [Idem
539 909 683 947 Caselius
707 911 876 961 eleganter
898 917 993 949 vertit
1015 913 1084 948 illas
1108 912 1281 964 epistolas,
1309 912 1468 964 suamque
1491 915 1677 951 versionem
1703 913 1840 951 seorsim

88 963 219 1010 emilie]
273 965 396 1000 Crebra
414 967 446 999 in
463 964 526 999 illis
542 964 614 1000 laus
637 965 798 1009 Socratis,
822 966 1056 1014 Xenophontis
1072 979 1108 1001 ac
1127 967 1282 1003 Platonis.
1336 969 1488 1017 Inprimis
1502 982 1599 1011 vero,
1627 970 1681 1018 qui
1698 981 1750 1004 eas
1766 965 1841 1003 scri-

85 1017 166 1070 psit.
189 1026 326 1052 conatus
343 1015 386 1052 est
404 1015 650 1059 demonstrare,
680 1015 771 1066 quod
791 1015 1004 1068 Philosophia
1021 1032 1091 1053 non
1107 1018 1220 1055 reddat
1244 1022 1398 1055 homines
1417 1022 1554 1064 inertes;
1580 1034 1696 1056 verum
1719 1018 1759 1055 ad
1782 1033 1838 1056 ne-

86 1073 179 1122 gotia
195 1068 326 1118 publica
342 1082 411 1105 non
430 1072 541 1104 minus
555 1082 656 1119 quam
674 1072 802 1119 priuata
821 1069 970 1106 idoneos.
1023 1071 1206 1121 Epistol-‘im
1225 1075 1352 1108 tertiam
1369 1071 1468 1108 latine
1490 1087 1510 1107 a
1532 1070 1562 1107 se
1583 1070 1710 1109 versam
1726 1073 1839 1108 Xeno.

84 1125 205 1174 phonti
219 1120 387 1172 praemisit
401 1123 448 1157 H.
465 1123 649 1171 Stephanus
665 1135 717 1157 an.
736 1130 815 1167 ¹58¹-
834 1120 896 1158 fol.
922 1124 1051 1160 Fabri-c.
1106 1126 1284 1160 Cuiaciana
1299 1138 1402 1174 aeque
1425 1139 1461 1160 ac
1477 1122 1594 1161 Caselii
1619 1124 1695 1161 edit.
1719 1126 1837 1174 repeti-

84 1186 117 1212 ta
139 1175 184 1212 est
207 1189 246 1210 ex
268 1173 409 1219 Aldina3
435 1187 453 1210 e
477 1188 538 1224 qua
560 1178 660 1210 etiam
683 1173 850 1210 fluxerunt
872 1175 1035 1225 quaedam
1065 1176 1236 1226 epistolae⁷
1277 1178 1316 1213 ab
1338 1179 1444 1213 Henr.
1462 1178 1632 1227 Stephano
1655 1176 1780 1213 etesiae
1804 1185 1837 1213 et

82 1230 278 1266 Memnonis
295 1225 491 1276 fragmentis
508 1225 690 1275 subiectae,
720 1237 752 1263 et
769 1231 861 1263 tertia
877 1242 895 1263 a
913 1229 1120 1265 Leunclauio
1141 1230 1185 1265 ess
1201 1231 1417 1279 Xenophonti
1446 1230 1610 1279 praefixa:
1636 1232 1668 1265 in
1691 1229 1836 1266 editione

82 1283 238 1331 Xenoph.
255 1279 472 1316 VVecheliana
488 1279 613 1329 prostat
626 1295 657 1330 p.
675 1293 770 1327 1009.
797 1301 850 1307 —
876 1281 1060 1330 Epistulam
1085 1281 1251 1318 decimam
1270 1280 1392 1317 sextam
1409 1298 1425 1317 a
1442 1284 1536 1317 Fria'.
1557 1282 1694 1318 Illorello
1710 1280 1836 1331 separa.

83 1337 145 1370 tim
165 1333 287 1370 editam
306 1330 386 1375 effe,
409 1330 511 1368 refert
526 1332 566 1371 cl.
581 1334 730 1369 Coberus
747 1335 781 1368 in
799 1331 1005 1383 praefatione
1020 1334 1061 1371 ad
1077 1333 1170 1371 suam
1187 1334 1368 1371 editionem
1382 1348 1459 1386 pag.
1476 1337 1565 1370 Xffl.
1596 1354 1649 1361 --
1682 1337 1710 1370 A
1734 1335 1836 1370 Maie-

80 1389 178 1423 tairio
194 1389 282 1422 Ann.
295 1387 392 1435 Typ.
418 1399 450 1435 p.
467 1388 540 1429 836.
566 1386 634 1422 vol.
652 1386 707 1421 111.
729 1398 957 1422 memoratur:

184 1455 340 1494 clitonis,
367 1454 534 1490 Matridis
553 1454 592 1488 F.
617 1453 767 1501 Epistola
784 1455 1001 1505 Apologetica
1021 1455 1066 1490 ad
1081 1456 1282 1499 clearchum,
1303 1456 1410 1491 Ponti
1425 1454 1623 1503 principem,
1648 1455 1765 1498 satine,
1789 1456 1837 1490 in·

79 1514 221 1554 tei-prete
236 1507 318 1543 Fed.
336 1507 496 1549 morello,
522 1505 610 1557 apud
626 1506 702 1543 Fed.
717 1507 860 1545 Motell.
888 1506 984 1545 Paris.
1012 1511 1108 1546 1600.
1136 1521 1168 1551 4.

180 1575 364 1611 Meliorem
384 1586 415 1611 et
430 1572 604 1626 frugaliter
621 1576 813 1613 inssrudlam
830 1575 1033 1620 editionem,
1057 1590 1097 1612 ex
1124 1575 1225 1613 codd.
1238 1575 1397 1614 Mediceis
1421 1589 1679 1626 nonnumquam
1702 1573 1833 1626 supple·

79 1637 164 1672 enm,
187 1625 282 1678 saepe
297 1628 500 1678 castigatam,
526 1628 694 1664 interdum
710 1629 750 1665 de
766 1631 955 1665 coniectura
974 1628 1199 1677 emendatam,
1219 1632 1405 1679 accepimus
1424 1642 1441 1664 a
1460 1629 1499 1664 cl.
1519 1628 1662 1664 Coeo-o.-

184 1697 317 1733 Clzionis
333 1697 506 1744 Epistulae.
533 1710 665 1743 graece,
692 1699 737 1732 ad
750 1699 838 1732 codd.
857 1698 1020 1735 Medieeos
1035 1699 1211 1746 retensm't,
1238 1698 1420 1745 castigauit‚
1439 1705 1535 1732 notas
1552 1705 1581 1732 et
1598 1699 1729 1732 indicem
1746 1697 1831 1733 tidie-

76 1750 118 1784 ὀὶ
132 1750 184 1785 Io.
209 1749 404 1796 Theophilus
420 1751 580 1792 Comus,
606 1751 653 1786 A.
667 1751 718 1786 M.
735 1751 902 1800 Gymnaſsi
922 1751 1113 1801 Budf'ffi‘nsts
1126 1751 1318 1788 ConreHor,
1343 1749 1488 1786 Dresdae
1502 1761 1532 1785 et
1546 1748 1682 1800 Lipsiae,
1698 1752 1786 1794 1765.
1796 1756 1829 1791 8.

179 1818 209 1851 Is
235 1818 268 1850 in
292 1814 496 1865 praefatione
517 1833 587 1855 non
608 1823 733 1863 minus,
759 1833 860 1869 quam
877 1819 916 1856 ad
936 1819 1089 1870 epistolas
1106 1821 1163 1856 111.
1180 1821 1273 1855 xm.
1290 1829 1321 1854 ct
1338 1819 1411 1854 alibi
1427 1819 1500 1868 post
1513 1818 1595 1854 alios
1616 1828 1686 1853 tum
1703 1831 1741 1853 ex
1758 1814 1828 1853 for-

76 1868 178 1905 mulis
201 1867 396 1918 quibusdam
420 1869 599 1918 loquendi,
626 1882 698 1908 tum
720 1886 759 1908 ex
783 1876 987 1921 argumentis
1010 1872 1157 1923 plurium
1174 1872 1409 1921 epistolarum,
1435 1885 1518 1920 quae
1533 1870 1643 1906 ordini
1664 1873 1828 1919 temporis

75 1932 285 1972 repugnant,
306 1923 604 1966 commonllrauit,
632 1925 702 1960 illas
717 1924 869 1973 epistolas
885 1926 924 1960 ab
941 1928 1076 1962 auetore
1089 1925 1193 1974 longe
1207 1924 1293 1966 alio,
1321 1937 1357 1958 ac
1373 1925 1520 1959 Chione.
1550 1937 1566 1958 a
1584 1921 1726 1973 sophista
1743 1936 1827 1972 quo-

75 1974 154 2012 dam
171 1986 201 2010 et
217 1971 374 2023 scriptore
390 1971 553 2011 inferioris
568 1979 678 2012 aetatis
695 1975 758 2012 effe
777 1974 985 2028 conscriptas.
1039 1979 1130 2013 Hinc
1147 1981 1181 2013 in
1195 1975 1560 2018 animaduersionsbus,¹
1579 1989 1662 2025 quae
1679 1987 1746 2011 tam
1765 1978 1825 2010 cri-

75 2031 156 2064 ticae
173 2025 267 2069 sunt,
294 2041 393 2076 quani
409 2031 646 2075 grammaticae
661 2039 693 2065 et
709 2029 900 2073 historicae,
926 2032 1068 2068 auc‘toris
1086 2044 1211 2066 errores
1234 2040 1266 2065 et
1280 2028 1369 2065 dubii
1394 2025 1588 2079 obscurique
1610 2028 1677 2064 loci
1701 2028 1754 2065 vel.
1776 2030 1826 2064 in·

73 2080 225 2137 dicantur
240 2080 294 2115 vel
309 2077 514 2117 refelluntur.
542 2082 647 2117 Harl.
735 2089 738 2092 '

94 2174 228 2208 Aeschinis
240 2173 313 2208 Epp.
365 2169 422 2202 Vl.
456 2169 487 2212 3)
517 2169 808 2206 AESCHINIS
837 2172 978 2206 oratoris
1003 2169 1159 2219 epistolae
1174 2170 1246 2205 xri.
1266 2165 1469 2218 conscriptae
1489 2166 1532 2203 ad
1554 2166 1765 2205 Athenienses
1786 2171 1821 2205 in

73 2222 193 2268 exilio,
227 2234 304 2256 cum
329 2217 479 2256 accusato
503 2218 620 2257 frustra
643 2221 879 2271 Ctesiphonte,
923 2221 1055 2258 cessisset
1078 2224 1231 2264 Athenis,
1263 2231 1360 2270 atque
1385 2219 1544 2257 Rhodum
1571 2218 1602 2257 se
1624 2219 1820 2258 contuliss'et.
1883 2240 1886 2241 ⁷

72 2277 186 2311 Latina
203 2272 309 2309 versio
332 2276 465 2323 incipit:
487 2274 569 2309 Cum
583 2275 921 2323 veſjieresolmffenius
935 2275 1136 2310 eMunicliia.
1151 2274 1208 2321 [If]
1239 2275 1305 2320 [De
1322 2273 1440 2326 νοθείᾳ
1454 2275 1573 2309 harum
1591 2274 1819 2324 epistolarum,

72 2325 171 2363 codd.
187 2337 220 2362 et
231 2324 306 2362 edd.
324 2325 420 2376 plura
437 2325 560 2362 dabunt
575 2327 712 2372 Taylor
725 2338 756 2363 et
773 2329 923 2363 Sammet
945 2329 979 2362 in
1005 2324 1263 2376 praefationibus
1286 2325 1327 2361 ad
1351 2323 1421 2362 suas
1446 2327 1578 2362 illarum
1601 2327 1816 2377 epistolarum

72 2379 247 2416 editiones:
277 2388 374 2428 atque
391 2392 452 2414 iios
468 2376 552 2414 infra
565 2380 637 2416 libr.
655 2380 692 2416 11.
719 2393 788 2431 cap.
806 2383 860 2417 26.
886 2381 915 2429 §.
932 2392 979 2424 ¹9-
1007 2378 1105 2429 plura
1118 2378 1159 2414 de
1179 2378 1241 2414 illis
1256 2376 1456 2415 disseremus.
1483 2379 1603 2425 HarL]

916 2433 994 2481 Qq
1023 2445 1079 2480 qq
1107 2443 1124 2475 3
1549 2433 1625 2468 VII.
1653 2432 1690 2477 4)
1714 2431 1816 2468 Iso-

113 2500 142 2531 ο)
165 2496 242 2528 Vide
262 2496 404 2527 lustinum
426 2494 480 2527 lib.
494 2497 572 2529 XVI.
598 2506 659 2539 cap.
675 2503 701 2533 ς,
722 2493 848 2527 Fabric.
885 2502 913 2526 et
927 2494 1077 2525 Coberum
1091 2494 1129 2524 ad
1142 2492 1292 2536 epistolam
1309 2496 1359 2526 111.
1382 2505 1448 2536 pag.
1465 2503 1478 2530 ς
1494 2493 1535 2536 sq.
1564 2494 1663 2527 Harl.
