2183 2747
629 146 817 183 HEsiom
851 145 1006 187 ἈΣΠΓΣ
1039 146 1339 189 ‘HR-umr'o‘rz.
1487 154 1696 194 Idalias.
1803 164 1862 201 531

110 244 239 288 νονῖαι.)
255 242 364 294 χωρὶς
381 237 414 282 δ’
430 238 477 281 αὖ
489 239 621 291 ὠφελεῖ
636 238 688 281 wi
704 241 750 282 eis
764 242 821 282 τὶν
837 242 932 288 βίον,
959 247 1051 296 ἔργα
1070 260 1112 283 τε
1125 240 1151 283 οἳ
1166 241 1305 296 ὃςαςέον
1316 275 1326 289 ,
1351 243 1410 295 ηαξ
1424 246 1559 299 ἡμέραι,
1583 251 1614 286 ἐν
1629 243 1682 287 αἷς
1705 245 1855 299 ἕρκη-ἕω.

110 295 228 346 Neque
243 307 353 332 tamen
377 308 416 331 ex
438 297 504 331 hoc
518 297 660 330 Maximi
678 297 779 341 Tyrii
800 297 880 333 loco
905 310 982 333 cum
1003 298 1214 347 Langbaenio
1238 298 1278 334 ad
1301 302 1444 349 Longini
1468 303 1584 337 locum
1606 301 1856 343 concluderem,

111 349 316 397 Catalogum
331 348 495 394 γυναικῶν
509 346 627 383 ordine
646 351 793 397 primum
810 347 922 385 suiss'e:
946 348 997 392 id,
1021 348 1045 385 fi
1068 349 1144 398 quid
1165 365 1204 386 ex
1231 365 1271 387 eo
1293 353 1406 401 colligi
1430 351 1552 403 polset,
1587 364 1714 389 tantum
1745 351 1856 389 forsan

109 399 317 451 sequeretur,
343 403 376 436 in
399 399 575 450 exemplo,
603 399 694 449 quod
717 403 750 436 in
773 403 923 437 manibus
944 402 1056 437 habuit
1081 404 1270 447 Maximus,
1299 404 1395 440 illum
1419 406 1609 454 catalogum
1633 405 1747 442 locum
1773 406 1854 440 obti-

109 451 214 489 nuiffe
238 457 408 504 primum,
433 464 488 489 aut
508 466 547 488 ex
569 455 754 502 antiquiore
778 451 953 503 scriptore,
987 454 1150 490 eiusmodi
1175 457 1368 506 exemplum
1391 455 1535 493 versante
1560 459 1728 500 manibus,
1756 458 1855 493 illum

110 505 264 542 ordinem
285 503 349 542 effe
373 503 574 542 desumtum.
646 507 762 555 Neque
787 506 899 541 Nonm'
921 517 1024 542 aetate
1045 508 1140 556 plura
1165 509 1330 545 exstabant
1346 509 1482 545 Hesiodi
1506 507 1640 559 scripta,
1669 524 1770 559 quam
1795 513 1855 545 tria

109 560 210 601 haec,
242 558 443 607 Dicogonia,
471 558 513 594 0.
535 565 565 593 ct
587 557 638 594 D.
663 572 700 593 ac
719 559 850 594 Scutum
872 560 1042 598 Herculis,
1070 563 1103 594 in
1128 561 1211 596 Hist.
1229 574 1277 606 ῃ,
1304 560 1343 597 ad
1365 565 1451 597 Naz.
1505 562 1671 612 Qudquid
1695 562 1758 605 ess,
1787 563 1856 598 col—

109 611 209 648 leclio
233 610 288 646 illa
310 625 380 647 non
404 613 549 659 integra,
575 611 615 646 ab
638 609 788 647 Hesiodo
810 609 978 661 profecia,
1005 609 1057 646 sed
1083 611 1122 646 ab
1146 611 1215 648 aliis
1239 616 1353 658 aneta,
1379 613 1490 664 (quod
1514 613 1648 663 quidem
1674 629 1742 651 non
1767 613 1852 650 adeo

108 663 219 700 multo
235 663 307 713 post
325 662 462 699 Hesiodi
477 674 628 712 tempora
646 660 773 699 facium
787 667 928 714 opinor;
956 665 1032 700 alias
1047 666 1137 699 enim
1153 668 1353 715 antiquiores
1368 669 1469 702 critici
1486 681 1558 702 rem
1577 667 1695 703 melius
1718 665 1798 702 scire
1821 677 1852 702 et

110 719 252 752 curatius
269 715 467 764 distinguere
481 714 582 750 libros
597 724 797 765 potuerant)
813 716 924 766 postea
940 719 973 752 in
987 718 1132 766 quinque
1155 728 1261 767 partes
1283 718 1468 762 distributa,
1494 731 1525 755 et
1548 733 1606 768 per
1628 722 1853 769 ignorantiam

108 772 163 804 vni
179 767 329 804 Hesiodo
343 765 503 818 adscripta
517 766 654 805 videtur.
708 769 798 803 Hinc
821 767 892 804 fieri
914 773 1041 819 potuit,
1068 779 1101 804 vt
1125 782 1143 804 a
1165 771 1274 818 Scliol.
1297 770 1338 807 ad
1363 771 1523 821 Apollon.
1543 771 1656 808 Rliod.
1673 772 1715 808 11.
1736 778 1798 813 18¹.
1822 781 1854 807 et

108 823 166 857 IV.
182 834 230 867 57.
245 834 285 857 ex
302 821 462 867 catalogo
477 830 509 855 et
520 816 703 869 μεγάλαις
719 817 863 863 Ἠέιοας,
890 825 1092 857 narrationes
1110 821 1208 870 plane
1221 821 1364 859 diuersae
1378 834 1409 860 et
1429 822 1540 860 secum
1561 834 1746 875 pugnantes
1770 826 1855 859 exci-

109 883 262 909 tarentur.
317 874 488 923 Qoniam
502 885 582 908 vero
597 875 631 908 in
654 871 853 910 colleclione
876 877 1006 909 maiore
1027 874 1151 916 multa,
1179 888 1263 924 quae
1278 874 1333 911 sibi
1354 887 1597 926 repugnarent,
1619 888 1674 912 aut
1697 877 1760 912 alia
1785 873 1855 912 for-

107 923 165 962 san
181 935 414 968 occurrerunt,
441 937 524 975 quae
539 925 577 960 ab
593 927 729 974 ingenio
743 924 882 962 Hefiodi
899 927 1004 962 aliena
1020 929 1137 961 criticis
1158 926 1366 971 viderentur.
1390 927 1488 964 facile
1507 932 1639 966 euenire
1662 931 1791 979 potuit,
1818 938 1855 963 vt

107 977 163 1014 alii
177 991 205 1013 e.
221 991 256 1028 g.
274 978 389 1014 Boeoti
404 975 490 1027 apud
506 977 653 1024 Pausan.
670 977 726 1013 IX.
747 991 818 1028 cap.
833 991 877 1023 31.
895 992 928 1028 p.
947 991 1005 1024 771
1022 976 1067 1028 sq.
1098 979 1336 1025 Aristophanes
1351 983 1597 1018 Grammaticus
1610 984 1644 1017 in
1668 980 1797 1017 scholio
1811 979 1853 1016 ad

105 1027 238 1067 scutum
254 1029 426 1072 Herculis,
450 1040 556 1066 totam
575 1029 688 1076 illam,
713 1041 743 1066 et
758 1033 791 1066 in
805 1032 869 1066 hac
881 1031 1079 1080 particulam
1098 1030 1138 1066 de
1155 1029 1245 1068 scuto
1269 1034 1441 1076 Herculis,
1468 1035 1668 1083 abnegarent
1683 1031 1854 1078 Heliod03

106 1083 211 1119 schol.
225 1081 364 1118 Pindari
379 1084 473 1128 Pyth.
490 1082 548 1118 ῙῙῙ.
565 1094 609 1126 ¹4·
635 1085 666 1121 ἐν
682 1088 754 1121 τοῖς
769 1083 816 1122 εἰς
829 1079 979 1123 Ἡσίοδον
1004 1081 1273 1135 οἱναφεξομὲιως
1295 1090 1392 1124 ἔπεσι
1405 1111 1415 1125 ,
1441 1089 1502 1130 ait3
1532 1087 1604 1128 alii,
1628 1096 1663 1121 vt
1682 1087 1856 1132 Longinus·

107 1135 129 1171 l.
144 1149 246 1171 mem.
264 1133 305 1170 de
317 1138 451 1171 veritate
466 1134 669 1182 dubitarent3
698 1135 770 1179 alii,
798 1139 854 1186 qui
869 1134 983 1172 forsan
999 1137 1202 1185 Catalogum
1218 1137 1374 1181 Hesiodi,
1401 1141 1492 1174 cuius
1514 1151 1589 1188 pars
1611 1135 1739 1173 scutum
1766 1139 1853 1172 Her·

107 1188 190 1223 culis
215 1184 310 1223 fuisse
331 1186 469 1228 dicitur,
495 1202 513 1222 a
537 1187 745 1237 reliquorum
767 1190 985 1238 heroogoniis
1008 1189 1127 1225 melius
1150 1187 1388 1234 discernerent,
1415 1189 1502 1241 apud
1518 1190 1711 1226 scholiassen
1726 1189 1765 1225 ad
1782 1191 1851 1225 He·

106 1236 191 1275 siodi
212 1239 376 1289 clipeum,
403 1239 554 1277 nostrum
573 1237 803 1289 fragmentum
824 1242 982 1277 haberent
1003 1244 1199 1291 genuinum.
1267 1244 1357 1278 Stare
1382 1246 1498 1292 igitur,
1532 1241 1646 1278 saltem
1668 1243 1853 1285 conciliari,

108 1302 164 1327 aut
181 1291 318 1341 intelligi
335 1291 439 1342 potest
453 1289 612 1328 sententia
624 1306 763 1341 eorum,
787 1297 842 1344 qui
857 1291 980 1332 Ἠοίας
994 1307 1011 1329 a
1027 1292 1228 1342 καταλέγω
1243 1308 1310 1331 non
1329 1293 1470 1330 diuersas
1481 1324 1490 1338 ,
1517 1307 1571 1331 aut
1590 1306 1717 1344 partem
1735 1310 1851 1332 κοιτα-

107 1341 200 1389 λόῪε
217 1345 393 1392 γυναικῶν,
419 1355 475 1381 aut
488 1342 661 1393 μεγάλας
675 1343 769 1390 »iolas
783 1357 815 1382 et
830 1344 1038 1393 κατάλογον
1052 1346 1103 1382 vel
1120 1337 1214 1383 idem‘
1224 1361 1318 1397 opus,
1340 1348 1392 1384 vel
1408 1345 1573 1383 diuersum
1588 1345 1680 1383 fuisse
1696 1347 1852 1382 arbitren-

107 1406 180 1439 tur,
205 1400 318 1446 prouti
335 1397 387 1433 vel
401 1400 567 1446 integram
582 1397 840 1442 collectionem,
866 1400 919 1436 vel
932 1397 1076 1448 lingulas
1090 1398 1177 1435 illins
1191 1410 1318 1450 partes,
1345 1414 1363 1435 a
1384 1400 1532 1450 pluribus
1552 1397 1718 1450 prosefflas
1740 1400 1851 1435 aueto-

106 1449 214 1496 ribus‚
240 1449 747 1499 habueruntautlignificarunt,
779 1451 908 1502 autipfi
923 1449 1164 1496 confuderunt,
1192 1463 1248 1488 aut
1271 1452 1388 1489 melius
1410 1456 1593 1501 genuinum
1610 1450 1747 1492 Hesiodi
1769 1464 1851 1501 poe-

106 1504 235 1537 mation
255 1517 272 1538 a
293 1503 498 1553 reliquorum
525 1505 741 1552 heroogoniis
762 1503 978 1540 distinxerunt
999 1515 1135 1543 veteres.
1193 1505 1369 1555 Postquam
1393 1507 1472 1541 haec
1494 1508 1560 1541 iam
1584 1502 1793 1554 scripseram,
1816 1506 1850 1538 in

106 1567 225 1590 manus
241 1557 328 1590 venit
342 1557 584 1591 commentatio
599 1569 762 1605 perquam
778 1555 876 1593 doc'ta
893 1568 925 1593 et
940 1555 1110 1605 ingeniosa
1133 1557 1174 1593 cl.
1191 1558 1234 1593 G.
1254 1558 1296 1593 E.
1314 1558 1484 1593 Groddesk
1510 1555 1604 1607 super
1620 1557 1853 1605 Argonauticis

104 1606 279 1656 Apollonii
296 1607 422 1643 Rhodii
437 1617 521 1657 part.
541 1610 564 1642 1.
586 1610 638 1643 in:
669 1610 851 1644 Bibliotlzclz
865 1611 924 1644 der
940 1610 1026 1644 alten
1043 1610 1234 1645 Litteratur
1253 1611 1320 1644 und
1336 1608 1452 1656 Kunst,
1475 1613 1589 1659 partic.
1607 1611 1647 1644 11.
1674 1623 1710 1658 p.
1725 1612 1762 1644 61
1781 1605 1850 1657 sqq.

104 1659 296 1708 Gottingae,
321 1667 411 1706 1787.
427 1670 458 1696 et
473 1659 558 1707 vidi,
583 1674 639 1696 me
655 1663 764 1697 virum
783 1661 880 1697 illum
897 1660 1122 1698 doctissimum
1139 1659 1283 1698 habuiffe
1300 1675 1417 1712 parum
1435 1660 1690 1698 dissentientem:
1716 1664 1740 1695 is
1757 1663 1848 1696 enim

105 1723 141 1759 p.
156 1719 208 1754 83.
223 1709 418 1761 suspicatur,
440 1712 657 1762 genealogica
676 1713 733 1749 illa
748 1717 896 1750 carmina
914 1729 931 1750 a
947 1717 1061 1758 variis,
1094 1717 1196 1764 iisque
1211 1718 1332 1764 ignotis
1357 1715 1543 1750 auetoribus
1567 1711 1628 1749 esse
1644 1709 1851 1762 conscripta;

104 1759 226 1798 seriore
248 1774 358 1799 autem
379 1774 531 1814 tempore
553 1776 691 1815 propter
711 1770 900 1816 argumenti
924 1765 1174 1803 similitudinem
1199 1781 1237 1803 ex
1259 1771 1295 1802 iis
1317 1778 1419 1802 vnum
1441 1780 1542 1816 opus⁷
1569 1770 1602 1802 in
1619 1765 1727 1815 plures
1744 1765 1845 1800 libros

105 1811 332 1857 distributum,
357 1813 420 1850 esse
437 1815 639 1860 conflatum,
662 1829 694 1854 et
710 1823 809 1855 veteri
825 1830 943 1869 poetae
959 1822 992 1854 in
1005 1820 1072 1855 hoc
1093 1833 1215 1869 genere
1228 1817 1385 1869 poeseos,
1414 1820 1548 1866 celebri,
1576 1817 1746 1860 Hesiodo,
1771 1815 1846 1866 sup-

103 1864 270 1915 positum:
296 1864 416 1905 Ἠοίας
437 1881 516 1903 vero
540 1866 714 1914 μεγάλοις·
736 1870 895 1914 Hesiodi,
922 1870 1013 1922 quod
1033 1875 1067 1908 in
1089 1885 1212 1921 magna
1237 1870 1367 1908 suiss'ent
1389 1869 1499 1913 sama,
1522 1874 1619 1906 etiam
1647 1871 1848 1907 colledlione

103 1916 211 1961 faeta,
238 1917 325 1968 apud
352 1916 541 1969 scriptores,
571 1923 627 1969 qui
650 1921 784 1958 illarum
807 1925 958 1959 iniiciunt
977 1926 1207 1968 mentionem,
1231 1922 1326 1960 suum
1351 1937 1477 1959 nomen
1496 1920 1679 1966 retinuisse,
1713 1932 1844 1973 partem

102 1983 184 2007 vero
199 1972 400 2021 reliquarum
416 1971 688 2020 genealogiarum
705 1971 799 2010 fuisse
811 1975 946 2011 habitas.
996 1975 1098 2025 Qod
1114 1988 1224 2013 autem
1239 1975 1326 2012 idem
1346 1974 1400 2011 ille
1420 1979 1469 2010 vir
1492 1974 1609 2012 doc‘lus
1632 1990 1664 2026 p.
1683 1983 1730 2017 81.
1749 1985 1850 2010 acute

104 2035 239 2066 monet,
264 2022 351 2073 apud
367 2021 559 2060 scholiasten
574 2023 615 2060 ad
629 2026 841 2072 Apollonium
858 2028 1020 2063 Rhodium
1036 2031 1096 2065 lV.
1113 2042 1157 2074 57.
1173 2033 1205 2068 ἐν
1219 2025 1401 2078 μεγάλαις
1417 2025 1520 2072 ἧοῖαις
1536 2031 1579 2064 ita
1597 2030 1778 2064 memorari
1796 2025 1844 2062 sa-

103 2076 217 2112 bulam
234 2075 476 2122 EndymioniS,
502 2086 537 2112 vt
551 2090 587 2112 ea
604 2079 670 2114 iam
687 2091 764 2115 cum
781 2077 892 2115 fabula
906 2082 1030 2117 Ixionis
1045 2080 1084 2117 fit
1099 2084 1200 2118 mixta
1216 2094 1247 2117 et
1263 2078 1397 2116 confusa
1408 2109 1417 2123 ,
1444 2080 1476 2116 id
1492 2095 1602 2116 meam
1624 2078 1846 2131 suspicionem

103 2128 198 2165 valde
218 2128 341 2165 firmat.
393 2131 543 2164 Primum
557 2133 646 2166 enim
663 2128 810 2168 adfertur
822 2136 966 2170 narratio
982 2132 1139 2177 Hesiodi,
1166 2134 1257 2169 nulla
1276 2133 1348 2168 libri
1372 2136 1543 2169 int-mione
1566 2132 1687 2170 addita.
1740 2134 1846 2168 Vetus

101 2184 203 2230 igitur
218 2183 454 2231 grammaticus
473 2182 732 2230 Heroogoniam
745 2183 904 2228 Hesiodi,
931 2196 1102 2235 tamquam
1118 2196 1252 2227 notam,
1279 2196 1310 2220 et
1325 2199 1341 2220 a
1358 2184 1488 2235 reliquis
1504 2183 1734 2222 secernendam
1747 2213 1758 2227 ‚
1787 2186 1846 2220 lia-

104 2234 190 2278 buit,
217 2247 299 2284 quae
320 2231 467 2269 caruisset
492 2244 579 2269 certa
602 2245 634 2270 et
656 2248 674 2271 a
690 2247 787 2285 poeta
805 2235 955 2286 profedla
971 2235 1190 2286 inscriptione¹
1245 2239 1330 2272 Dein
1354 2249 1528 2273 narrantur
1552 2239 1695 2274 aliorum
1720 2235 1845 2273 senten·

103 2288 176 2322 tiae.
228 2287 326 2322 Tum
342 2284 480 2322 demum
496 2282 657 2335 sequitur,
684 2291 715 2327 ἐν
731 2290 810 2328 ταῖς
824 2302 906 2338 μεγ.
923 2285 1027 2332 ἧέιοας
1041 2291 1209 2336 λέγεται,
1233 2290 1284 2324 vbi
1308 2287 1418 2325 sabula
1432 2290 1543 2332 aliter,
1569 2304 1604 2326 ac
1629 2291 1668 2326 ab
1692 2287 1842 2325 Hesiodo

102 2335 229 2375 fadlum
244 2336 307 2375 effe
324 2337 462 2381 dicitur,
490 2349 521 2374 et
537 2351 615 2374 cum
631 2339 693 2375 alia
711 2339 848 2377 confusa
865 2352 1043 2377 enarratur.
1097 2339 1233 2377 Diuersa
1258 2345 1358 2391 igitur
1381 2339 1445 2378 fuit
1465 2342 1603 2379 Hesiodi
1620 2344 1843 2391 Heroogonia

62 2415 70 2420 -
103 2404 121 2426 a
137 2391 288 2441 reliquis,
314 2405 455 2441 quarum
474 2389 630 2427 collediio
650 2394 681 2427 in
698 2393 892 2442 quibusdam
909 2393 1150 2443 exemplaribus
1174 2407 1393 2431 communem
1416 2393 1559 2432 habuisse
1579 2395 1706 2432 videtur
1733 2391 1843 2430 inscri-

100 2447 252 2493 Ptionem
268 2459 348 2494 μεγ.
366 2442 477 2490 ἦοιῶγ,
500 2446 544 2480 ita
559 2453 592 2480 vt
606 2443 745 2483 Hefiodi
759 2446 888 2483 libellus
904 2444 1298 2536 mogodadciipimeraretut
1315 2449 1371 2492 iis,
1392 2446 1498 2485 modo
1516 2449 1556 2485 ab
1570 2449 1633 2485 illis
1655 2445 1841 2497 seiungere-

1141 2511 1160 2544 3
1774 2509 1838 2535 tur.
