2183 2747
17 172 78 203 Vol.
87 173 109 202 t.
119 181 143 209 μ.
155 181 206 210 ²70

554 173 833 211 POEMATVM
875 169 1244 208 HOMERICORVM.

1396 167 1468 202 Lib.
1480 165 1530 201 Π.
1548 178 1570 205 c.
1581 178 1606 200 ι.
1713 179 1766 214 355

22 270 363 306 Lacedaemoniorum
378 268 414 308 ‘).
467 270 542 305 Post
560 273 752 320 Lycurgum
771 269 930 319 Pifistrati
943 282 1018 304 cura
1033 267 1231 308 celebratur,
1259 261 1508 299 Atheniensium
1530 263 1683 318 tyranni,
1710 265 1766 310 qui

23 326 148 371 primus
166 323 268 359 libros
283 324 419 359 Athenis
437 320 685 373 disciplinarum
701 323 886 359 liberalium
906 322 1038 371 publice
1054 321 1093 355 ad
1110 317 1291 369 legendum
1306 315 1508 365 praebendos
1529 312 1667 364 posuisle
1689 314 1766 350 dici-

18 474 94 518 sont
106 485 166 516 pas
179 477 233 508 des
244 477 343 517 pieres
359 477 432 508 d‘un
445 480 560 519 pez-bne,
584 478 639 519 qui
651 486 725 508 avec
744 476 813 507 elles
835 485 873 507 ne

20 518 92 560 fait
107 523 196 561 qu'im
205 520 274 562 seul
294 526 322 552 ct
342 521 434 552 'nime
457 522 572 561 corps?
600 520 710 551 Confer
732 520 872 550 Bolaeum

25 565 100 599 (Mt.
116 562 236 594 Boileau
255 564 441 606 Desprcaux)
472 564 677 596 obseruatione
689 574 711 600 3.
735 563 770 594 ad
797 566 872 594 Lon-

28 608 140 646 ginum.
165 611 208 647 [ct
223 607 310 651 supra
329 609 364 639 ad
383 607 407 650 §.
425 611 446 640 1.
465 610 528 646 fin.]

73 695 102 733 e)
134 693 314 735 Lycurgum
337 707 353 725 a
378 695 537 737 Creophyli
560 696 699 737 posteris,
739 692 876 735 accepisse

31 748 65 768 ea
81 747 166 776 negat
183 738 360 770 Dodwellus
378 740 414 769 dc
430 738 510 774 cycl.
527 750 554 781 p.
568 749 621 774 153.
658 739 766 779 Neque
780 746 876 767 tamen

31 780 109 811 fama
125 781 173 811 illa
191 782 227 812 de
249 784 401 821 Lycurgo,
435 783 500 813 aliis
521 783 606 813 aliter
630 781 824 811 referentibus
849 789 878 810 et

32 824 241 862 sentientibus,
269 836 346 856 certa
369 828 427 863 est,
457 826 644 868 praesertim,
674 836 766 867 quum
787 825 879 855 desint

31 870 115 898 tcsscs
139 871 320 910 antiquiores
357 874 436 911 iique
471 869 640 911 locupletes.
701 868 879 909 Cynaethus

33 911 128 942 Chius
149 924 277 953 primuni
299 916 423 944 Htmcri
447 917 575 944 carmina
599 911 691 954 sparsa
706 921 734 942 et
757 911 877 941 disiceta

33 955 142 985 dicitur
156 956 342 997 disposuisse,
373 959 440 987 teste
463 957 624 999 Eujlaihio
645 956 680 986 ad
701 958 722 986 1.
740 955 822 987 Iliad.
848 966 876 996 p.

35 1003 76 1028 16.
104 1008 145 1037 ¹7·
166 1001 236 1029 edit.
261 1000 357 1030 Pelin.
424 1003 518 1042 Atque
549 999 718 1030 Scholiastes
742 998 877 1030 Pindari

32 1043 124 1073 Nem.
139 1045 174 1074 ll.
189 1054 252 1085 pag.
273 1054 326 1078 331.
349 1039 408 1073 1⁷70»-
424 1043 437 1072 ὅ
453 1044 584 1074 Κύναιθος
600 1044 697 1082 neiis-05
714 1044 738 1070 ἰν
755 1040 878 1080 Σαραπί-

32 1096 91 1114 σκις
113 1083 258 1125 ἔρα-μέδηαι
280 1086 316 1115 ni
334 1085 440 1127 ‘Opan'pe
461 1089 509 1120 ἴκη
529 1085 602 1115 narni
624 1085 673 1118 τήν
694 1084 820 1120 {gorzes-»iv
840 1086 877 1112 ἱν-

35 1128 113 1160 κίτην
130 1127 323 1168 Ὀλιμτιέδα,
345 1131 376 1159 εἰς
389 1129 566 1170 ‘inescent-10¹1
578 1129 675 1167 φῖτην,
699 1137 728 1159 at
744 1129 794 1159 diu
810 1137 877 1158 ante

34 1171 224 1214 Cynaethum
239 1178 367 1205 carmina
382 1176 507 1205 Homeri
524 1176 642 1204 recitata
655 1172 775 1202 fuerunt
790 1181 878 1213 atque

32 1216 164 1248 colleeh.
209 1218 270 1248 vid.
285 1219 463 1260 Dreyigium
478 1221 508 1248 in
527 1226 684 1247 comment.
701 1216 737 1246 de
748 1215 878 1257 Rhapso-

34 1260 97 1296 dis,
121 1262 232 1303 Lipsiae
255 1271 335 1300 1743.
361 1272 391 1297 4.
413 1261 509 1302 §.XL
532 1261 592 1302 sqq.
615 1272 644 1302 p.
669 1270 716 1297 29.
739 1259 799 1301 sqq.
815 1261 879 1300 qui,

34 1314 111 1345 quae
126 1304 162 1334 de
178 1307 315 1344 Lycurgi,
342 1306 476 1336 Pisistrati
492 1303 617 1335 multum
635 1306 698 1346 post
712 1303 791 1333 illius
807 1312 879 1333 tem-

32 1358 108 1389 pora
131 1350 278 1385 viamus,
316 1348 449 1386 Solonis,
485 1349 649 1391 Hipparchi
676 1347 880 1378 conaminibus

34 1401 186 1433 operaque
208 1393 275 1422 hinc
291 1393 359 1422 inde
376 1393 531 1423 traduntur
542 1392 623 1422 «bene
639 1391 774 1430 collegit,
799 1401 880 1420 com-

36 1437 170 1476 parauit,
200 1445 287 1477 atque
310 1436 470 1479 explicuit,
500 1444 528 1466 et
546 1435 582 1466 de
606 1436 758 1470 Cynaetho
781 1434 881 1476 passim

37 1478 183 1520 docteque
208 1479 350 1510 disseruit.
410 1480 561 1516 Ostendit,
598 1487 664 1509 ante
696 1479 881 1514 Cynaethum

37 1526 167 1552 carmina
182 1526 308 1554 Homeri
323 1524 361 1553 ab
373 1524 455 1560 aliis,
480 1523 652 1554 Homeridis
664 1546 672 1559 ,
701 1521 785 1552 fuisse
809 1524 881 1551 reci-

35 1573 112 1599 tata;
137 1567 190 1597 hos
204 1567 323 1608 quidem
342 1567 497 1609 particulas
511 1567 652 1609 quasdam
675 1566 794 1602 eadem,
825 1576 884 1606 qua

39 1609 218 1652 conscriptae
235 1610 372 1647 fuerunt,
403 1614 547 1642 orationis
571 1611 644 1641 serie
668 1608 883 1652 pronuntiasse3

39 1654 224 1688 Cynaethum
240 1666 313 1685 vero
328 1656 364 1685 ab
382 1655 434 1685 hac
450 1654 527 1685 forte
543 1657 657 1685 ratione
672 1656 799 1684 Homeri
814 1663 884 1695 poe-

38 1697 80 1726 sin
95 1698 234 1728 recitandi
249 1697 409 1735 deflexisse,
432 1707 460 1729 et
478 1710 537 1729 non
553 1697 646 1728 solum
663 1697 798 1728 ord.nem
820 1707 886 1727 ver-

40 1739 125 1770 suum
140 1741 276 1778 turbasse,
301 1753 405 1772 verum
421 1745 508 1773 etiam
523 1743 559 1772 de
574 1742 626 1772 suo
642 1741 755 1783 aliquid
769 1743 800 1771 in
813 1743 886 1771 reci-

39 1787 152 1815 oetionc
168 1784 308 1815 addidisse
322 1794 491 1824 auguratur.
537 1789 632 1816 Immo
651 1795 723 1815 vero
740 1787 770 1815 in
785 1787 886 1826 aprico

41 1827 95 1857 ess'c
118 1828 222 1864 censet,
246 1831 431 1862 Cynaethum
445 1838 473 1860 et
486 1831 548 1859 eius
565 1828 699 1865 adseclas,
713 1828 886 1869 rhapsodos,

40 1872 178 1901 ordinem
196 1872 333 1902 versuum
349 1874 568 1903 homericorum
589 1883 648 1903 non
668 1872 806 1907 seruasse,
839 1871 886 1901 sed

43 1925 160 1944 carmen
183 1916 357 1946 cantandum
377 1927 412 1945 ex
435 1916 555 1946 diuersis
577 1917 744 1946 homericae
765 1914 887 1956 poeseos

40 1959 174 2000 pambus
193 1959 333 2000 librisque
349 1968 414 2001 apta
429 1959 501 1989 serie
518 1958 658 1990 consuisse
672 1967 700 1989 et
713 1959 792 2000 quasi
807 1969 885 1988 coni-

41 2001 162 2044 pilasl'e‚
189 2004 344 2044 firmatque
367 2003 536 2033 sententiam
557 2003 638 2033 suam
659 2005 690 2033 iu
711 2004 814 2044 primis
836 2012 881 2032 au-

43 2045 180 2076 ἀοι-ἰῆτο
193 2045 284 2083 schol.
307 2047 343 2075 ad
370 2046 504 2078 Pindari
524 2049 613 2078 Nem.
637 2049 674 2077 11.
695 2057 724 2088 p.
741 2056 795 2081 33¹-
819 2044 887 2076 coll.

44 2088 198 2124 Salmafio
215 2090 249 2119 ad
264 2089 395 2120 Solinum
422 2102 449 2132 p.
472 2094 536 2120 610.
566 2093 598 2121 A.
619 2098 707 2131 atque
731 2089 888 2131 Eustathii

45 2135 215 2163 narratione
230 2145 259 2175 p.
276 2137 316 2163 16.
360 2133 553 2168 Ἐλυμαῖνοιτο
573 2130 598 2162 δέ
617 2134 698 2170 φησίν
719 2132 790 2170 eivs-j
809 2132 888 2167 κοίμ-

45 2180 142 2204 «amm
158 2177 181 2205 οἱ
195 2178 253 2216 περὶ
266 2176 311 2205 τίν
331 2177 460 2205 Κώοαὶοι
476 2177 522 2215 ιρι)
543 2176 640 2206 noni
652 2178 702 2205 viiiv
724 2178 791 2205 ε’πῆν
812 2175 891 2204 αὐτοὶ

45 2219 196 2251 ποιήσαντα
213 2222 402 2259 παρενέβαλον.
449 2223 546 2259 Negat
560 2223 661 2260 igitur,
683 2229 818 2262 tempore
839 2222 890 2250 So-

46 2261 124 2293 lonis
153 2267 281 2293 carmina
309 2266 467 2294 Homerica
495 2263 579 2294 fuisse
605 2267 679 2294 mire
702 2263 839 2299 confusa,
874 2273 891 2292 a

46 2306 200 2348 rhapsodis
213 2311 419 2343 contaminata,
437 2317 475 2343 et,
493 2307 574 2348 quod
588 2309 756 2342 aCynaethi
772 2307 890 2337 demum

49 2357 183 2391 ternpore
204 2350 314 2381 fa&um
345 2352 401 2387 est,
431 2351 623 2392 interpolata,
654 2352 798 2393 discerpta
822 2362 891 2380 con-

48 2392 180 2435 fiitaque.
226 2396 325 2433 Negat
345 2393 511 2435 refutatque
527 2400 567 2436 (p.
584 2400 638 2430 35.)
661 2395 787 2425 Fabricii
802 2405 891 2436 expo-

37 2436 202 2472 'fltioncm,
232 2438 369 2468 Solonem
394 2437 456 2476 lege
477 2437 625 2478 abrogasse
646 2437 755 2468 malurn
777 2448 891 2467 morem

48 2479 294 2522 Rhapsodorum,
325 2490 353 2511 et
374 2481 557 2518 Fabricium,
585 2489 702 2518 mouet,
732 2481 836 2512 frustra
857 2480 892 2509 ad

965 375 992 409 Y
1008 386 1032 419 y
1059 385 1078 408 2
1717 378 1768 405 tui·

924 476 1108 512 Cynaethnm
1122 473 1228 505 Solone
1248 473 1405 505 iuniorem,
1429 471 1481 500 hac
1496 472 1526 500 in
1555 478 1636 513 parte
1656 483 1769 513 prouo-

925 520 1006 551 cass'e.
1050 518 1178 550 Discedit
1199 526 1317 558 quoque
1340 527 1356 545 a
1380 515 1529 550 Fabricio,
1553 515 1623 545 dum
1645 518 1769 557 inquirit

925 570 967 606 (p.
985 574 1008 599 3¹
1027 563 1105 604 sqq.)
1129 565 1158 592 in
1183 559 1324 595 caussam,
1352 570 1404 589 cur
1426 568 1453 588 et
1474 569 1533 598 quo
1556 562 1620 589 iure
1641 561 1768 602 Hippar-

926 610 997 638 chus
1012 617 1124 649 prunus
1138 604 1222 635 fuisse
1235 604 1366 639 dicatur,
1390 604 1441 643 qui
1467 603 1565 643 poesin
1589 604 1769 635 homericam

928 654 959 682 in
981 654 1130 689 regionem
1148 651 1270 679 Atticam
1286 655 1315 677 et
1330 647 1455 676 Athenas
1481 648 1645 689 inuexerit,
1676 650 1769 689 (post-

929 706 1017 737 quam
1030 702 1114 724 antea
1128 695 1277 731 Lycurgus
1293 689 1373 721 illam
1390 692 1420 719 in
1435 691 1587 720 Graeciam
1598 714 1606 727 ‚
1629 701 1771 732 quatenus

929 742 1017 770 etiam
1035 735 1266 778 Peloponnesum
1276 738 1305 764 in
1320 734 1347 764 se
1365 732 1581 774 complcffltur,
1604 735 1772 777 importasse

931 786 1044 824 primus
1058 781 1189 816 dicium)
1213 789 1304 820 quum
1319 786 1416 808 tamen
1430 780 1487 807 iam
1507 777 1622 808 Solonis
1638 786 1771 821 tempore

931 827 1023 868 poesis
1037 826 1186 855 homerica
1199 824 1318 853 Athenis
1335 833 1394 851 uon
1415 820 1512 850 fuisset
1533 820 1644 858 solum,
1668 834 1771 853 verum

932 873 1020 900 etiam
1037 880 1071 899 ex
1088 867 1219 898 eiusdem
1235 865 1350 897 Solonis
1365 864 1543 906 praescripto
1564 865 1681 907 publice
1700 870 1772 898 reci-

932 922 1000 949 tata,
1025 912 1231 946 ctPisislratus,
1253 910 1340 939 huius
1357 909 1522 950 Hipparchi
1540 918 1633 949 pater,
1659 912 1771 941 Home-

930 960 954 987 ri
972 957 1063 987 libros
1075 979 1082 992 ‚
1112 963 1196 985 antea
1218 952 1365 988 confusos,
1389 952 1424 981 sic
1437 951 1606 993 disposuisse
1621 955 1772 994 perhibea-

930 1009 989 1036 tur,
1010 1010 1041 1030 νε
1058 1010 1132 1029 nunc
1148 998 1298 1028 habemus.
1344 998 1376 1026 In
1400 995 1453 1025 hac
1473 998 1671 1027 controuersia
1695 1009 1773 1028 com-

930 1043 1065 1086 ponenda
1081 1040 1254 1084 Schefferus
1271 1050 1303 1070 ae
1325 1039 1507 1070 Perizonius
1528 1039 1564 1069 ad
1589 1039 1717 1072 Aeliani
1740 1045 1775 1072 V.

931 1091 969 1118 H.
987 1087 1037 1117 lib.
1053 1089 1131 1117 VIII.
1156 1096 1181 1115 2.
1204 1094 1232 1114 et
1251 1083 1400 1123 Kiiflerus
1423 1084 1452 1112 in
1475 1083 1576 1113 histor.
1596 1087 1660 1114 crit.
1684 1087 1773 1116 Hom.

931 1131 997 1162 [σᾶ.
1014 1133 1064 1161 111.
1089 1140 1111 1164 ς.
1134 1128 1218 1158 valde
1241 1127 1397 1157 sudarunt3
1428 1125 1584 1166 Aegidius
1606 1127 1776 1169 Menagius

932 1175 968 1205 ad
987 1176 1096 1204 Laertii
1113 1172 1209 1202 locum
1226 1183 1254 1213 p.
1270 1181 1316 1206 34.
1334 1169 1445 1210 aliquid
1463 1170 1586 1200 definire
1604 1182 1662 1201 non
1678 1172 1774 1203 audet.

933 1219 1080 1256 Dresigius
1103 1227 1175 1246 vero
1198 1218 1238 1244 ita
1263 1213 1372 1243 censet:
1409 1214 1629 1245 „Concedimus
1651 1219 1774 1247 omnino

933 1265 991 1292 iam
1008 1260 1123 1292 Solonis
1142 1268 1287 1300 tempore,
1319 1266 1405 1297 atque
1431 1259 1518 1286 etiam
1540 1268 1624 1295 ante,
1649 1261 1774 1290 Homeri

933 1308 1062 1336 carmina
1078 1304 1196 1334 Athenis
1211 1300 1306 1336 fuisse,
1331 1302 1370 1330 ita
1387 1309 1500 1336 tamen,
1531 1309 1562 1331 vt
1584 1312 1634 1331 nec
1651 1304 1774 1341 integra,

933 1361 985 1380 nec
1000 1349 1052 1379 suo
1066 1356 1199 1389 quaeque
1215 1345 1280 1375 loco
1300 1344 1409 1386 posita5
1433 1343 1481 1373 sed
1503 1345 1662 1386 particulae
1687 1357 1775 1388 quae-

933 1393 1013 1429 dam,
1037 1393 1107 1422 sicut
1126 1392 1215 1420 etiam
1234 1396 1300 1418 ante
1323 1389 1488 1426 Lycurgum
1511 1391 1540 1417 in
1565 1388 1776 1430 Peloponneso,

934 1438 1003 1467 teste
1019 1434 1188 1469 Plutarcho,
1211 1432 1402 1463 habebantur.
1449 1430 1593 1466 (Aelian.
1611 1436 1645 1462 V.
1664 1436 1702 1463 H.
1724 1433 1775 1464 lib.

936 1483 1014 1512 xm.
1031 1484 1086 1515 14.)
1123 1480 1184 1508 Has
1197 1474 1352 1517 particulas
1370 1486 1421 1517 per
1436 1474 1551 1505 Solonis
1568 1477 1729 1507 institutum
1747 1480 1776 1508 in

935 1525 1072 1555 ordinem
1089 1520 1246 1563 quemdam
1268 1519 1398 1549 redaeias
1423 1520 1521 1559 postea
1545 1521 1574 1549 in
1598 1520 1720 1550 totidem
1743 1521 1777 1551 li-

936 1569 1007 1598 bros
1018 1591 1026 1604 ,
1050 1575 1122 1608 quot
1137 1575 1211 1594 nunc
1228 1563 1379 1597 habemus,
1403 1563 1560 1592 Pisistratus
1573 1562 1649 1593 forte
1673 1564 1778 1594 diuisit.

938 1612 1126 1654 Hipparchus
1141 1618 1213 1638 vero
1230 1604 1396 1636 vniuersam
1411 1605 1538 1646 denique
1559 1609 1683 1637 Homeri
1708 1619 1778 1649 poe-

940 1656 980 1686 sin
994 1666 1028 1686 ex
1044 1650 1244 1694 Peloponneso
1261 1649 1379 1680 forsitan
1394 1651 1422 1678 in
1438 1651 1561 1679 Atticam
1578 1649 1672 1680 secum
1695 1651 1778 1681 adtu-

940 1699 990 1733 lit3
1023 1694 1273 1740 quemadmodum
1301 1695 1450 1730 Lycurgus
1476 1695 1506 1722 in
1536 1693 1779 1735 Peloponnesum,

941 1743 1074 1783 adeoque
1090 1743 1202 1783 primus
1222 1741 1333 1775 integra
1358 1738 1483 1766 Homeri
1503 1739 1629 1766 carmina
1654 1738 1779 1768 Athenas

940 1788 1150 1828 importauit.“
1217 1784 1311 1822 Atque
1334 1778 1475 1809 scholiast.
1498 1791 1514 1809 a
1548 1779 1726 1822 Villotsonio
1749 1785 1780 1812 in

940 1829 1047 1861 Anecd.
1065 1839 1107 1867 gr.
1119 1830 1154 1858 11.
1171 1837 1199 1867 p.
1211 1832 1268 1859 182.
1285 1827 1314 1853 ir.
1330 1831 1389 1852 not.
1405 1822 1558 1860 adducam,
1581 1826 1704 1863 &syn-oq,
1726 1828 1779 1862 ait,

938 1870 983 1903 ’ὅτι
1004 1871 1200 1912 συνεξρἅφησαν
1228 1866 1280 1896 tino*
1299 1867 1460 1905 novacen-'ea
1490 1867 1526 1894 r}
1553 1867 1602 1894 τιῖν
1632 1867 1780 1899 Ἀθηναίων

940 1917 1062 1956 rufina,
1086 1912 1242 1951 ri‘0‚uvipn
1264 1909 1420 1945 πουῖματει·
1449 1910 1496 1947 ἦα)
1518 1910 1629 1940 ΚΛΤΑ“
1651 1911 1779 1942 ΤΑ’Ξ[Ν

939 1958 1230 1990 ΣΤΝΕΤΕ’ΘΗΣΑΝ
1247 1954 1306 1984 TA·
1332 1954 1424 1981 ΠΡΓΝ
1443 1953 1670 1991 ΣΠΟΡΑἉΗΝ,
1698 1955 1780 1991 ΚΑΓ,

939 2002 995 2033 ὩΣ
1010 2001 1183 2035 ἝΤΤΧΕΝ,
1207 1996 1595 2032 ἈΝΑΓΙΝΩΣΚΟ’ΜΕΝΛ,
1618 1994 1662 2025 olion*
1680 1997 1713 2027 η’
1735 1998 1781 2031 τὴν

937 2046 1057 2087 ἅρμα-[ἤν
1069 2044 1156 2073 αιιῖτιῖν
1169 2044 1206 2079 τῷ
1218 2041 1303 2080 χρόνῳ
1323 2039 1531 2076 διἰσπασθῆνοᾳ-
1576 2041 1658 2071 Adde
1682 2042 1782 2083 paullo

939 2092 1015 2133 post,
1039 2090 1204 2120 Fabricium
1226 2089 1255 2115 in
1270 2084 1294 2125 §.
1311 2086 1388 2114 XVI.
1434 2083 1523 2121 Quod
1545 2094 1642 2115 autem
1665 2086 1780 2126 Dioge-

940 2144 993 2166 nes
1009 2133 1155 2165 Laertius
1177 2130 1305 2164 μ’ἶλλον,
1325 2130 1376 2163 ait,
1401 2126 1491 2155 Σόλων
1503 2126 1628 2166 ’Όμηρον
1643 2130 1780 2165 ἐφώτισεν,

941 2173 957 2210 »ἲ
978 2179 1165 2214 Πιισῐςρατοι,
1193 2171 1352 2214 Drrstgius
1373 2171 1492 2212 quidem
1514 2171 1703 2213 explicationi
1728 2175 1781 2203 Ca-

943 2221 1138 2251 saubonianae
1154 2216 1190 2247 ad
1208 2218 1370 2253 Diogenem
1387 2226 1415 2256 p.
1439 2219 1482 2249 36.
1504 2223 1532 2244 et
1555 2217 1740 2246 Kusterianac
1763 2217 1780 2247 l.

944 2277 968 2294 c.
988 2270 1029 2306 (p.
1045 2265 1092 2293 CI.
1109 2261 1179 2291 edit.
1193 2258 1318 2293 Wolsii)
1344 2257 1472 2299 praefert
1492 2269 1575 2295 eam,
1605 2270 1694 2300 quam
1717 2259 1784 2290 tulit

944 2308 1006 2340 Leo
1026 2306 1167 2338 Allatius
1192 2303 1227 2332 de
1249 2304 1343 2344 patria
1364 2304 1488 2331 Homeri
1508 2313 1570 2344 cap.
1597 2312 1622 2338 5.
1649 2314 1676 2344 p.
1700 2309 1782 2342 ¹767-

945 2359 1017 2382 tom.
1034 2352 1067 2380 X.
1083 2346 1176 2379 Thes.
1205 2348 1340 2376 Gronou.
1354 2354 1450 2375 tamen
1467 2345 1550 2376 malit
1563 2347 1687 2376 verbum
1700 2349 1784 2382 φωτί-

943 2394 992 2432 ζειν
1007 2392 1083 2435 apud
1098 2393 1247 2422 Laertium
1264 2391 1393 2430 accipere
1408 2399 1466 2418 non
1485 2397 1542 2418 tam
1552 2390 1586 2419 dc
1595 2389 1688 2428 gloria
1702 2398 1730 2420 et
1745 2389 1785 2420 fa-

945 2449 1003 2468 ma.
1027 2447 1114 2477 quam
1130 2445 1164 2463 ex
1186 2433 1300 2463 Solonis
1321 2434 1453 2462 instituto
1475 2432 1667 2474 consequutus
1699 2433 1786 2464 suerit

946 2483 1105 2515 Homerus,
1130 2488 1217 2519 quam
1237 2475 1274 2507 de
1291 2475 1417 2506 faciliori
1440 2478 1502 2504 eius
1527 2479 1656 2506 carmina
1679 2477 1785 2507 intelli-

1703 2521 1788 2557 gendi
