<?xml version="1.0" encoding="UTF-8"?>
<!DOCTYPE html PUBLIC "-//W3C//DTD XHTML 1.0 Transitional//EN"
    "http://www.w3.org/TR/xhtml1/DTD/xhtml1-transitional.dtd">
<html xmlns="http://www.w3.org/1999/xhtml" xml:lang="en" lang="en">
 <head>
  <title>
</title>
<meta http-equiv="Content-Type" content="text/html;charset=utf-8" />
  <meta name='ocr-system' content='tesseract 3.04.00' />
  <meta name='ocr-capabilities' content='ocr_page ocr_carea ocr_par ocr_line ocrx_word'/>
</head>
<body>
  <div class='ocr_page' id='page_1' title='image "./bibliothecagraec01fabruoft_0673.png"; bbox 0 0 2183 2747; ppageno 0'>
   <div class='ocr_carea' id='block_1_1' title="bbox 47 252 286 365">
    <p class='ocr_par' dir='ltr' id='par_1_1' title="bbox 47 252 286 365">
     <span class='ocr_line' id='line_1_1' title="bbox 87 252 286 281; baseline -0.01 -1"><span class='ocrx_word' id='word_1_1' title='bbox 87 252 210 281; x_wconf 79' lang='lat' dir='ltr'>Nmtm·</span> <span class='ocrx_word' id='word_1_2' title='bbox 233 252 286 280; x_wconf 81' lang='lat' dir='ltr'>eo!-</span> 
     </span>
     <span class='ocr_line' id='line_1_2' title="bbox 47 291 280 320; baseline 0 -3"><span class='ocrx_word' id='word_1_3' title='bbox 47 291 130 320; x_wconf 71' lang='lat' dir='ltr'>leuia.</span> <span class='ocrx_word' id='word_1_4' title='bbox 141 292 280 319; x_wconf 77' lang='lat' dir='ltr'>Rimi‘cins.</span> 
     </span>
     <span class='ocr_line' id='line_1_3' title="bbox 47 330 282 365; baseline 0 -7"><span class='ocrx_word' id='word_1_5' title='bbox 47 330 282 365; x_wconf 72' lang='lat' dir='ltr'>Editiodcciirfia-</span> 
     </span>
    </p>
   </div>
   <div class='ocr_carea' id='block_1_2' title="bbox 45 377 591 449">
    <p class='ocr_par' dir='ltr' id='par_1_2' title="bbox 45 377 591 449">
     <span class='ocr_line' id='line_1_4' title="bbox 45 377 591 449; baseline 0 -1"><span class='ocrx_word' id='word_1_6' title='bbox 45 377 221 449; x_wconf 49' lang='lat' dir='ltr'>illustrauit</span> <span class='ocrx_word' id='word_1_7' title='bbox 234 410 385 449; x_wconf 84' lang='lat' dir='ltr'>laudatus</span> <span class='ocrx_word' id='word_1_8' title='bbox 402 412 591 448; x_wconf 73' lang='lat' dir='ltr'>Neuaelctus.</span> 
     </span>
    </p>
   </div>
   <div class='ocr_carea' id='block_1_3' title="bbox 10 567 900 2489">
    <p class='ocr_par' dir='ltr' id='par_1_3' title="bbox 10 567 900 1355">
     <span class='ocr_line' id='line_1_5' title="bbox 86 567 898 613; baseline 0 -12"><span class='ocrx_word' id='word_1_9' title='bbox 86 567 142 613; x_wconf 83' lang='lat' dir='ltr'>ff)</span> <span class='ocrx_word' id='word_1_10' title='bbox 167 569 329 610; x_wconf 72' lang='lat' dir='ltr'>Triplicen:</span> <span class='ocrx_word' id='word_1_11' title='bbox 344 568 400 599; x_wconf 79' lang='lat' dir='ltr'>effe</span> <span class='ocrx_word' id='word_1_12' title='bbox 417 567 639 606; x_wconf 66' lang='lat' dir='ltr'>colleaionem,</span> <span class='ocrx_word' id='word_1_13' title='bbox 663 568 898 612; x_wconf 83' lang='lat' dir='ltr'>Accurfianam,</span> 
     </span>
     <span class='ocr_line' id='line_1_6' title="bbox 47 611 898 655; baseline -0.002 -10"><span class='ocrx_word' id='word_1_14' title='bbox 47 611 298 654; x_wconf 67' lang='lat' dir='ltr'>Stephanionem</span> <span class='ocrx_word' id='word_1_15' title='bbox 314 622 342 643; x_wconf 85' lang='lat' dir='ltr'>ct</span> <span class='ocrx_word' id='word_1_16' title='bbox 358 612 592 650; x_wconf 66' lang='lat' dir='ltr'>Neudetasiam,</span> <span class='ocrx_word' id='word_1_17' title='bbox 615 624 631 643; x_wconf 88' lang='lat' dir='ltr'>e</span> <span class='ocrx_word' id='word_1_18' title='bbox 646 614 753 655; x_wconf 86' lang='lat' dir='ltr'>quibus</span> <span class='ocrx_word' id='word_1_19' title='bbox 766 613 898 654; x_wconf 84' lang='lat' dir='ltr'>reliquae</span> 
     </span>
     <span class='ocr_line' id='line_1_7' title="bbox 47 656 897 699; baseline 0 -12"><span class='ocrx_word' id='word_1_20' title='bbox 47 657 215 693; x_wconf 67' lang='lat' dir='ltr'>editiones,</span> <span class='ocrx_word' id='word_1_21' title='bbox 245 657 336 687; x_wconf 88' lang='lat' dir='ltr'>modo</span> <span class='ocrx_word' id='word_1_22' title='bbox 359 658 524 692; x_wconf 72' lang='lat' dir='ltr'>auffiores,</span> <span class='ocrx_word' id='word_1_23' title='bbox 558 657 648 687; x_wconf 86' lang='lat' dir='ltr'>modo</span> <span class='ocrx_word' id='word_1_24' title='bbox 669 656 768 699; x_wconf 87' lang='lat' dir='ltr'>paullo</span> <span class='ocrx_word' id='word_1_25' title='bbox 800 668 897 687; x_wconf 87' lang='lat' dir='ltr'>emen-</span> 
     </span>
     <span class='ocr_line' id='line_1_8' title="bbox 47 699 899 742; baseline -0.001 -10"><span class='ocrx_word' id='word_1_26' title='bbox 47 701 179 732; x_wconf 74' lang='lat' dir='ltr'>dntiores</span> <span class='ocrx_word' id='word_1_27' title='bbox 202 702 370 736; x_wconf 80' lang='lat' dir='ltr'>fluxerunt,</span> <span class='ocrx_word' id='word_1_28' title='bbox 394 699 478 742; x_wconf 88' lang='lat' dir='ltr'>supra</span> <span class='ocrx_word' id='word_1_29' title='bbox 500 700 536 731; x_wconf 89' lang='lat' dir='ltr'>ad</span> <span class='ocrx_word' id='word_1_30' title='bbox 554 699 579 741; x_wconf 80' lang='lat'>§.</span> <span class='ocrx_word' id='word_1_31' title='bbox 599 704 678 732; x_wconf 84' lang='lat' dir='ltr'>vui.</span> <span class='ocrx_word' id='word_1_32' title='bbox 702 704 761 731; x_wconf 90' lang='lat' dir='ltr'>iani</span> <span class='ocrx_word' id='word_1_33' title='bbox 777 701 899 731; x_wconf 85' lang='lat' dir='ltr'>adnota-</span> 
     </span>
     <span class='ocr_line' id='line_1_9' title="bbox 47 744 898 787; baseline -0.001 -11"><span class='ocrx_word' id='word_1_34' title='bbox 47 754 111 776; x_wconf 81' lang='lat' dir='ltr'>tum</span> <span class='ocrx_word' id='word_1_35' title='bbox 127 746 176 775; x_wconf 84' lang='lat' dir='ltr'>est.</span> <span class='ocrx_word' id='word_1_36' title='bbox 223 744 380 785; x_wconf 76' lang='lat' dir='ltr'>Pleraeque</span> <span class='ocrx_word' id='word_1_37' title='bbox 402 754 498 775; x_wconf 87' lang='lat' dir='ltr'>autem</span> <span class='ocrx_word' id='word_1_38' title='bbox 522 745 685 781; x_wconf 81' lang='lat' dir='ltr'>editiones,</span> <span class='ocrx_word' id='word_1_39' title='bbox 709 756 834 787; x_wconf 87' lang='lat' dir='ltr'>quarum</span> <span class='ocrx_word' id='word_1_40' title='bbox 854 744 898 775; x_wconf 90' lang='lat' dir='ltr'>su-</span> 
     </span>
     <span class='ocr_line' id='line_1_10' title="bbox 49 787 898 830; baseline 0 -12"><span class='ocrx_word' id='word_1_41' title='bbox 49 790 219 830; x_wconf 80' lang='lat' dir='ltr'>perioribus</span> <span class='ocrx_word' id='word_1_42' title='bbox 233 791 390 830; x_wconf 80' lang='lat' dir='ltr'>praecipue</span> <span class='ocrx_word' id='word_1_43' title='bbox 407 787 525 818; x_wconf 86' lang='lat' dir='ltr'>saeculis</span> <span class='ocrx_word' id='word_1_44' title='bbox 541 790 656 819; x_wconf 78' lang='lat' dir='ltr'>infinita</span> <span class='ocrx_word' id='word_1_45' title='bbox 670 799 763 830; x_wconf 86' lang='lat' dir='ltr'>paene</span> <span class='ocrx_word' id='word_1_46' title='bbox 777 788 834 818; x_wconf 88' lang='lat' dir='ltr'>suit</span> <span class='ocrx_word' id='word_1_47' title='bbox 849 799 898 818; x_wconf 89' lang='lat' dir='ltr'>co-</span> 
     </span>
     <span class='ocr_line' id='line_1_11' title="bbox 48 831 899 874; baseline 0 -12"><span class='ocrx_word' id='word_1_48' title='bbox 48 836 117 874; x_wconf 86' lang='lat' dir='ltr'>pia,</span> <span class='ocrx_word' id='word_1_49' title='bbox 142 833 222 874; x_wconf 86' lang='lat' dir='ltr'>quod</span> <span class='ocrx_word' id='word_1_50' title='bbox 247 831 408 863; x_wconf 81' lang='lat' dir='ltr'>tralaticiae</span> <span class='ocrx_word' id='word_1_51' title='bbox 429 840 561 868; x_wconf 83' lang='lat' dir='ltr'>tantum,</span> <span class='ocrx_word' id='word_1_52' title='bbox 594 831 681 862; x_wconf 85' lang='lat' dir='ltr'>nullis</span> <span class='ocrx_word' id='word_1_53' title='bbox 703 831 899 874; x_wconf 81' lang='lat' dir='ltr'>locupletatae</span> 
     </span>
     <span class='ocr_line' id='line_1_12' title="bbox 48 874 898 916; baseline 0 -10"><span class='ocrx_word' id='word_1_54' title='bbox 48 876 274 912; x_wconf 73' lang='lat' dir='ltr'>actessionibus,</span> <span class='ocrx_word' id='word_1_55' title='bbox 297 875 362 905; x_wconf 83' lang='lat' dir='ltr'>aliis</span> <span class='ocrx_word' id='word_1_56' title='bbox 384 874 497 916; x_wconf 70' lang='lat' dir='ltr'>saepius</span> <span class='ocrx_word' id='word_1_57' title='bbox 520 875 744 906; x_wconf 63' lang='lat' dir='ltr'>collectionibus</span> <span class='ocrx_word' id='word_1_58' title='bbox 763 875 898 912; x_wconf 82' lang='lat' dir='ltr'>insertae,</span> 
     </span>
     <span class='ocr_line' id='line_1_13' title="bbox 49 920 899 960; baseline -0.001 -10"><span class='ocrx_word' id='word_1_59' title='bbox 49 929 101 950; x_wconf 75' lang='lat' dir='ltr'>aut</span> <span class='ocrx_word' id='word_1_60' title='bbox 129 921 276 950; x_wconf 83' lang='lat' dir='ltr'>interdum</span> <span class='ocrx_word' id='word_1_61' title='bbox 303 921 389 949; x_wconf 78' lang='lat' dir='ltr'>nouis</span> <span class='ocrx_word' id='word_1_62' title='bbox 418 930 577 960; x_wconf 79' lang='lat' dir='ltr'>operarum</span> <span class='ocrx_word' id='word_1_63' title='bbox 605 920 757 950; x_wconf 78' lang='lat' dir='ltr'>erroribus</span> <span class='ocrx_word' id='word_1_64' title='bbox 789 920 899 949; x_wconf 77' lang='lat' dir='ltr'>obsitae</span> 
     </span>
     <span class='ocr_line' id='line_1_14' title="bbox 50 962 899 1005; baseline -0.001 -11"><span class='ocrx_word' id='word_1_65' title='bbox 50 962 188 999; x_wconf 80' lang='lat' dir='ltr'>fuerunt,</span> <span class='ocrx_word' id='word_1_66' title='bbox 211 962 408 1005; x_wconf 84' lang='lat' dir='ltr'>pleniffiiiium</span> <span class='ocrx_word' id='word_1_67' title='bbox 431 965 566 993; x_wconf 87' lang='lat' dir='ltr'>omnium</span> <span class='ocrx_word' id='word_1_68' title='bbox 589 963 755 994; x_wconf 82' lang='lat' dir='ltr'>editionum</span> <span class='ocrx_word' id='word_1_69' title='bbox 771 963 899 993; x_wconf 86' lang='lat' dir='ltr'>indicem</span> 
     </span>
     <span class='ocr_line' id='line_1_15' title="bbox 50 1007 899 1049; baseline 0 -12"><span class='ocrx_word' id='word_1_70' title='bbox 50 1009 226 1049; x_wconf 72' lang='lat' dir='ltr'>promittere</span> <span class='ocrx_word' id='word_1_71' title='bbox 240 1014 290 1037; x_wconf 88' lang='lat' dir='ltr'>aut</span> <span class='ocrx_word' id='word_1_72' title='bbox 306 1007 377 1036; x_wconf 84' lang='lat' dir='ltr'>dare</span> <span class='ocrx_word' id='word_1_73' title='bbox 391 1017 506 1048; x_wconf 80' lang='lat' dir='ltr'>nequeo</span> <span class='ocrx_word' id='word_1_74' title='bbox 516 1029 525 1043; x_wconf 95' lang='lat'>,</span> <span class='ocrx_word' id='word_1_75' title='bbox 550 1018 601 1037; x_wconf 87' lang='lat' dir='ltr'>nec</span> <span class='ocrx_word' id='word_1_76' title='bbox 616 1010 739 1038; x_wconf 89' lang='lat' dir='ltr'>omnino</span> <span class='ocrx_word' id='word_1_77' title='bbox 753 1018 827 1048; x_wconf 87' lang='lat' dir='ltr'>opus</span> <span class='ocrx_word' id='word_1_78' title='bbox 843 1007 899 1038; x_wconf 90' lang='lat' dir='ltr'>esse</span> 
     </span>
     <span class='ocr_line' id='line_1_16' title="bbox 48 1050 899 1092; baseline 0 -11"><span class='ocrx_word' id='word_1_79' title='bbox 48 1050 162 1082; x_wconf 81' lang='lat' dir='ltr'>censeo.</span> <span class='ocrx_word' id='word_1_80' title='bbox 208 1052 263 1081; x_wconf 80' lang='lat' dir='ltr'>Hic</span> <span class='ocrx_word' id='word_1_81' title='bbox 277 1059 375 1081; x_wconf 85' lang='lat' dir='ltr'>tamen</span> <span class='ocrx_word' id='word_1_82' title='bbox 398 1050 434 1080; x_wconf 89' lang='lat' dir='ltr'>de</span> <span class='ocrx_word' id='word_1_83' title='bbox 463 1053 568 1092; x_wconf 74' lang='lat' dir='ltr'>primis</span> <span class='ocrx_word' id='word_1_84' title='bbox 595 1051 795 1088; x_wconf 82' lang='lat' dir='ltr'>editionibus,</span> <span class='ocrx_word' id='word_1_85' title='bbox 824 1061 899 1092; x_wconf 86' lang='lat' dir='ltr'>quae</span> 
     </span>
     <span class='ocr_line' id='line_1_17' title="bbox 48 1093 899 1134; baseline -0.001 -9"><span class='ocrx_word' id='word_1_86' title='bbox 48 1094 233 1134; x_wconf 80' lang='lat' dir='ltr'>diligentiam</span> <span class='ocrx_word' id='word_1_87' title='bbox 256 1095 382 1125; x_wconf 83' lang='lat' dir='ltr'>Fabricii</span> <span class='ocrx_word' id='word_1_88' title='bbox 408 1093 592 1133; x_wconf 79' lang='lat' dir='ltr'>effugerunt,</span> <span class='ocrx_word' id='word_1_89' title='bbox 628 1097 668 1125; x_wconf 82' lang='lat' dir='ltr'>est</span> <span class='ocrx_word' id='word_1_90' title='bbox 690 1094 899 1131; x_wconf 82' lang='lat' dir='ltr'>disserendum,</span> 
     </span>
     <span class='ocr_line' id='line_1_18' title="bbox 47 1138 900 1180; baseline -0.001 -11"><span class='ocrx_word' id='word_1_91' title='bbox 47 1146 138 1180; x_wconf 76' lang='lat' dir='ltr'>atque</span> <span class='ocrx_word' id='word_1_92' title='bbox 156 1138 371 1169; x_wconf 80' lang='lat' dir='ltr'>adnotandum:</span> <span class='ocrx_word' id='word_1_93' title='bbox 411 1144 434 1173; x_wconf 90' lang='lat' dir='ltr'>i)</span> <span class='ocrx_word' id='word_1_94' title='bbox 457 1140 516 1168; x_wconf 84' lang='lat' dir='ltr'>iam</span> <span class='ocrx_word' id='word_1_95' title='bbox 538 1138 589 1168; x_wconf 89' lang='lat' dir='ltr'>diu</span> <span class='ocrx_word' id='word_1_96' title='bbox 611 1138 723 1169; x_wconf 85' lang='lat' dir='ltr'>fabulas</span> <span class='ocrx_word' id='word_1_97' title='bbox 744 1138 900 1180; x_wconf 80' lang='lat' dir='ltr'>Aesopeas,</span> 
     </span>
     <span class='ocr_line' id='line_1_19' title="bbox 48 1182 898 1224; baseline 0 -12"><span class='ocrx_word' id='word_1_98' title='bbox 48 1190 117 1213; x_wconf 75' lang='lat' dir='ltr'>ante</span> <span class='ocrx_word' id='word_1_99' title='bbox 134 1193 222 1224; x_wconf 86' lang='lat' dir='ltr'>quam</span> <span class='ocrx_word' id='word_1_100' title='bbox 237 1193 356 1222; x_wconf 84' lang='lat' dir='ltr'>graecae</span> <span class='ocrx_word' id='word_1_101' title='bbox 378 1185 456 1223; x_wconf 82' lang='lat' dir='ltr'>typis</span> <span class='ocrx_word' id='word_1_102' title='bbox 476 1182 597 1212; x_wconf 81' lang='lat' dir='ltr'>excusae</span> <span class='ocrx_word' id='word_1_103' title='bbox 619 1182 754 1219; x_wconf 73' lang='lat' dir='ltr'>fuissent,</span> <span class='ocrx_word' id='word_1_104' title='bbox 779 1193 837 1224; x_wconf 89' lang='lat' dir='ltr'>ope</span> <span class='ocrx_word' id='word_1_105' title='bbox 858 1182 898 1212; x_wconf 88' lang='lat' dir='ltr'>la-</span> 
     </span>
     <span class='ocr_line' id='line_1_20' title="bbox 47 1226 897 1263; baseline -0.001 -6"><span class='ocrx_word' id='word_1_106' title='bbox 47 1229 128 1257; x_wconf 77' lang='lat' dir='ltr'>tinae</span> <span class='ocrx_word' id='word_1_107' title='bbox 141 1227 284 1257; x_wconf 81' lang='lat' dir='ltr'>vcrfionis</span> <span class='ocrx_word' id='word_1_108' title='bbox 299 1227 334 1256; x_wconf 89' lang='lat' dir='ltr'>ab</span> <span class='ocrx_word' id='word_1_109' title='bbox 350 1228 516 1262; x_wconf 83' lang='lat' dir='ltr'>anonymis,</span> <span class='ocrx_word' id='word_1_110' title='bbox 534 1235 596 1256; x_wconf 86' lang='lat' dir='ltr'>tuin</span> <span class='ocrx_word' id='word_1_111' title='bbox 610 1226 706 1263; x_wconf 85' lang='lat' dir='ltr'>Valla,</span> <span class='ocrx_word' id='word_1_112' title='bbox 723 1226 897 1257; x_wconf 88' lang='lat' dir='ltr'>Oninibono</span> 
     </span>
     <span class='ocr_line' id='line_1_21' title="bbox 48 1270 898 1312; baseline 0 -12"><span class='ocrx_word' id='word_1_113' title='bbox 48 1270 174 1312; x_wconf 79' lang='lat' dir='ltr'>aliisque</span> <span class='ocrx_word' id='word_1_114' title='bbox 196 1272 279 1301; x_wconf 82' lang='lat' dir='ltr'>varia</span> <span class='ocrx_word' id='word_1_115' title='bbox 299 1270 418 1300; x_wconf 83' lang='lat' dir='ltr'>fortuna</span> <span class='ocrx_word' id='word_1_116' title='bbox 435 1279 463 1299; x_wconf 87' lang='lat' dir='ltr'>ct</span> <span class='ocrx_word' id='word_1_117' title='bbox 479 1274 626 1306; x_wconf 74' lang='lat' dir='ltr'>oratione,</span> <span class='ocrx_word' id='word_1_118' title='bbox 647 1271 705 1300; x_wconf 77' lang='lat' dir='ltr'>flue</span> <span class='ocrx_word' id='word_1_119' title='bbox 720 1270 819 1308; x_wconf 85' lang='lat' dir='ltr'>ligata,</span> <span class='ocrx_word' id='word_1_120' title='bbox 839 1271 898 1300; x_wconf 80' lang='lat' dir='ltr'>fiue</span> 
     </span>
     <span class='ocr_line' id='line_1_22' title="bbox 10 1313 897 1355; baseline -0.001 -10"><span class='ocrx_word' id='word_1_121' title='bbox 10 1322 30 1336; x_wconf 80' lang='grc'>··</span> <span class='ocrx_word' id='word_1_122' title='bbox 49 1314 154 1351; x_wconf 84' lang='lat' dir='ltr'>soluta,</span> <span class='ocrx_word' id='word_1_123' title='bbox 171 1314 276 1350; x_wconf 61' lang='lat' dir='ltr'>fafflae,</span> <span class='ocrx_word' id='word_1_124' title='bbox 300 1317 430 1355; x_wconf 85' lang='lat' dir='ltr'>primum</span> <span class='ocrx_word' id='word_1_125' title='bbox 445 1313 534 1350; x_wconf 75' lang='lat' dir='ltr'>Italis,</span> <span class='ocrx_word' id='word_1_126' title='bbox 559 1323 622 1344; x_wconf 88' lang='lat' dir='ltr'>tum</span> <span class='ocrx_word' id='word_1_127' title='bbox 639 1317 728 1344; x_wconf 87' lang='lat' dir='ltr'>etiam</span> <span class='ocrx_word' id='word_1_128' title='bbox 741 1317 897 1345; x_wconf 81' lang='lat' dir='ltr'>Germanis</span> 
     </span>
    </p>

    <p class='ocr_par' dir='ltr' id='par_1_4' title="bbox 46 1357 897 1389">
     <span class='ocr_line' id='line_1_23' title="bbox 46 1357 897 1389; baseline -0.002 0"><span class='ocrx_word' id='word_1_129' title='bbox 46 1367 132 1389; x_wconf 70' lang='lat' dir='ltr'>notas</span> <span class='ocrx_word' id='word_1_130' title='bbox 147 1357 248 1389; x_wconf 82' lang='lat' dir='ltr'>fuiffc;</span> <span class='ocrx_word' id='word_1_131' title='bbox 273 1360 301 1388; x_wconf 90' lang='lat' dir='ltr'>in</span> <span class='ocrx_word' id='word_1_132' title='bbox 319 1358 484 1388; x_wconf 83' lang='lat' dir='ltr'>rceentione</span> <span class='ocrx_word' id='word_1_133' title='bbox 499 1358 632 1388; x_wconf 82' lang='lat' dir='ltr'>codicum</span> <span class='ocrx_word' id='word_1_134' title='bbox 647 1359 726 1389; x_wconf 87' lang='lat' dir='ltr'>MSS.</span> <span class='ocrx_word' id='word_1_135' title='bbox 743 1357 897 1388; x_wconf 80' lang='lat' dir='ltr'>nonnullas</span> 
     </span>
    </p>

    <p class='ocr_par' dir='ltr' id='par_1_5' title="bbox 46 1402 895 1444">
     <span class='ocr_line' id='line_1_24' title="bbox 46 1402 895 1444; baseline -0.002 -11"><span class='ocrx_word' id='word_1_136' title='bbox 46 1405 231 1444; x_wconf 68' lang='lat' dir='ltr'>untiquiores</span> <span class='ocrx_word' id='word_1_137' title='bbox 254 1403 313 1431; x_wconf 84' lang='lat' dir='ltr'>iam</span> <span class='ocrx_word' id='word_1_138' title='bbox 338 1412 587 1432; x_wconf 67' lang='lat' dir='ltr'>meieni-animus:</span> <span class='ocrx_word' id='word_1_139' title='bbox 626 1407 657 1437; x_wconf 93' lang='lat'>2)</span> <span class='ocrx_word' id='word_1_140' title='bbox 679 1402 799 1443; x_wconf 88' lang='lat' dir='ltr'>quando</span> <span class='ocrx_word' id='word_1_141' title='bbox 823 1404 895 1431; x_wconf 85' lang='lat' dir='ltr'>anti-</span> 
     </span>
    </p>

    <p class='ocr_par' dir='ltr' id='par_1_6' title="bbox 47 1445 895 1488">
     <span class='ocr_line' id='line_1_25' title="bbox 47 1445 895 1488; baseline -0.002 -11"><span class='ocrx_word' id='word_1_142' title='bbox 47 1447 204 1488; x_wconf 83' lang='lat' dir='ltr'>quioribus</span> <span class='ocrx_word' id='word_1_143' title='bbox 219 1445 276 1476; x_wconf 77' lang='lat' dir='ltr'>illis</span> <span class='ocrx_word' id='word_1_144' title='bbox 293 1446 476 1487; x_wconf 73' lang='lat' dir='ltr'>temporibus</span> <span class='ocrx_word' id='word_1_145' title='bbox 491 1447 645 1487; x_wconf 69' lang='lat' dir='ltr'>Aeyopme</span> <span class='ocrx_word' id='word_1_146' title='bbox 659 1454 709 1476; x_wconf 79' lang='lat' dir='ltr'>aut</span> <span class='ocrx_word' id='word_1_147' title='bbox 723 1446 835 1486; x_wconf 77' lang='lat' dir='ltr'>Aesopi</span> <span class='ocrx_word' id='word_1_148' title='bbox 851 1445 895 1475; x_wconf 87' lang='lat' dir='ltr'>di-</span> 
     </span>
    </p>

    <p class='ocr_par' dir='ltr' id='par_1_7' title="bbox 48 1489 896 1528">
     <span class='ocr_line' id='line_1_26' title="bbox 48 1489 896 1528; baseline -0.001 -8"><span class='ocrx_word' id='word_1_149' title='bbox 48 1499 155 1520; x_wconf 84' lang='lat' dir='ltr'>cuntur</span> <span class='ocrx_word' id='word_1_150' title='bbox 178 1489 312 1525; x_wconf 80' lang='lat' dir='ltr'>fabulae,</span> <span class='ocrx_word' id='word_1_151' title='bbox 337 1501 395 1519; x_wconf 88' lang='lat' dir='ltr'>non</span> <span class='ocrx_word' id='word_1_152' title='bbox 418 1500 534 1528; x_wconf 73' lang='lat' dir='ltr'>graecas</span> <span class='ocrx_word' id='word_1_153' title='bbox 558 1499 607 1519; x_wconf 78' lang='lat' dir='ltr'>aut</span> <span class='ocrx_word' id='word_1_154' title='bbox 631 1500 646 1519; x_wconf 88' lang='lat' dir='ltr'>e</span> <span class='ocrx_word' id='word_1_155' title='bbox 669 1500 773 1527; x_wconf 77' lang='lat' dir='ltr'>graeco</span> <span class='ocrx_word' id='word_1_156' title='bbox 799 1489 896 1519; x_wconf 80' lang='lat' dir='ltr'>versas</span> 
     </span>
    </p>

    <p class='ocr_par' dir='ltr' id='par_1_8' title="bbox 46 1532 895 1663">
     <span class='ocr_line' id='line_1_27' title="bbox 46 1532 895 1576; baseline -0.002 -12"><span class='ocrx_word' id='word_1_157' title='bbox 46 1533 161 1576; x_wconf 83' lang='lat' dir='ltr'>semper</span> <span class='ocrx_word' id='word_1_158' title='bbox 188 1534 243 1564; x_wconf 60' lang='lat' dir='ltr'>css&#39;x‘</span> <span class='ocrx_word' id='word_1_159' title='bbox 268 1532 481 1571; x_wconf 67' lang='lat' dir='ltr'>intelligendas.</span> <span class='ocrx_word' id='word_1_160' title='bbox 513 1535 577 1563; x_wconf 72' lang='lat' dir='ltr'>-Sic</span> <span class='ocrx_word' id='word_1_161' title='bbox 603 1534 751 1564; x_wconf 57' lang='lat' dir='ltr'>li&#39;wnulus</span> <span class='ocrx_word' id='word_1_162' title='bbox 774 1533 895 1574; x_wconf 81' lang='lat' dir='ltr'>quidam</span> 
     </span>
     <span class='ocr_line' id='line_1_28' title="bbox 48 1576 894 1618; baseline -0.001 -11"><span class='ocrx_word' id='word_1_163' title='bbox 48 1577 172 1614; x_wconf 80' lang='lat' dir='ltr'>fabulas,</span> <span class='ocrx_word' id='word_1_164' title='bbox 190 1589 206 1607; x_wconf 88' lang='lat' dir='ltr'>a</span> <span class='ocrx_word' id='word_1_165' title='bbox 223 1577 356 1608; x_wconf 74' lang='lat' dir='ltr'>Phaedro</span> <span class='ocrx_word' id='word_1_166' title='bbox 373 1577 502 1618; x_wconf 79' lang='lat' dir='ltr'>scriptas,</span> <span class='ocrx_word' id='word_1_167' title='bbox 517 1580 666 1607; x_wconf 84' lang='lat' dir='ltr'>conuertit</span> <span class='ocrx_word' id='word_1_168' title='bbox 680 1579 710 1606; x_wconf 79' lang='lat' dir='ltr'>iii</span> <span class='ocrx_word' id='word_1_169' title='bbox 730 1576 894 1606; x_wconf 87' lang='lat' dir='ltr'>sermonem</span> 
     </span>
     <span class='ocr_line' id='line_1_29' title="bbox 47 1620 894 1663; baseline -0.001 -11"><span class='ocrx_word' id='word_1_170' title='bbox 47 1621 232 1663; x_wconf 70' lang='lat' dir='ltr'>prosaiciin13</span> <span class='ocrx_word' id='word_1_171' title='bbox 255 1620 302 1651; x_wconf 88' lang='lat' dir='ltr'>sed</span> <span class='ocrx_word' id='word_1_172' title='bbox 319 1620 355 1650; x_wconf 82' lang='lat' dir='ltr'>de</span> <span class='ocrx_word' id='word_1_173' title='bbox 371 1621 426 1650; x_wconf 85' lang='lat' dir='ltr'>hoc</span> <span class='ocrx_word' id='word_1_174' title='bbox 442 1620 540 1662; x_wconf 80' lang='lat' dir='ltr'>paullo</span> <span class='ocrx_word' id='word_1_175' title='bbox 556 1623 635 1662; x_wconf 82' lang='lat' dir='ltr'>post:</span> <span class='ocrx_word' id='word_1_176' title='bbox 673 1626 700 1656; x_wconf 83' lang='lat'>3)</span> <span class='ocrx_word' id='word_1_177' title='bbox 715 1621 762 1650; x_wconf 75' lang='lat' dir='ltr'>hi&#39;c</span> <span class='ocrx_word' id='word_1_178' title='bbox 780 1621 894 1651; x_wconf 74' lang='lat' dir='ltr'>[eomu-</span> 
     </span>
    </p>

    <p class='ocr_par' dir='ltr' id='par_1_9' title="bbox 49 1663 893 1703">
     <span class='ocr_line' id='line_1_30' title="bbox 49 1663 893 1703; baseline -0.004 -7"><span class='ocrx_word' id='word_1_179' title='bbox 49 1668 97 1696; x_wconf 66' lang='lat' dir='ltr'>ffls</span> <span class='ocrx_word' id='word_1_180' title='bbox 114 1676 130 1695; x_wconf 86' lang='lat' dir='ltr'>a</span> <span class='ocrx_word' id='word_1_181' title='bbox 148 1666 277 1696; x_wconf 65' lang='lat' dir='ltr'>Remum</span> <span class='ocrx_word' id='word_1_182' title='bbox 291 1687 302 1700; x_wconf 88' lang='lat'>‚</span> <span class='ocrx_word' id='word_1_183' title='bbox 324 1664 344 1694; x_wconf 92' lang='lat' dir='ltr'>s.</span> <span class='ocrx_word' id='word_1_184' title='bbox 364 1665 494 1696; x_wconf 74' lang='lat' dir='ltr'>Rinzicio</span> <span class='ocrx_word' id='word_1_185' title='bbox 505 1688 513 1701; x_wconf 91' lang='lat'>‚</span> <span class='ocrx_word' id='word_1_186' title='bbox 538 1675 570 1694; x_wconf 76' lang='lat' dir='ltr'>vt</span> <span class='ocrx_word' id='word_1_187' title='bbox 586 1664 677 1703; x_wconf 86' lang='lat' dir='ltr'>vulgo</span> <span class='ocrx_word' id='word_1_188' title='bbox 694 1664 849 1700; x_wconf 73' lang='lat' dir='ltr'>scribitur,</span> <span class='ocrx_word' id='word_1_189' title='bbox 873 1663 893 1694; x_wconf 91' lang='lat' dir='ltr'>s.</span> 
     </span>
    </p>

    <p class='ocr_par' dir='ltr' id='par_1_10' title="bbox 48 1707 897 1749">
     <span class='ocr_line' id='line_1_31' title="bbox 48 1707 897 1749; baseline -0.002 -9"><span class='ocrx_word' id='word_1_190' title='bbox 48 1708 194 1745; x_wconf 73' lang='lat' dir='ltr'>Rinutio,</span> <span class='ocrx_word' id='word_1_191' title='bbox 232 1719 307 1739; x_wconf 84' lang='lat' dir='ltr'>nunc</span> <span class='ocrx_word' id='word_1_192' title='bbox 337 1707 487 1749; x_wconf 74' lang='lat' dir='ltr'>Aretino,</span> <span class='ocrx_word' id='word_1_193' title='bbox 521 1720 596 1738; x_wconf 84' lang='lat' dir='ltr'>nunc</span> <span class='ocrx_word' id='word_1_194' title='bbox 625 1709 766 1739; x_wconf 78' lang='lat' dir='ltr'>Tliettalo</span> <span class='ocrx_word' id='word_1_195' title='bbox 802 1708 897 1745; x_wconf 68' lang='lat' dir='ltr'>disto,</span> 
     </span>
    </p>

    <p class='ocr_par' dir='ltr' id='par_1_11' title="bbox 49 1752 894 1793">
     <span class='ocr_line' id='line_1_32' title="bbox 49 1752 894 1793; baseline 0.001 -12"><span class='ocrx_word' id='word_1_196' title='bbox 49 1757 137 1787; x_wconf 87' lang='lat' dir='ltr'>(vnus</span> <span class='ocrx_word' id='word_1_197' title='bbox 150 1755 229 1782; x_wconf 87' lang='lat' dir='ltr'>enim</span> <span class='ocrx_word' id='word_1_198' title='bbox 246 1753 384 1793; x_wconf 78' lang='lat' dir='ltr'>idemque</span> <span class='ocrx_word' id='word_1_199' title='bbox 400 1753 491 1782; x_wconf 87' lang='lat' dir='ltr'>homo</span> <span class='ocrx_word' id='word_1_200' title='bbox 507 1752 575 1789; x_wconf 88' lang='lat' dir='ltr'>fuit,</span> <span class='ocrx_word' id='word_1_201' title='bbox 598 1755 660 1782; x_wconf 83' lang='lat' dir='ltr'>eius</span> <span class='ocrx_word' id='word_1_202' title='bbox 676 1761 774 1782; x_wconf 86' lang='lat' dir='ltr'>autem</span> <span class='ocrx_word' id='word_1_203' title='bbox 789 1762 894 1782; x_wconf 85' lang='lat' dir='ltr'>verum</span> 
     </span>
    </p>

    <p class='ocr_par' dir='ltr' id='par_1_12' title="bbox 50 1795 894 1835">
     <span class='ocr_line' id='line_1_33' title="bbox 50 1795 894 1835; baseline 0.001 -10"><span class='ocrx_word' id='word_1_204' title='bbox 50 1805 158 1825; x_wconf 85' lang='lat' dir='ltr'>nomen</span> <span class='ocrx_word' id='word_1_205' title='bbox 177 1795 315 1827; x_wconf 78' lang='lat' dir='ltr'>Ranim&#39;o</span> <span class='ocrx_word' id='word_1_206' title='bbox 339 1798 369 1825; x_wconf 79' lang='lat' dir='ltr'>d’</span> <span class='ocrx_word' id='word_1_207' title='bbox 385 1795 534 1832; x_wconf 70' lang='grc' dir='ltr'>Ανεκκο,</span> <span class='ocrx_word' id='word_1_208' title='bbox 574 1796 634 1826; x_wconf 83' lang='lat' dir='ltr'>vid.</span> <span class='ocrx_word' id='word_1_209' title='bbox 657 1796 698 1835; x_wconf 87' lang='lat' dir='ltr'>gli</span> <span class='ocrx_word' id='word_1_210' title='bbox 721 1798 814 1826; x_wconf 83' lang='lat' dir='ltr'>Scritt.</span> <span class='ocrx_word' id='word_1_211' title='bbox 831 1795 894 1826; x_wconf 86' lang='lat' dir='ltr'>Ital.</span> 
     </span>
    </p>

    <p class='ocr_par' dir='ltr' id='par_1_13' title="bbox 21 1837 895 1922">
     <span class='ocr_line' id='line_1_34' title="bbox 50 1837 895 1882; baseline 0 -13"><span class='ocrx_word' id='word_1_212' title='bbox 50 1839 162 1869; x_wconf 74' lang='lat' dir='ltr'>Brcscia</span> <span class='ocrx_word' id='word_1_213' title='bbox 178 1847 253 1876; x_wconf 83' lang='lat'>¹753-</span> <span class='ocrx_word' id='word_1_214' title='bbox 269 1838 321 1869; x_wconf 88' lang='lat' dir='ltr'>fol.</span> <span class='ocrx_word' id='word_1_215' title='bbox 334 1837 395 1868; x_wconf 82' lang='lat' dir='ltr'>vol.</span> <span class='ocrx_word' id='word_1_216' title='bbox 411 1841 433 1868; x_wconf 84' lang='lat'>1.</span> <span class='ocrx_word' id='word_1_217' title='bbox 457 1848 529 1880; x_wconf 84' lang='lat' dir='ltr'>part.</span> <span class='ocrx_word' id='word_1_218' title='bbox 546 1843 582 1870; x_wconf 91' lang='lat'>11.</span> <span class='ocrx_word' id='word_1_219' title='bbox 600 1839 670 1882; x_wconf 74' lang='lat' dir='ltr'>pag.</span> <span class='ocrx_word' id='word_1_220' title='bbox 688 1847 786 1875; x_wconf 83' lang='lat'><em>1020.)</em></span> <span class='ocrx_word' id='word_1_221' title='bbox 801 1840 895 1881; x_wconf 88' lang='lat' dir='ltr'>probe</span> 
     </span>
     <span class='ocr_line' id='line_1_35' title="bbox 21 1881 895 1922; baseline 0.001 -10"><span class='ocrx_word' id='word_1_222' title='bbox 21 1907 23 1909; x_wconf 88' lang='lat'>.</span> <span class='ocrx_word' id='word_1_223' title='bbox 49 1882 269 1920; x_wconf 80' lang='lat' dir='ltr'>distinguendus</span> <span class='ocrx_word' id='word_1_224' title='bbox 291 1883 349 1917; x_wconf 80' lang='lat' dir='ltr'>est,</span> <span class='ocrx_word' id='word_1_225' title='bbox 372 1890 401 1911; x_wconf 78' lang='lat' dir='ltr'>at</span> <span class='ocrx_word' id='word_1_226' title='bbox 422 1882 458 1911; x_wconf 89' lang='lat' dir='ltr'>ab</span> <span class='ocrx_word' id='word_1_227' title='bbox 479 1881 614 1922; x_wconf 78' lang='lat' dir='ltr'>plurimis</span> <span class='ocrx_word' id='word_1_228' title='bbox 629 1886 702 1912; x_wconf 74' lang='lat' dir='ltr'>viris</span> <span class='ocrx_word' id='word_1_229' title='bbox 723 1883 895 1916; x_wconf 71' lang='lat' dir='ltr'>doffissimis</span> 
     </span>
    </p>

    <p class='ocr_par' dir='ltr' id='par_1_14' title="bbox 48 1925 894 1967">
     <span class='ocr_line' id='line_1_36' title="bbox 48 1925 894 1967; baseline 0.001 -11"><span class='ocrx_word' id='word_1_230' title='bbox 48 1926 250 1957; x_wconf 72' lang='lat' dir='ltr'>confunditur.</span> <span class='ocrx_word' id='word_1_231' title='bbox 273 1927 318 1956; x_wconf 88' lang='lat' dir='ltr'>Sic</span> <span class='ocrx_word' id='word_1_232' title='bbox 335 1925 428 1967; x_wconf 85' lang='lat' dir='ltr'>probe</span> <span class='ocrx_word' id='word_1_233' title='bbox 443 1925 616 1955; x_wconf 75' lang='lat' dir='ltr'>discernitur</span> <span class='ocrx_word' id='word_1_234' title='bbox 630 1928 660 1955; x_wconf 91' lang='lat' dir='ltr'>in</span> <span class='ocrx_word' id='word_1_235' title='bbox 675 1926 894 1966; x_wconf 80' lang='lat' dir='ltr'>Supplemento</span> 
     </span>
    </p>

    <p class='ocr_par' dir='ltr' id='par_1_15' title="bbox 46 1968 893 2010">
     <span class='ocr_line' id='line_1_37' title="bbox 46 1968 893 2010; baseline -0.001 -9"><span class='ocrx_word' id='word_1_236' title='bbox 46 1970 258 2010; x_wconf 70' lang='lat' dir='ltr'>Supplemtnti</span> <span class='ocrx_word' id='word_1_237' title='bbox 268 1970 280 1998; x_wconf 94' lang='lat'><em>(</em></span> <span class='ocrx_word' id='word_1_238' title='bbox 290 1968 491 1999; x_wconf 59' lang='lat' dir='ltr'>lii-onimium</span> <span class='ocrx_word' id='word_1_239' title='bbox 506 1968 546 1999; x_wconf 85' lang='lat' dir='ltr'>ab</span> <span class='ocrx_word' id='word_1_240' title='bbox 562 1968 625 2008; x_wconf 84' lang='lat' dir='ltr'>ipso</span> <span class='ocrx_word' id='word_1_241' title='bbox 639 1969 747 1999; x_wconf 84' lang='lat' dir='ltr'>mundi</span> <span class='ocrx_word' id='word_1_242' title='bbox 763 1969 893 2000; x_wconf 82' lang='lat' dir='ltr'>exordio</span> 
     </span>
    </p>

    <p class='ocr_par' dir='ltr' id='par_1_16' title="bbox 45 2011 893 2056">
     <span class='ocr_line' id='line_1_38' title="bbox 45 2011 893 2056; baseline -0.001 -11"><span class='ocrx_word' id='word_1_243' title='bbox 45 2023 143 2056; x_wconf 77' lang='lat' dir='ltr'>vsqur</span> <span class='ocrx_word' id='word_1_244' title='bbox 159 2013 204 2044; x_wconf 79' lang='lat' dir='ltr'>ad</span> <span class='ocrx_word' id='word_1_245' title='bbox 217 2012 416 2044; x_wconf 79' lang='lat' dir='ltr'>redemtionis</span> <span class='ocrx_word' id='word_1_246' title='bbox 431 2011 549 2054; x_wconf 81' lang='lat' dir='ltr'>nostrae</span> <span class='ocrx_word' id='word_1_247' title='bbox 564 2011 893 2044; x_wconf 72' lang='lat' dir='ltr'>annumMCcCCCX.</span> 
     </span>
    </p>

    <p class='ocr_par' dir='ltr' id='par_1_17' title="bbox 45 2055 896 2100">
     <span class='ocr_line' id='line_1_39' title="bbox 45 2055 896 2100; baseline -0.004 -10"><span class='ocrx_word' id='word_1_248' title='bbox 45 2059 161 2090; x_wconf 75' lang='lat' dir='ltr'>editum</span> <span class='ocrx_word' id='word_1_249' title='bbox 176 2062 206 2088; x_wconf 82' lang='lat' dir='ltr'>ee</span> <span class='ocrx_word' id='word_1_250' title='bbox 221 2056 372 2100; x_wconf 78' lang='lat' dir='ltr'>noiuffime</span> <span class='ocrx_word' id='word_1_251' title='bbox 385 2056 600 2095; x_wconf 77' lang='lat' dir='ltr'>recognitum.-</span> <span class='ocrx_word' id='word_1_252' title='bbox 622 2059 652 2086; x_wconf 67' lang='grc' dir='ltr'>εἰ</span> <span class='ocrx_word' id='word_1_253' title='bbox 672 2055 860 2098; x_wconf 78' lang='lat' dir='ltr'>castigatum</span> <span class='ocrx_word' id='word_1_254' title='bbox 874 2065 896 2087; x_wconf 74' lang='lat' dir='ltr'>a</span> 
     </span>
    </p>

    <p class='ocr_par' dir='ltr' id='par_1_18' title="bbox 45 2098 893 2141">
     <span class='ocr_line' id='line_1_40' title="bbox 45 2098 893 2141; baseline -0.004 -8"><span class='ocrx_word' id='word_1_255' title='bbox 45 2101 223 2133; x_wconf 78' lang='lat' dir='ltr'>venerando</span> <span class='ocrx_word' id='word_1_256' title='bbox 237 2105 331 2141; x_wconf 79' lang='lat' dir='ltr'>patre</span> <span class='ocrx_word' id='word_1_257' title='bbox 345 2098 456 2130; x_wconf 86' lang='lat' dir='ltr'>Iacobo</span> <span class='ocrx_word' id='word_1_258' title='bbox 475 2098 617 2140; x_wconf 79' lang='lat' dir='ltr'>Philippo</span> <span class='ocrx_word' id='word_1_259' title='bbox 626 2098 828 2139; x_wconf 78' lang='lat' dir='ltr'>Bergomate,</span> <span class='ocrx_word' id='word_1_260' title='bbox 845 2110 893 2130; x_wconf 89' lang='lat' dir='ltr'>or-</span> 
     </span>
    </p>

    <p class='ocr_par' dir='ltr' id='par_1_19' title="bbox 47 2142 893 2271">
     <span class='ocr_line' id='line_1_41' title="bbox 48 2142 893 2185; baseline -0.005 -8"><span class='ocrx_word' id='word_1_261' title='bbox 48 2145 132 2178; x_wconf 76' lang='lat' dir='ltr'>dinis</span> <span class='ocrx_word' id='word_1_262' title='bbox 145 2145 381 2176; x_wconf 74' lang='lat' dir='ltr'>heremitarum.</span> <span class='ocrx_word' id='word_1_263' title='bbox 401 2159 443 2165; x_wconf 91' lang='lat'><strong>—</strong></span> <span class='ocrx_word' id='word_1_264' title='bbox 462 2145 566 2172; x_wconf 84' lang='lat' dir='ltr'>Venet.</span> <span class='ocrx_word' id='word_1_265' title='bbox 583 2152 652 2178; x_wconf 81' lang='lat'><em>¹513-</em></span> <span class='ocrx_word' id='word_1_266' title='bbox 669 2142 721 2173; x_wconf 85' lang='lat' dir='ltr'>sol.</span> <span class='ocrx_word' id='word_1_267' title='bbox 736 2155 764 2185; x_wconf 89' lang='lat' dir='ltr'>p.</span> <span class='ocrx_word' id='word_1_268' title='bbox 780 2152 826 2182; x_wconf 84' lang='lat'>75.</span> <span class='ocrx_word' id='word_1_269' title='bbox 842 2143 893 2173; x_wconf 77' lang='lat' dir='ltr'>acl-</span> 
     </span>
     <span class='ocr_line' id='line_1_42' title="bbox 47 2185 892 2228; baseline -0.004 -8"><span class='ocrx_word' id='word_1_270' title='bbox 47 2189 147 2220; x_wconf 73' lang='lat' dir='ltr'>versa:</span> <span class='ocrx_word' id='word_1_271' title='bbox 170 2208 187 2222; x_wconf 79' lang='lat'><em>„</em></span> <span class='ocrx_word' id='word_1_272' title='bbox 197 2191 321 2224; x_wconf 80' lang='lat' dir='ltr'>Harum,</span> <span class='ocrx_word' id='word_1_273' title='bbox 337 2187 385 2217; x_wconf 79' lang='lat' dir='ltr'>(de</span> <span class='ocrx_word' id='word_1_274' title='bbox 399 2185 504 2227; x_wconf 78' lang='lat' dir='ltr'>Aesopi</span> <span class='ocrx_word' id='word_1_275' title='bbox 518 2185 625 2217; x_wconf 75' lang='lat' dir='ltr'>fabulis</span> <span class='ocrx_word' id='word_1_276' title='bbox 639 2185 797 2228; x_wconf 62' lang='lat' dir='ltr'>loquium)</span> <span class='ocrx_word' id='word_1_277' title='bbox 818 2198 892 2217; x_wconf 77' lang='lat' dir='ltr'>non-</span> 
     </span>
     <span class='ocr_line' id='line_1_43' title="bbox 47 2230 893 2271; baseline -0.002 -8"><span class='ocrx_word' id='word_1_278' title='bbox 47 2232 142 2264; x_wconf 74' lang='lat' dir='ltr'>nullas</span> <span class='ocrx_word' id='word_1_279' title='bbox 162 2244 228 2262; x_wconf 87' lang='lat' dir='ltr'>cum</span> <span class='ocrx_word' id='word_1_280' title='bbox 254 2231 403 2262; x_wconf 82' lang='lat' dir='ltr'>Romulus</span> <span class='ocrx_word' id='word_1_281' title='bbox 422 2230 543 2271; x_wconf 78' lang='lat' dir='ltr'>quidam</span> <span class='ocrx_word' id='word_1_282' title='bbox 564 2230 599 2260; x_wconf 82' lang='lat' dir='ltr'>ad</span> <span class='ocrx_word' id='word_1_283' title='bbox 616 2231 814 2261; x_wconf 82' lang='lat' dir='ltr'>eruditionem</span> <span class='ocrx_word' id='word_1_284' title='bbox 837 2230 893 2261; x_wconf 79' lang='lat' dir='ltr'>filii</span> 
     </span>
    </p>

    <p class='ocr_par' dir='ltr' id='par_1_20' title="bbox 46 2273 892 2312">
     <span class='ocr_line' id='line_1_44' title="bbox 46 2273 892 2312; baseline -0.005 -5"><span class='ocrx_word' id='word_1_285' title='bbox 46 2276 214 2312; x_wconf 81' lang='lat' dir='ltr'>Tyburtini</span> <span class='ocrx_word' id='word_1_286' title='bbox 228 2274 344 2306; x_wconf 78' lang='lat' dir='ltr'>versum</span> <span class='ocrx_word' id='word_1_287' title='bbox 362 2278 394 2305; x_wconf 85' lang='lat' dir='ltr'>in</span> <span class='ocrx_word' id='word_1_288' title='bbox 410 2273 532 2303; x_wconf 85' lang='lat' dir='ltr'>latinum</span> <span class='ocrx_word' id='word_1_289' title='bbox 547 2275 610 2304; x_wconf 85' lang='lat' dir='ltr'>iam</span> <span class='ocrx_word' id='word_1_290' title='bbox 626 2275 678 2305; x_wconf 77' lang='lat' dir='ltr'>diu</span> <span class='ocrx_word' id='word_1_291' title='bbox 696 2273 892 2304; x_wconf 70' lang='lat' dir='ltr'>transtulerit:</span> 
     </span>
    </p>

    <p class='ocr_par' dir='ltr' id='par_1_21' title="bbox 47 2316 891 2359">
     <span class='ocr_line' id='line_1_45' title="bbox 47 2316 891 2359; baseline -0.005 -7"><span class='ocrx_word' id='word_1_292' title='bbox 47 2322 120 2352; x_wconf 70' lang='grc' dir='ltr'>101ιί</span> <span class='ocrx_word' id='word_1_293' title='bbox 141 2330 198 2351; x_wconf 75' lang='lat' dir='ltr'>ime</span> <span class='ocrx_word' id='word_1_294' title='bbox 213 2330 260 2350; x_wconf 74' lang='lat' dir='ltr'>eas</span> <span class='ocrx_word' id='word_1_295' title='bbox 274 2330 376 2350; x_wconf 82' lang='lat' dir='ltr'>omnes</span> <span class='ocrx_word' id='word_1_296' title='bbox 391 2328 448 2348; x_wconf 62' lang='lat' dir='ltr'>vna</span> <span class='ocrx_word' id='word_1_297' title='bbox 466 2329 531 2347; x_wconf 87' lang='lat' dir='ltr'>cum</span> <span class='ocrx_word' id='word_1_298' title='bbox 545 2319 633 2359; x_wconf 56' lang='lat' dir='ltr'>ipsius</span> <span class='ocrx_word' id='word_1_299' title='bbox 646 2317 732 2359; x_wconf 76' lang='lat' dir='ltr'>Esopi</span> <span class='ocrx_word' id='word_1_300' title='bbox 746 2319 807 2347; x_wconf 80' lang='lat' dir='ltr'>vita</span> <span class='ocrx_word' id='word_1_301' title='bbox 819 2316 891 2348; x_wconf 79' lang='lat' dir='ltr'>Rai-</span> 
     </span>
    </p>

    <p class='ocr_par' dir='ltr' id='par_1_22' title="bbox 46 2360 889 2405">
     <span class='ocr_line' id='line_1_46' title="bbox 46 2360 889 2405; baseline -0.007 -9"><span class='ocrx_word' id='word_1_302' title='bbox 46 2367 152 2396; x_wconf 62' lang='grc' dir='ltr'><strong><em>..ἧκε</em></strong></span> <span class='ocrx_word' id='word_1_303' title='bbox 160 2364 291 2405; x_wconf 86' lang='lat' dir='ltr'>quidam,</span> <span class='ocrx_word' id='word_1_304' title='bbox 307 2362 440 2393; x_wconf 86' lang='lat' dir='ltr'>eruditus</span> <span class='ocrx_word' id='word_1_305' title='bbox 448 2363 504 2397; x_wconf 87' lang='lat' dir='ltr'>vir,</span> <span class='ocrx_word' id='word_1_306' title='bbox 515 2361 550 2391; x_wconf 91' lang='lat' dir='ltr'>ad</span> <span class='ocrx_word' id='word_1_307' title='bbox 560 2363 719 2391; x_wconf 79' lang='lat' dir='ltr'>Antonium</span> <span class='ocrx_word' id='word_1_308' title='bbox 737 2361 814 2391; x_wconf 86' lang='lat' dir='ltr'>tituli</span> <span class='ocrx_word' id='word_1_309' title='bbox 829 2360 889 2390; x_wconf 87' lang='lat' dir='ltr'>san-</span> 
     </span>
    </p>

    <p class='ocr_par' dir='ltr' id='par_1_23' title="bbox 46 2404 889 2446">
     <span class='ocr_line' id='line_1_47' title="bbox 46 2404 889 2446; baseline -0.006 -7"><span class='ocrx_word' id='word_1_310' title='bbox 46 2409 88 2439; x_wconf 72' lang='lat' dir='ltr'>ffl</span> <span class='ocrx_word' id='word_1_311' title='bbox 108 2408 267 2446; x_wconf 81' lang='lat' dir='ltr'>Grisogoni</span> <span class='ocrx_word' id='word_1_312' title='bbox 287 2406 462 2438; x_wconf 85' lang='lat' dir='ltr'>cardinalem</span> <span class='ocrx_word' id='word_1_313' title='bbox 486 2405 588 2435; x_wconf 79' lang='lat' dir='ltr'>latinas</span> <span class='ocrx_word' id='word_1_314' title='bbox 612 2406 818 2435; x_wconf 77' lang='lat' dir='ltr'>accuratissime</span> <span class='ocrx_word' id='word_1_315' title='bbox 847 2404 889 2434; x_wconf 87' lang='lat' dir='ltr'>fe-</span> 
     </span>
    </p>

    <p class='ocr_par' dir='ltr' id='par_1_24' title="bbox 47 2450 889 2489">
     <span class='ocr_line' id='line_1_48' title="bbox 47 2450 889 2489; baseline -0.005 -7"><span class='ocrx_word' id='word_1_316' title='bbox 47 2455 122 2483; x_wconf 57' lang='lat' dir='ltr'>titJ‘</span> <span class='ocrx_word' id='word_1_317' title='bbox 174 2453 287 2482; x_wconf 70' lang='lat' dir='ltr'>Diuersi</span> <span class='ocrx_word' id='word_1_318' title='bbox 317 2453 407 2489; x_wconf 86' lang='lat' dir='ltr'>igitur</span> <span class='ocrx_word' id='word_1_319' title='bbox 435 2457 517 2479; x_wconf 86' lang='lat' dir='ltr'>erant</span> <span class='ocrx_word' id='word_1_320' title='bbox 545 2450 689 2479; x_wconf 74' lang='lat' dir='ltr'>hominen.</span> <span class='ocrx_word' id='word_1_321' title='bbox 749 2451 889 2479; x_wconf 76' lang='lat' dir='ltr'>Distinxit</span> 
     </span>
    </p>
   </div>
   <div class='ocr_carea' id='block_1_4' title="bbox 48 2492 887 2546">
    <p class='ocr_par' dir='ltr' id='par_1_25' title="bbox 48 2492 887 2546">
     <span class='ocr_line' id='line_1_49' title="bbox 48 2492 887 2546; baseline -0.002 -20"><span class='ocrx_word' id='word_1_322' title='bbox 48 2504 166 2546; x_wconf 62' lang='lat' dir='ltr'>quoque</span> <span class='ocrx_word' id='word_1_323' title='bbox 189 2507 240 2526; x_wconf 75' lang='lat' dir='ltr'>cos</span> <span class='ocrx_word' id='word_1_324' title='bbox 261 2495 308 2528; x_wconf 83' lang='lat' dir='ltr'>Io.</span> <span class='ocrx_word' id='word_1_325' title='bbox 322 2494 415 2528; x_wconf 74' lang='lat' dir='ltr'>fred.</span> <span class='ocrx_word' id='word_1_326' title='bbox 431 2493 561 2535; x_wconf 68' lang='lat' dir='ltr'>Nutant,</span> <span class='ocrx_word' id='word_1_327' title='bbox 583 2495 615 2524; x_wconf 83' lang='lat' dir='ltr'>in</span> <span class='ocrx_word' id='word_1_328' title='bbox 632 2492 727 2523; x_wconf 86' lang='lat' dir='ltr'>libro:</span> <span class='ocrx_word' id='word_1_329' title='bbox 749 2492 887 2524; x_wconf 80' lang='lat' dir='ltr'>Fabulae</span> 
     </span>
    </p>
   </div>
   <div class='ocr_carea' id='block_1_5' title="bbox 478 153 1349 194">
    <p class='ocr_par' dir='ltr' id='par_1_26' title="bbox 478 153 1349 194">
     <span class='ocr_line' id='line_1_50' title="bbox 478 153 1349 194; baseline 0 -2"><span class='ocrx_word' id='word_1_330' title='bbox 478 153 761 193; x_wconf 65' lang='lat' dir='ltr'>EABVLARVM</span> <span class='ocrx_word' id='word_1_331' title='bbox 801 156 952 193; x_wconf 82' lang='lat' dir='ltr'><strong>AESOP.</strong></span> <span class='ocrx_word' id='word_1_332' title='bbox 985 155 1349 194; x_wconf 82' lang='lat' dir='ltr'><strong>COLLECTIONES.</strong></span> 
     </span>
    </p>
   </div>
   <div class='ocr_carea' id='block_1_6' title="bbox 1427 156 1806 203">
    <p class='ocr_par' dir='ltr' id='par_1_27' title="bbox 1427 156 1806 203">
     <span class='ocr_line' id='line_1_51' title="bbox 1427 156 1806 203; baseline 0.005 -10"><span class='ocrx_word' id='word_1_333' title='bbox 1427 157 1498 193; x_wconf 69' lang='lat' dir='ltr'>Lib.</span> <span class='ocrx_word' id='word_1_334' title='bbox 1510 156 1556 194; x_wconf 85' lang='lat' dir='ltr'>II.</span> <span class='ocrx_word' id='word_1_335' title='bbox 1575 168 1634 201; x_wconf 61' lang='lat'>129.</span> <span class='ocrx_word' id='word_1_336' title='bbox 1744 162 1806 203; x_wconf 80' lang='lat'>637</span> 
     </span>
    </p>
   </div>
   <div class='ocr_carea' id='block_1_7' title="bbox 306 250 1806 458">
    <p class='ocr_par' dir='ltr' id='par_1_28' title="bbox 306 250 1806 458">
     <span class='ocr_line' id='line_1_52' title="bbox 358 250 1806 304; baseline -0.001 -15"><span class='ocrx_word' id='word_1_337' title='bbox 358 253 401 290; x_wconf 85' lang='lat' dir='ltr'>X.</span> <span class='ocrx_word' id='word_1_338' title='bbox 427 251 538 290; x_wconf 82' lang='lat' dir='ltr'>Exstat</span> <span class='ocrx_word' id='word_1_339' title='bbox 554 263 720 303; x_wconf 84' lang='lat' dir='ltr'>praeterea</span> <span class='ocrx_word' id='word_1_340' title='bbox 735 252 858 304; x_wconf 86' lang='lat' dir='ltr'>duplex</span> <span class='ocrx_word' id='word_1_341' title='bbox 867 250 907 302; x_wconf 74' lang='lat'>17)</span> <span class='ocrx_word' id='word_1_342' title='bbox 922 252 1078 290; x_wconf 69' lang='lat' dir='ltr'>collecsti&#39;o</span> <span class='ocrx_word' id='word_1_343' title='bbox 1097 250 1243 304; x_wconf 85' lang='lat' dir='ltr'>prosaria</span> <span class='ocrx_word' id='word_1_344' title='bbox 1262 251 1453 290; x_wconf 86' lang='lat' dir='ltr'>fabularum</span> <span class='ocrx_word' id='word_1_345' title='bbox 1469 251 1686 303; x_wconf 82' lang='lat' dir='ltr'>Aesopiarum</span> <span class='ocrx_word' id='word_1_346' title='bbox 1714 267 1806 303; x_wconf 79' lang='lat' dir='ltr'>grae-</span> 
     </span>
     <span class='ocr_line' id='line_1_53' title="bbox 306 305 1802 357; baseline -0.001 -15"><span class='ocrx_word' id='word_1_347' title='bbox 306 320 362 349; x_wconf 86' lang='lat' dir='ltr'>ca,</span> <span class='ocrx_word' id='word_1_348' title='bbox 389 316 526 356; x_wconf 82' lang='lat' dir='ltr'>vtraque</span> <span class='ocrx_word' id='word_1_349' title='bbox 544 305 661 342; x_wconf 89' lang='lat' dir='ltr'>ordine</span> <span class='ocrx_word' id='word_1_350' title='bbox 676 306 885 357; x_wconf 84' lang='lat' dir='ltr'>alphabetico</span> <span class='ocrx_word' id='word_1_351' title='bbox 912 305 1054 357; x_wconf 77' lang='lat' dir='ltr'>digesta,</span> <span class='ocrx_word' id='word_1_352' title='bbox 1081 320 1224 357; x_wconf 84' lang='lat' dir='ltr'>quarum</span> <span class='ocrx_word' id='word_1_353' title='bbox 1250 307 1390 343; x_wconf 81' lang='lat' dir='ltr'>alteram</span> <span class='ocrx_word' id='word_1_354' title='bbox 1414 305 1603 343; x_wconf 77' lang='lat' dir='ltr'>fabularum</span> <span class='ocrx_word' id='word_1_355' title='bbox 1621 307 1802 342; x_wconf 72' lang='lat' dir='ltr'>CXXXVI.</span> 
     </span>
     <span class='ocr_line' id='line_1_54' title="bbox 310 358 1803 410; baseline -0.001 -16"><span class='ocrx_word' id='word_1_356' title='bbox 310 373 327 395; x_wconf 85' lang='lat' dir='ltr'>e</span> <span class='ocrx_word' id='word_1_357' title='bbox 350 358 545 395; x_wconf 82' lang='lat' dir='ltr'>bibliotheca</span> <span class='ocrx_word' id='word_1_358' title='bbox 570 358 713 395; x_wconf 78' lang='lat' dir='ltr'>Palatina</span> <span class='ocrx_word' id='word_1_359' title='bbox 734 362 862 409; x_wconf 78' lang='lat' dir='ltr'>primus</span> <span class='ocrx_word' id='word_1_360' title='bbox 881 358 982 396; x_wconf 88' lang='lat' dir='ltr'>edidit</span> <span class='ocrx_word' id='word_1_361' title='bbox 1007 370 1039 395; x_wconf 90' lang='lat' dir='ltr'>et</span> <span class='ocrx_word' id='word_1_362' title='bbox 1063 359 1163 395; x_wconf 79' lang='lat' dir='ltr'>latine</span> <span class='ocrx_word' id='word_1_363' title='bbox 1188 363 1283 395; x_wconf 88' lang='lat' dir='ltr'>vertit</span> <span class='ocrx_word' id='word_1_364' title='bbox 1305 359 1636 410; x_wconf 78' lang='lat' dir='ltr'>castigationibusque</span> <span class='ocrx_word' id='word_1_365' title='bbox 1660 373 1697 393; x_wconf 78' lang='lat' dir='ltr'>ac</span> <span class='ocrx_word' id='word_1_366' title='bbox 1718 362 1803 395; x_wconf 84' lang='lat' dir='ltr'>notis</span> 
     </span>
     <span class='ocr_line' id='line_1_55' title="bbox 646 410 1802 458; baseline -0.002 -10"><span class='ocrx_word' id='word_1_367' title='bbox 646 414 902 450; x_wconf 86' lang='lat' dir='ltr'>Monachoruin</span> <span class='ocrx_word' id='word_1_368' title='bbox 923 415 1050 448; x_wconf 84' lang='lat' dir='ltr'>mentio</span> <span class='ocrx_word' id='word_1_369' title='bbox 1067 425 1146 447; x_wconf 85' lang='lat' dir='ltr'>cuin</span> <span class='ocrx_word' id='word_1_370' title='bbox 1174 411 1273 448; x_wconf 88' lang='lat' dir='ltr'>laude</span> <span class='ocrx_word' id='word_1_371' title='bbox 1297 414 1442 449; x_wconf 85' lang='lat' dir='ltr'>occurrit</span> <span class='ocrx_word' id='word_1_372' title='bbox 1461 410 1574 448; x_wconf 83' lang='lat' dir='ltr'>fabula</span> <span class='ocrx_word' id='word_1_373' title='bbox 1590 425 1618 456; x_wconf 81' lang='lat'>3.</span> <span class='ocrx_word' id='word_1_374' title='bbox 1641 411 1721 456; x_wconf 85' lang='lat' dir='ltr'>(siue</span> <span class='ocrx_word' id='word_1_375' title='bbox 1741 423 1802 458; x_wconf 75' lang='lat'>¹52·</span> 
     </span>
    </p>
   </div>
   <div class='ocr_carea' id='block_1_8' title="bbox 1012 463 1800 514">
    <p class='ocr_par' dir='ltr' id='par_1_29' title="bbox 1012 463 1800 514">
     <span class='ocr_line' id='line_1_56' title="bbox 1012 463 1800 514; baseline -0.001 -13"><span class='ocrx_word' id='word_1_376' title='bbox 1012 464 1063 501; x_wconf 86' lang='lat' dir='ltr'>Ll</span> <span class='ocrx_word' id='word_1_377' title='bbox 1087 464 1128 502; x_wconf 88' lang='lat' dir='ltr'>ll.</span> <span class='ocrx_word' id='word_1_378' title='bbox 1153 475 1170 508; x_wconf 89' lang='lat'><em>3</em></span> <span class='ocrx_word' id='word_1_379' title='bbox 1625 463 1649 499; x_wconf 84' lang='lat' dir='ltr'>si</span> <span class='ocrx_word' id='word_1_380' title='bbox 1664 463 1800 514; x_wconf 86' lang='lat' dir='ltr'>pridem</span> 
     </span>
    </p>
   </div>
   <div class='ocr_carea' id='block_1_9' title="bbox 938 566 1805 2566">
    <p class='ocr_par' dir='ltr' id='par_1_30' title="bbox 943 566 1805 1474">
     <span class='ocr_line' id='line_1_57' title="bbox 952 566 1804 611; baseline 0 -11"><span class='ocrx_word' id='word_1_381' title='bbox 952 569 1101 610; x_wconf 78' lang='lat' dir='ltr'>antiquae</span> <span class='ocrx_word' id='word_1_382' title='bbox 1114 578 1154 600; x_wconf 83' lang='lat' dir='ltr'>ex</span> <span class='ocrx_word' id='word_1_383' title='bbox 1171 566 1316 600; x_wconf 73' lang='lat' dir='ltr'>Phaedro</span> <span class='ocrx_word' id='word_1_384' title='bbox 1324 567 1398 610; x_wconf 74' lang='lat' dir='ltr'>fhre</span> <span class='ocrx_word' id='word_1_385' title='bbox 1402 567 1545 611; x_wconf 79' lang='lat' dir='ltr'>seruatis</span> <span class='ocrx_word' id='word_1_386' title='bbox 1559 569 1624 600; x_wconf 79' lang='lat' dir='ltr'>eius</span> <span class='ocrx_word' id='word_1_387' title='bbox 1638 567 1740 600; x_wconf 78' lang='lat' dir='ltr'>verbis</span> <span class='ocrx_word' id='word_1_388' title='bbox 1753 568 1804 600; x_wconf 82' lang='lat' dir='ltr'>de-</span> 
     </span>
     <span class='ocr_line' id='line_1_58' title="bbox 943 611 1805 655; baseline 0.001 -13"><span class='ocrx_word' id='word_1_389' title='bbox 943 611 1088 655; x_wconf 81' lang='lat' dir='ltr'>sumptae</span> <span class='ocrx_word' id='word_1_390' title='bbox 1106 617 1136 643; x_wconf 84' lang='lat' dir='ltr'>et</span> <span class='ocrx_word' id='word_1_391' title='bbox 1154 611 1259 655; x_wconf 78' lang='lat' dir='ltr'>soluta</span> <span class='ocrx_word' id='word_1_392' title='bbox 1288 613 1432 644; x_wconf 77' lang='lat' dir='ltr'>oratione</span> <span class='ocrx_word' id='word_1_393' title='bbox 1453 612 1625 654; x_wconf 79' lang='lat' dir='ltr'>expofitae;</span> <span class='ocrx_word' id='word_1_394' title='bbox 1656 612 1805 644; x_wconf 79' lang='lat' dir='ltr'>accedunt</span> 
     </span>
     <span class='ocr_line' id='line_1_59' title="bbox 952 655 1804 698; baseline 0.002 -12"><span class='ocrx_word' id='word_1_395' title='bbox 952 656 1073 686; x_wconf 82' lang='lat' dir='ltr'>Romuli</span> <span class='ocrx_word' id='word_1_396' title='bbox 1087 655 1227 688; x_wconf 83' lang='lat' dir='ltr'>Fabulae</span> <span class='ocrx_word' id='word_1_397' title='bbox 1239 655 1409 698; x_wconf 56' lang='lat' dir='ltr'>Aesopiam</span> <span class='ocrx_word' id='word_1_398' title='bbox 1432 665 1536 687; x_wconf 83' lang='lat' dir='ltr'>omnes</span> <span class='ocrx_word' id='word_1_399' title='bbox 1551 666 1592 688; x_wconf 84' lang='lat' dir='ltr'>ex</span> <span class='ocrx_word' id='word_1_400' title='bbox 1607 656 1739 688; x_wconf 75' lang='lat' dir='ltr'>MSStis</span> <span class='ocrx_word' id='word_1_401' title='bbox 1755 657 1804 688; x_wconf 81' lang='lat' dir='ltr'>dc-</span> 
     </span>
     <span class='ocr_line' id='line_1_60' title="bbox 948 699 1803 741; baseline 0 -11"><span class='ocrx_word' id='word_1_402' title='bbox 948 705 1115 741; x_wconf 81' lang='lat' dir='ltr'>promptae</span> <span class='ocrx_word' id='word_1_403' title='bbox 1136 704 1165 731; x_wconf 75' lang='lat' dir='ltr'>et</span> <span class='ocrx_word' id='word_1_404' title='bbox 1187 699 1313 732; x_wconf 63' lang='lat' dir='ltr'>adicitis</span> <span class='ocrx_word' id='word_1_405' title='bbox 1333 702 1417 732; x_wconf 83' lang='lat' dir='ltr'>notis</span> <span class='ocrx_word' id='word_1_406' title='bbox 1439 700 1542 732; x_wconf 80' lang='lat' dir='ltr'>editae</span> <span class='ocrx_word' id='word_1_407' title='bbox 1561 717 1600 723; x_wconf 89' lang='lat'><em>-</em></span> <span class='ocrx_word' id='word_1_408' title='bbox 1629 699 1722 739; x_wconf 81' lang='lat' dir='ltr'>Lugd.</span> <span class='ocrx_word' id='word_1_409' title='bbox 1741 702 1803 730; x_wconf 86' lang='lat' dir='ltr'>Bat.</span> 
     </span>
     <span class='ocr_line' id='line_1_61' title="bbox 951 743 1802 786; baseline 0 -12"><span class='ocrx_word' id='word_1_410' title='bbox 951 744 1031 785; x_wconf 82' lang='lat' dir='ltr'>apud</span> <span class='ocrx_word' id='word_1_411' title='bbox 1054 743 1212 774; x_wconf 86' lang='lat' dir='ltr'>Theodor.</span> <span class='ocrx_word' id='word_1_412' title='bbox 1237 744 1331 774; x_wconf 86' lang='lat' dir='ltr'>Haak.</span> <span class='ocrx_word' id='word_1_413' title='bbox 1363 753 1448 782; x_wconf 84' lang='lat'>1709.</span> <span class='ocrx_word' id='word_1_414' title='bbox 1467 754 1514 786; x_wconf 80' lang='lat'>¹12.</span> <span class='ocrx_word' id='word_1_415' title='bbox 1567 745 1687 774; x_wconf 82' lang='lat' dir='ltr'>Tamen</span> <span class='ocrx_word' id='word_1_416' title='bbox 1706 744 1802 774; x_wconf 85' lang='lat' dir='ltr'>adhuc</span> 
     </span>
     <span class='ocr_line' id='line_1_62' title="bbox 952 786 1802 829; baseline 0 -11"><span class='ocrx_word' id='word_1_417' title='bbox 952 788 1089 826; x_wconf 84' lang='lat' dir='ltr'>ambigue</span> <span class='ocrx_word' id='word_1_418' title='bbox 1113 795 1142 817; x_wconf 89' lang='lat' dir='ltr'>et</span> <span class='ocrx_word' id='word_1_419' title='bbox 1163 786 1282 818; x_wconf 83' lang='lat' dir='ltr'>confuse</span> <span class='ocrx_word' id='word_1_420' title='bbox 1301 787 1428 829; x_wconf 85' lang='lat' dir='ltr'>disputat</span> <span class='ocrx_word' id='word_1_421' title='bbox 1448 787 1484 818; x_wconf 88' lang='lat' dir='ltr'>de</span> <span class='ocrx_word' id='word_1_422' title='bbox 1506 787 1654 824; x_wconf 84' lang='lat' dir='ltr'>Romulo,</span> <span class='ocrx_word' id='word_1_423' title='bbox 1679 796 1709 818; x_wconf 83' lang='lat' dir='ltr'>et</span> <span class='ocrx_word' id='word_1_424' title='bbox 1728 798 1802 818; x_wconf 89' lang='lat' dir='ltr'>vero</span> 
     </span>
     <span class='ocr_line' id='line_1_63' title="bbox 952 830 1802 874; baseline 0.001 -13"><span class='ocrx_word' id='word_1_425' title='bbox 952 834 982 861; x_wconf 90' lang='lat' dir='ltr'>in</span> <span class='ocrx_word' id='word_1_426' title='bbox 999 834 1076 861; x_wconf 80' lang='lat' dir='ltr'>notis</span> <span class='ocrx_word' id='word_1_427' title='bbox 1093 832 1128 861; x_wconf 84' lang='lat' dir='ltr'>ad</span> <span class='ocrx_word' id='word_1_428' title='bbox 1144 831 1264 861; x_wconf 80' lang='lat' dir='ltr'>Romuli</span> <span class='ocrx_word' id='word_1_429' title='bbox 1278 830 1391 861; x_wconf 79' lang='lat' dir='ltr'>fabulas</span> <span class='ocrx_word' id='word_1_430' title='bbox 1408 842 1436 873; x_wconf 87' lang='lat' dir='ltr'>p.</span> <span class='ocrx_word' id='word_1_431' title='bbox 1453 836 1498 868; x_wconf 79' lang='lat'>65.</span> <span class='ocrx_word' id='word_1_432' title='bbox 1520 831 1739 872; x_wconf 79' lang='lat' dir='ltr'>intelligendus</span> <span class='ocrx_word' id='word_1_433' title='bbox 1751 831 1802 874; x_wconf 67' lang='lat' dir='ltr'>est,</span> 
     </span>
     <span class='ocr_line' id='line_1_64' title="bbox 953 874 1803 918; baseline 0 -14"><span class='ocrx_word' id='word_1_434' title='bbox 953 877 1066 916; x_wconf 78' lang='lat' dir='ltr'>inquit,</span> <span class='ocrx_word' id='word_1_435' title='bbox 1092 875 1239 906; x_wconf 81' lang='lat' dir='ltr'>Romulus</span> <span class='ocrx_word' id='word_1_436' title='bbox 1251 875 1318 917; x_wconf 77' lang='lat' dir='ltr'>siue</span> <span class='ocrx_word' id='word_1_437' title='bbox 1334 875 1501 915; x_wconf 77' lang='lat' dir='ltr'>lWomyllus</span> <span class='ocrx_word' id='word_1_438' title='bbox 1521 874 1736 918; x_wconf 67' lang='lat' dir='ltr'>Augustulus,</span> <span class='ocrx_word' id='word_1_439' title='bbox 1758 876 1803 905; x_wconf 79' lang='lat' dir='ltr'>vl-</span> 
     </span>
     <span class='ocr_line' id='line_1_65' title="bbox 952 917 1803 958; baseline 0 -9"><span class='ocrx_word' id='word_1_440' title='bbox 952 921 1048 949; x_wconf 79' lang='lat' dir='ltr'>timus</span> <span class='ocrx_word' id='word_1_441' title='bbox 1068 919 1238 950; x_wconf 73' lang='lat' dir='ltr'>Occidentis</span> <span class='ocrx_word' id='word_1_442' title='bbox 1261 920 1444 958; x_wconf 83' lang='lat' dir='ltr'>imperator.</span> <span class='ocrx_word' id='word_1_443' title='bbox 1509 919 1656 950; x_wconf 79' lang='lat' dir='ltr'>Prosaicas</span> <span class='ocrx_word' id='word_1_444' title='bbox 1679 917 1803 949; x_wconf 80' lang='lat' dir='ltr'>Romuli</span> 
     </span>
     <span class='ocr_line' id='line_1_66' title="bbox 952 961 1800 1001; baseline 0.001 -10"><span class='ocrx_word' id='word_1_445' title='bbox 952 961 1064 992; x_wconf 84' lang='lat' dir='ltr'>fabulas</span> <span class='ocrx_word' id='word_1_446' title='bbox 1080 965 1108 992; x_wconf 88' lang='lat' dir='ltr'>in</span> <span class='ocrx_word' id='word_1_447' title='bbox 1125 962 1254 1000; x_wconf 81' lang='lat' dir='ltr'>linguam</span> <span class='ocrx_word' id='word_1_448' title='bbox 1271 965 1467 1001; x_wconf 86' lang='lat' dir='ltr'>germanicam</span> <span class='ocrx_word' id='word_1_449' title='bbox 1488 964 1578 993; x_wconf 82' lang='lat' dir='ltr'>vertit</span> <span class='ocrx_word' id='word_1_450' title='bbox 1591 970 1620 993; x_wconf 88' lang='lat' dir='ltr'>et</span> <span class='ocrx_word' id='word_1_451' title='bbox 1636 973 1703 993; x_wconf 90' lang='lat' dir='ltr'>cum</span> <span class='ocrx_word' id='word_1_452' title='bbox 1719 971 1800 992; x_wconf 87' lang='lat' dir='ltr'>textu</span> 
     </span>
     <span class='ocr_line' id='line_1_67' title="bbox 953 1005 1800 1048; baseline 0.002 -13"><span class='ocrx_word' id='word_1_453' title='bbox 953 1005 1045 1036; x_wconf 87' lang='lat' dir='ltr'>latino</span> <span class='ocrx_word' id='word_1_454' title='bbox 1059 1006 1169 1042; x_wconf 84' lang='lat' dir='ltr'>edidit,</span> <span class='ocrx_word' id='word_1_455' title='bbox 1193 1006 1299 1036; x_wconf 80' lang='lat' dir='ltr'>additis</span> <span class='ocrx_word' id='word_1_456' title='bbox 1315 1005 1422 1036; x_wconf 85' lang='lat' dir='ltr'>sabulis</span> <span class='ocrx_word' id='word_1_457' title='bbox 1436 1005 1541 1048; x_wconf 85' lang='lat' dir='ltr'>Aesopi</span> <span class='ocrx_word' id='word_1_458' title='bbox 1563 1017 1579 1035; x_wconf 91' lang='lat' dir='ltr'>a</span> <span class='ocrx_word' id='word_1_459' title='bbox 1593 1007 1718 1036; x_wconf 79' lang='lat' dir='ltr'>Rimitio</span> <span class='ocrx_word' id='word_1_460' title='bbox 1733 1006 1800 1042; x_wconf 84' lang='lat' dir='ltr'>(Ri-</span> 
     </span>
     <span class='ocr_line' id='line_1_68' title="bbox 951 1048 1801 1090; baseline -0.001 -10"><span class='ocrx_word' id='word_1_461' title='bbox 951 1051 1034 1081; x_wconf 75' lang='lat' dir='ltr'>mias</span> <span class='ocrx_word' id='word_1_462' title='bbox 1048 1059 1172 1080; x_wconf 73' lang='lat' dir='ltr'>vocatur</span> <span class='ocrx_word' id='word_1_463' title='bbox 1185 1061 1200 1080; x_wconf 83' lang='lat' dir='ltr'>a</span> <span class='ocrx_word' id='word_1_464' title='bbox 1218 1049 1416 1086; x_wconf 74' lang='lat' dir='ltr'>Stainli‘o&#39;wel‚</span> <span class='ocrx_word' id='word_1_465' title='bbox 1439 1058 1489 1080; x_wconf 83' lang='lat' dir='ltr'>aut</span> <span class='ocrx_word' id='word_1_466' title='bbox 1505 1060 1541 1079; x_wconf 90' lang='lat' dir='ltr'>eo</span> <span class='ocrx_word' id='word_1_467' title='bbox 1552 1072 1560 1085; x_wconf 93' lang='lat'>‚</span> <span class='ocrx_word' id='word_1_468' title='bbox 1583 1051 1634 1090; x_wconf 88' lang='lat' dir='ltr'>qui</span> <span class='ocrx_word' id='word_1_469' title='bbox 1650 1048 1730 1079; x_wconf 86' lang='lat' dir='ltr'>illam</span> <span class='ocrx_word' id='word_1_470' title='bbox 1752 1061 1801 1079; x_wconf 89' lang='lat' dir='ltr'>cu-</span> 
     </span>
     <span class='ocr_line' id='line_1_69' title="bbox 952 1092 1804 1134; baseline -0.001 -11"><span class='ocrx_word' id='word_1_471' title='bbox 952 1095 1030 1124; x_wconf 83' lang='lat' dir='ltr'>rauit</span> <span class='ocrx_word' id='word_1_472' title='bbox 1052 1094 1213 1124; x_wconf 79' lang='lat' dir='ltr'>editionem</span> <span class='ocrx_word' id='word_1_473' title='bbox 1235 1093 1425 1129; x_wconf 85' lang='lat' dir='ltr'>Vlmenscm,)</span> <span class='ocrx_word' id='word_1_474' title='bbox 1450 1092 1614 1129; x_wconf 78' lang='lat' dir='ltr'>translatis,</span> <span class='ocrx_word' id='word_1_475' title='bbox 1645 1103 1737 1134; x_wconf 79' lang='lat' dir='ltr'>quae,</span> <span class='ocrx_word' id='word_1_476' title='bbox 1769 1101 1804 1123; x_wconf 71' lang='lat' dir='ltr'>vt</span> 
     </span>
     <span class='ocr_line' id='line_1_70' title="bbox 952 1136 1802 1178; baseline 0 -11"><span class='ocrx_word' id='word_1_477' title='bbox 952 1139 983 1167; x_wconf 90' lang='lat' dir='ltr'>iii</span> <span class='ocrx_word' id='word_1_478' title='bbox 1001 1138 1058 1167; x_wconf 86' lang='lat' dir='ltr'>fine</span> <span class='ocrx_word' id='word_1_479' title='bbox 1080 1137 1206 1174; x_wconf 82' lang='lat' dir='ltr'>dicitur,</span> <span class='ocrx_word' id='word_1_480' title='bbox 1230 1147 1249 1168; x_wconf 88' lang='lat' dir='ltr'>a</span> <span class='ocrx_word' id='word_1_481' title='bbox 1269 1138 1398 1169; x_wconf 82' lang='lat' dir='ltr'>Romulo</span> <span class='ocrx_word' id='word_1_482' title='bbox 1419 1136 1532 1178; x_wconf 74' lang='lat' dir='ltr'>inficis</span> <span class='ocrx_word' id='word_1_483' title='bbox 1555 1141 1692 1178; x_wconf 75' lang='lat' dir='ltr'>quatuor</span> <span class='ocrx_word' id='word_1_484' title='bbox 1711 1136 1802 1167; x_wconf 81' lang='lat' dir='ltr'>libris</span> 
     </span>
     <span class='ocr_line' id='line_1_71' title="bbox 953 1179 1801 1219; baseline 0 -9"><span class='ocrx_word' id='word_1_485' title='bbox 953 1191 1013 1211; x_wconf 83' lang='lat' dir='ltr'>non</span> <span class='ocrx_word' id='word_1_486' title='bbox 1049 1183 1262 1219; x_wconf 76' lang='lat' dir='ltr'>continentur,</span> <span class='ocrx_word' id='word_1_487' title='bbox 1299 1181 1426 1212; x_wconf 74' lang='lat' dir='ltr'>Heiiric.</span> <span class='ocrx_word' id='word_1_488' title='bbox 1452 1180 1657 1216; x_wconf 65' lang='lat' dir='ltr'>Sicinliswel,</span> <span class='ocrx_word' id='word_1_489' title='bbox 1694 1179 1801 1210; x_wconf 85' lang='lat' dir='ltr'>Vlinae</span> 
     </span>
     <span class='ocr_line' id='line_1_72' title="bbox 952 1223 1800 1266; baseline 0 -12"><span class='ocrx_word' id='word_1_490' title='bbox 952 1224 1029 1266; x_wconf 80' lang='lat' dir='ltr'>apud</span> <span class='ocrx_word' id='word_1_491' title='bbox 1048 1227 1090 1255; x_wconf 89' lang='lat' dir='ltr'>Io.</span> <span class='ocrx_word' id='word_1_492' title='bbox 1105 1228 1211 1256; x_wconf 84' lang='lat' dir='ltr'>Zeinei·</span> <span class='ocrx_word' id='word_1_493' title='bbox 1225 1227 1302 1255; x_wconf 87' lang='lat' dir='ltr'>intra</span> <span class='ocrx_word' id='word_1_494' title='bbox 1322 1235 1368 1255; x_wconf 85' lang='lat' dir='ltr'>aii.</span> <span class='ocrx_word' id='word_1_495' title='bbox 1384 1229 1603 1263; x_wconf 79' lang='lat'>1476—1484.</span> <span class='ocrx_word' id='word_1_496' title='bbox 1629 1223 1800 1254; x_wconf 68' lang='lat' dir='ltr'>subiune‘tae</span> 
     </span>
     <span class='ocr_line' id='line_1_73' title="bbox 952 1266 1799 1308; baseline -0.002 -10"><span class='ocrx_word' id='word_1_497' title='bbox 952 1268 1015 1298; x_wconf 83' lang='lat' dir='ltr'>sunt</span> <span class='ocrx_word' id='word_1_498' title='bbox 1031 1268 1147 1299; x_wconf 84' lang='lat' dir='ltr'>fabulae</span> <span class='ocrx_word' id='word_1_499' title='bbox 1164 1271 1311 1304; x_wconf 80' lang='lat' dir='ltr'>Anonymi</span> <span class='ocrx_word' id='word_1_500' title='bbox 1328 1268 1456 1307; x_wconf 82' lang='lat' dir='ltr'>elegiaco</span> <span class='ocrx_word' id='word_1_501' title='bbox 1479 1268 1611 1298; x_wconf 82' lang='lat' dir='ltr'>sermone</span> <span class='ocrx_word' id='word_1_502' title='bbox 1633 1266 1799 1308; x_wconf 80' lang='lat' dir='ltr'>explicitae,</span> 
     </span>
     <span class='ocr_line' id='line_1_74' title="bbox 952 1312 1800 1353; baseline -0.001 -11"><span class='ocrx_word' id='word_1_503' title='bbox 952 1323 987 1342; x_wconf 88' lang='lat' dir='ltr'>ex</span> <span class='ocrx_word' id='word_1_504' title='bbox 1012 1312 1119 1342; x_wconf 81' lang='lat' dir='ltr'>fabulis</span> <span class='ocrx_word' id='word_1_505' title='bbox 1143 1313 1239 1343; x_wconf 81' lang='lat' dir='ltr'>forsan</span> <span class='ocrx_word' id='word_1_506' title='bbox 1264 1312 1384 1342; x_wconf 79' lang='lat' dir='ltr'>Romuli</span> <span class='ocrx_word' id='word_1_507' title='bbox 1407 1312 1554 1353; x_wconf 74' lang='lat' dir='ltr'>prosaicis.</span> <span class='ocrx_word' id='word_1_508' title='bbox 1601 1313 1697 1341; x_wconf 85' lang='lat' dir='ltr'>Huius</span> <span class='ocrx_word' id='word_1_509' title='bbox 1721 1321 1800 1341; x_wconf 83' lang='lat' dir='ltr'>ano-</span> 
     </span>
     <span class='ocr_line' id='line_1_75' title="bbox 951 1355 1799 1396; baseline -0.004 -10"><span class='ocrx_word' id='word_1_510' title='bbox 951 1359 1035 1396; x_wconf 79' lang='lat' dir='ltr'>nymi</span> <span class='ocrx_word' id='word_1_511' title='bbox 1061 1356 1195 1393; x_wconf 78' lang='lat' dir='ltr'>fabulae,</span> <span class='ocrx_word' id='word_1_512' title='bbox 1218 1356 1353 1394; x_wconf 72' lang='lat' dir='ltr'>elegiacis</span> <span class='ocrx_word' id='word_1_513' title='bbox 1376 1356 1505 1385; x_wconf 75' lang='lat' dir='ltr'>versibus</span> <span class='ocrx_word' id='word_1_514' title='bbox 1529 1355 1692 1396; x_wconf 72' lang='lat' dir='ltr'>expositae,</span> <span class='ocrx_word' id='word_1_515' title='bbox 1715 1365 1799 1395; x_wconf 85' lang='lat' dir='ltr'>repc-</span> 
     </span>
     <span class='ocr_line' id='line_1_76' title="bbox 951 1400 1799 1442; baseline -0.002 -13"><span class='ocrx_word' id='word_1_516' title='bbox 951 1402 1086 1436; x_wconf 63' lang='lat' dir='ltr'>fiuntur,</span> <span class='ocrx_word' id='word_1_517' title='bbox 1111 1412 1146 1430; x_wconf 87' lang='lat' dir='ltr'>ne</span> <span class='ocrx_word' id='word_1_518' title='bbox 1171 1403 1236 1442; x_wconf 83' lang='lat' dir='ltr'>quis</span> <span class='ocrx_word' id='word_1_519' title='bbox 1259 1400 1448 1442; x_wconf 77' lang='lat' dir='ltr'>inscriptione</span> <span class='ocrx_word' id='word_1_520' title='bbox 1470 1400 1644 1440; x_wconf 81' lang='lat' dir='ltr'>decipiatur,</span> <span class='ocrx_word' id='word_1_521' title='bbox 1665 1400 1695 1427; x_wconf 89' lang='lat' dir='ltr'>in</span> <span class='ocrx_word' id='word_1_522' title='bbox 1719 1407 1799 1428; x_wconf 64' lang='lat' dir='ltr'>veto-</span> 
     </span>
     <span class='ocr_line' id='line_1_77' title="bbox 950 1444 1252 1474; baseline 0.003 -1"><span class='ocrx_word' id='word_1_523' title='bbox 950 1444 1032 1474; x_wconf 79' lang='lat' dir='ltr'>ribus</span> <span class='ocrx_word' id='word_1_524' title='bbox 1055 1444 1252 1474; x_wconf 84' lang='lat' dir='ltr'>editionibus:</span> 
     </span>
    </p>

    <p class='ocr_par' dir='ltr' id='par_1_31' title="bbox 947 1485 1800 1878">
     <span class='ocr_line' id='line_1_78' title="bbox 993 1485 1800 1530; baseline -0.005 -12"><span class='ocrx_word' id='word_1_525' title='bbox 993 1487 1114 1528; x_wconf 64' lang='lat' dir='ltr'>Esopus</span> <span class='ocrx_word' id='word_1_526' title='bbox 1134 1487 1350 1530; x_wconf 63' lang='lat' dir='ltr'>morali&#39;fixlus,</span> <span class='ocrx_word' id='word_1_527' title='bbox 1379 1497 1445 1518; x_wconf 81' lang='lat' dir='ltr'>cum</span> <span class='ocrx_word' id='word_1_528' title='bbox 1471 1489 1639 1517; x_wconf 73' lang='lat' dir='ltr'>commento</span> <span class='ocrx_word' id='word_1_529' title='bbox 1671 1485 1800 1525; x_wconf 78' lang='lat' dir='ltr'>optimo,</span> 
     </span>
     <span class='ocr_line' id='line_1_79' title="bbox 950 1530 1799 1572; baseline -0.004 -11"><span class='ocrx_word' id='word_1_530' title='bbox 950 1533 1129 1562; x_wconf 85' lang='lat' dir='ltr'>Daueiiti·iae</span> <span class='ocrx_word' id='word_1_531' title='bbox 1153 1542 1237 1568; x_wconf 67' lang='lat'><strong>¹490·</strong></span> <span class='ocrx_word' id='word_1_532' title='bbox 1254 1540 1282 1561; x_wconf 89' lang='lat' dir='ltr'>et</span> <span class='ocrx_word' id='word_1_533' title='bbox 1305 1541 1383 1567; x_wconf 65' lang='lat'>¹5⁶2·</span> <span class='ocrx_word' id='word_1_534' title='bbox 1400 1537 1424 1564; x_wconf 69' lang='lat'>8.</span> <span class='ocrx_word' id='word_1_535' title='bbox 1445 1530 1522 1572; x_wconf 85' lang='lat' dir='ltr'>apud</span> <span class='ocrx_word' id='word_1_536' title='bbox 1540 1530 1744 1571; x_wconf 73' lang='lat' dir='ltr'>Leffingimn,</span> <span class='ocrx_word' id='word_1_537' title='bbox 1766 1530 1799 1558; x_wconf 87' lang='lat' dir='ltr'>in</span> 
     </span>
     <span class='ocr_line' id='line_1_80' title="bbox 949 1567 1798 1616; baseline -0.004 -12"><span class='ocrx_word' id='word_1_538' title='bbox 949 1585 1068 1613; x_wconf 70' lang='lat' dir='ltr'>egregio</span> <span class='ocrx_word' id='word_1_539' title='bbox 1092 1576 1184 1605; x_wconf 84' lang='lat' dir='ltr'>libro:</span> <span class='ocrx_word' id='word_1_540' title='bbox 1216 1576 1290 1607; x_wconf 77' lang='lat' dir='ltr'>Zur</span> <span class='ocrx_word' id='word_1_541' title='bbox 1315 1573 1488 1616; x_wconf 70' lang='lat' dir='ltr'>Gescln&#39;chte</span> <span class='ocrx_word' id='word_1_542' title='bbox 1515 1567 1581 1604; x_wconf 75' lang='lat' dir='ltr'>und</span> <span class='ocrx_word' id='word_1_543' title='bbox 1606 1572 1798 1608; x_wconf 52' lang='lat' dir='ltr'>saiwi-atur,</span> 
     </span>
     <span class='ocr_line' id='line_1_81' title="bbox 949 1614 1798 1657; baseline -0.005 -9"><span class='ocrx_word' id='word_1_544' title='bbox 949 1627 1022 1649; x_wconf 88' lang='lat' dir='ltr'>tom.</span> <span class='ocrx_word' id='word_1_545' title='bbox 1037 1622 1058 1649; x_wconf 89' lang='lat'>1.</span> <span class='ocrx_word' id='word_1_546' title='bbox 1076 1620 1139 1654; x_wconf 69' lang='lat' dir='ltr'>(vbi</span> <span class='ocrx_word' id='word_1_547' title='bbox 1156 1619 1191 1648; x_wconf 90' lang='lat' dir='ltr'>de</span> <span class='ocrx_word' id='word_1_548' title='bbox 1204 1618 1352 1654; x_wconf 81' lang='lat' dir='ltr'>Romulo,</span> <span class='ocrx_word' id='word_1_549' title='bbox 1373 1629 1389 1648; x_wconf 90' lang='lat' dir='ltr'>a</span> <span class='ocrx_word' id='word_1_550' title='bbox 1415 1619 1540 1648; x_wconf 85' lang='lat' dir='ltr'>Rimicio</span> <span class='ocrx_word' id='word_1_551' title='bbox 1561 1615 1646 1657; x_wconf 79' lang='lat' dir='ltr'>plane</span> <span class='ocrx_word' id='word_1_552' title='bbox 1666 1614 1798 1654; x_wconf 83' lang='lat' dir='ltr'>diuerso,</span> 
     </span>
     <span class='ocr_line' id='line_1_82' title="bbox 949 1657 1795 1704; baseline -0.005 -12"><span class='ocrx_word' id='word_1_553' title='bbox 949 1665 1072 1704; x_wconf 81' lang='lat' dir='ltr'>eiusque</span> <span class='ocrx_word' id='word_1_554' title='bbox 1093 1662 1218 1699; x_wconf 83' lang='lat' dir='ltr'>fabulis,</span> <span class='ocrx_word' id='word_1_555' title='bbox 1243 1662 1279 1692; x_wconf 89' lang='lat' dir='ltr'>de</span> <span class='ocrx_word' id='word_1_556' title='bbox 1302 1662 1432 1692; x_wconf 84' lang='lat' dir='ltr'>editione</span> <span class='ocrx_word' id='word_1_557' title='bbox 1453 1659 1503 1691; x_wconf 90' lang='lat' dir='ltr'>illa</span> <span class='ocrx_word' id='word_1_558' title='bbox 1525 1660 1721 1701; x_wconf 78' lang='lat' dir='ltr'>antiquissitna</span> <span class='ocrx_word' id='word_1_559' title='bbox 1743 1657 1795 1689; x_wconf 85' lang='lat' dir='ltr'>Vl-</span> 
     </span>
     <span class='ocr_line' id='line_1_83' title="bbox 949 1702 1796 1748; baseline -0.007 -11"><span class='ocrx_word' id='word_1_560' title='bbox 949 1708 1050 1743; x_wconf 84' lang='lat' dir='ltr'>mensi,</span> <span class='ocrx_word' id='word_1_561' title='bbox 1073 1709 1195 1748; x_wconf 84' lang='lat' dir='ltr'>eiusque</span> <span class='ocrx_word' id='word_1_562' title='bbox 1207 1705 1316 1748; x_wconf 87' lang='lat' dir='ltr'>triplici</span> <span class='ocrx_word' id='word_1_563' title='bbox 1332 1705 1438 1741; x_wconf 83' lang='lat' dir='ltr'>forma,</span> <span class='ocrx_word' id='word_1_564' title='bbox 1455 1705 1524 1734; x_wconf 84' lang='lat' dir='ltr'>edit.</span> <span class='ocrx_word' id='word_1_565' title='bbox 1541 1703 1656 1734; x_wconf 86' lang='lat' dir='ltr'>Nilanti</span> <span class='ocrx_word' id='word_1_566' title='bbox 1671 1702 1796 1743; x_wconf 84' lang='lat' dir='ltr'>aliisque</span> 
     </span>
     <span class='ocr_line' id='line_1_84' title="bbox 948 1746 1797 1792; baseline -0.006 -12"><span class='ocrx_word' id='word_1_567' title='bbox 948 1751 1036 1780; x_wconf 83' lang='lat' dir='ltr'>rebus</span> <span class='ocrx_word' id='word_1_568' title='bbox 1061 1751 1117 1780; x_wconf 87' lang='lat' dir='ltr'>huc</span> <span class='ocrx_word' id='word_1_569' title='bbox 1146 1750 1359 1792; x_wconf 83' lang='lat' dir='ltr'>pertinentibus</span> <span class='ocrx_word' id='word_1_570' title='bbox 1387 1749 1548 1779; x_wconf 69' lang='lat' dir='ltr'>dofflffimc</span> <span class='ocrx_word' id='word_1_571' title='bbox 1579 1755 1607 1777; x_wconf 92' lang='lat' dir='ltr'>et</span> <span class='ocrx_word' id='word_1_572' title='bbox 1633 1746 1797 1789; x_wconf 77' lang='lat' dir='ltr'>plenissime</span> 
     </span>
     <span class='ocr_line' id='line_1_85' title="bbox 948 1789 1796 1837; baseline -0.006 -13"><span class='ocrx_word' id='word_1_573' title='bbox 948 1794 1133 1837; x_wconf 80' lang='lat' dir='ltr'>disputauit.)</span> <span class='ocrx_word' id='word_1_574' title='bbox 1148 1806 1176 1837; x_wconf 86' lang='lat' dir='ltr'>p.</span> <span class='ocrx_word' id='word_1_575' title='bbox 1193 1798 1239 1828; x_wconf 78' lang='lat'>68.</span> <span class='ocrx_word' id='word_1_576' title='bbox 1285 1793 1362 1824; x_wconf 86' lang='lat' dir='ltr'>Alias</span> <span class='ocrx_word' id='word_1_577' title='bbox 1385 1793 1529 1823; x_wconf 84' lang='lat' dir='ltr'>editiones</span> <span class='ocrx_word' id='word_1_578' title='bbox 1551 1799 1621 1822; x_wconf 80' lang='lat' dir='ltr'>vett.</span> <span class='ocrx_word' id='word_1_579' title='bbox 1638 1790 1674 1820; x_wconf 90' lang='lat' dir='ltr'>ad</span> <span class='ocrx_word' id='word_1_580' title='bbox 1699 1789 1724 1831; x_wconf 84' lang='lat'>§.</span> <span class='ocrx_word' id='word_1_581' title='bbox 1743 1791 1796 1820; x_wconf 84' lang='lat' dir='ltr'>XI.</span> 
     </span>
     <span class='ocr_line' id='line_1_86' title="bbox 947 1839 1125 1878; baseline 0 -10"><span class='ocrx_word' id='word_1_582' title='bbox 947 1839 1125 1878; x_wconf 79' lang='lat' dir='ltr'>significabo.</span> 
     </span>
    </p>

    <p class='ocr_par' dir='ltr' id='par_1_32' title="bbox 938 1877 1795 2561">
     <span class='ocr_line' id='line_1_87' title="bbox 990 1877 1795 1914; baseline -0.01 0"><span class='ocrx_word' id='word_1_583' title='bbox 990 1883 1140 1914; x_wconf 78' lang='lat' dir='ltr'>Rimicius</span> <span class='ocrx_word' id='word_1_584' title='bbox 1155 1890 1252 1912; x_wconf 85' lang='lat' dir='ltr'>autem</span> <span class='ocrx_word' id='word_1_585' title='bbox 1268 1881 1326 1910; x_wconf 78' lang='lat' dir='ltr'>siue</span> <span class='ocrx_word' id='word_1_586' title='bbox 1341 1879 1505 1914; x_wconf 80' lang='lat' dir='ltr'>Rinuri&#39;us,</span> <span class='ocrx_word' id='word_1_587' title='bbox 1529 1878 1578 1913; x_wconf 85' lang='lat' dir='ltr'>(de</span> <span class='ocrx_word' id='word_1_588' title='bbox 1593 1879 1674 1908; x_wconf 88' lang='lat' dir='ltr'>cuius</span> <span class='ocrx_word' id='word_1_589' title='bbox 1697 1877 1795 1907; x_wconf 77' lang='lat' dir='ltr'>nomi-</span> 
     </span>
     <span class='ocr_line' id='line_1_88' title="bbox 947 1920 1794 1967; baseline -0.006 -12"><span class='ocrx_word' id='word_1_590' title='bbox 947 1935 984 1955; x_wconf 81' lang='lat' dir='ltr'>ne</span> <span class='ocrx_word' id='word_1_591' title='bbox 995 1949 1003 1961; x_wconf 88' lang='lat'>,</span> <span class='ocrx_word' id='word_1_592' title='bbox 1027 1928 1090 1956; x_wconf 85' lang='lat' dir='ltr'>eins</span> <span class='ocrx_word' id='word_1_593' title='bbox 1105 1927 1245 1967; x_wconf 82' lang='lat' dir='ltr'>scriptura</span> <span class='ocrx_word' id='word_1_594' title='bbox 1261 1932 1288 1954; x_wconf 81' lang='lat' dir='ltr'>et</span> <span class='ocrx_word' id='word_1_595' title='bbox 1303 1923 1527 1962; x_wconf 80' lang='lat' dir='ltr'>cognominibus</span> <span class='ocrx_word' id='word_1_596' title='bbox 1541 1922 1627 1952; x_wconf 57' lang='lat' dir='ltr'>doffte</span> <span class='ocrx_word' id='word_1_597' title='bbox 1646 1923 1705 1959; x_wconf 85' lang='lat' dir='ltr'>egit</span> <span class='ocrx_word' id='word_1_598' title='bbox 1720 1920 1794 1962; x_wconf 71' lang='lat' dir='ltr'>Qui·</span> 
     </span>
     <span class='ocr_line' id='line_1_89' title="bbox 947 1962 1792 2011; baseline -0.006 -13"><span class='ocrx_word' id='word_1_599' title='bbox 947 1970 1028 2005; x_wconf 82' lang='lat' dir='ltr'>rini,</span> <span class='ocrx_word' id='word_1_600' title='bbox 1059 1972 1114 1999; x_wconf 87' lang='lat' dir='ltr'>Vir</span> <span class='ocrx_word' id='word_1_601' title='bbox 1137 1976 1332 2011; x_wconf 82' lang='lat' dir='ltr'>purpuratus,</span> <span class='ocrx_word' id='word_1_602' title='bbox 1364 1969 1393 1997; x_wconf 89' lang='lat' dir='ltr'>in</span> <span class='ocrx_word' id='word_1_603' title='bbox 1424 1966 1558 1997; x_wconf 86' lang='lat' dir='ltr'>Diatriba</span> <span class='ocrx_word' id='word_1_604' title='bbox 1582 1964 1619 1995; x_wconf 80' lang='lat' dir='ltr'>ad</span> <span class='ocrx_word' id='word_1_605' title='bbox 1650 1962 1792 2006; x_wconf 79' lang='lat' dir='ltr'>Epistulas</span> 
     </span>
     <span class='ocr_line' id='line_1_90' title="bbox 947 2008 1793 2053; baseline -0.007 -10"><span class='ocrx_word' id='word_1_606' title='bbox 947 2012 1089 2043; x_wconf 79' lang='lat' dir='ltr'>Francisci</span> <span class='ocrx_word' id='word_1_607' title='bbox 1108 2013 1247 2048; x_wconf 83' lang='lat' dir='ltr'>Barbari,</span> <span class='ocrx_word' id='word_1_608' title='bbox 1272 2019 1345 2053; x_wconf 82' lang='lat' dir='ltr'>part.</span> <span class='ocrx_word' id='word_1_609' title='bbox 1360 2013 1381 2041; x_wconf 93' lang='lat'>1.</span> <span class='ocrx_word' id='word_1_610' title='bbox 1398 2021 1459 2051; x_wconf 84' lang='lat' dir='ltr'>cap.</span> <span class='ocrx_word' id='word_1_611' title='bbox 1475 2012 1525 2039; x_wconf 89' lang='lat' dir='ltr'>IV.</span> <span class='ocrx_word' id='word_1_612' title='bbox 1550 2008 1577 2049; x_wconf 88' lang='lat'><em>§</em></span> <span class='ocrx_word' id='word_1_613' title='bbox 1590 2018 1618 2046; x_wconf 83' lang='lat'>7.</span> <span class='ocrx_word' id='word_1_614' title='bbox 1642 2016 1671 2043; x_wconf 76' lang='lat' dir='ltr'>ct</span> <span class='ocrx_word' id='word_1_615' title='bbox 1685 2009 1714 2038; x_wconf 92' lang='lat' dir='ltr'>in</span> <span class='ocrx_word' id='word_1_616' title='bbox 1730 2009 1793 2050; x_wconf 87' lang='lat' dir='ltr'>pri-</span> 
     </span>
     <span class='ocr_line' id='line_1_91' title="bbox 947 2052 1792 2098; baseline -0.008 -11"><span class='ocrx_word' id='word_1_617' title='bbox 947 2059 1003 2086; x_wconf 83' lang='lat' dir='ltr'>mis</span> <span class='ocrx_word' id='word_1_618' title='bbox 1025 2059 1057 2086; x_wconf 88' lang='lat' dir='ltr'>in</span> <span class='ocrx_word' id='word_1_619' title='bbox 1079 2056 1204 2098; x_wconf 83' lang='lat' dir='ltr'>Epistola</span> <span class='ocrx_word' id='word_1_620' title='bbox 1225 2055 1261 2085; x_wconf 86' lang='lat' dir='ltr'>ad</span> <span class='ocrx_word' id='word_1_621' title='bbox 1281 2053 1524 2088; x_wconf 77' lang='lat' dir='ltr'>Schclhornium‚</span> <span class='ocrx_word' id='word_1_622' title='bbox 1548 2052 1700 2082; x_wconf 58' lang='lat' dir='ltr'>subiuncta</span> <span class='ocrx_word' id='word_1_623' title='bbox 1716 2061 1792 2081; x_wconf 76' lang='lat' dir='ltr'>toni.</span> 
     </span>
     <span class='ocr_line' id='line_1_92' title="bbox 945 2095 1792 2140; baseline -0.007 -10"><span class='ocrx_word' id='word_1_624' title='bbox 945 2102 997 2130; x_wconf 88' lang='lat'>111.</span> <span class='ocrx_word' id='word_1_625' title='bbox 1020 2102 1203 2138; x_wconf 77' lang='lat' dir='ltr'>Freytagiani</span> <span class='ocrx_word' id='word_1_626' title='bbox 1226 2099 1362 2140; x_wconf 69' lang='lat' dir='ltr'>Adparat.</span> <span class='ocrx_word' id='word_1_627' title='bbox 1385 2097 1520 2126; x_wconf 83' lang='lat' dir='ltr'>litterarii</span> <span class='ocrx_word' id='word_1_628' title='bbox 1543 2107 1572 2137; x_wconf 83' lang='lat' dir='ltr'>p.</span> <span class='ocrx_word' id='word_1_629' title='bbox 1587 2102 1639 2134; x_wconf 75' lang='lat'>785</span> <span class='ocrx_word' id='word_1_630' title='bbox 1656 2095 1715 2137; x_wconf 84' lang='lat' dir='ltr'>sqq.</span> <span class='ocrx_word' id='word_1_631' title='bbox 1738 2095 1792 2125; x_wconf 79' lang='lat' dir='ltr'>vbi</span> 
     </span>
     <span class='ocr_line' id='line_1_93' title="bbox 945 2138 1790 2185; baseline -0.008 -11"><span class='ocrx_word' id='word_1_632' title='bbox 945 2154 1066 2184; x_wconf 87' lang='lat' dir='ltr'>quoque</span> <span class='ocrx_word' id='word_1_633' title='bbox 1091 2144 1125 2173; x_wconf 88' lang='lat' dir='ltr'>de</span> <span class='ocrx_word' id='word_1_634' title='bbox 1145 2146 1276 2185; x_wconf 78' lang='lat' dir='ltr'>principe</span> <span class='ocrx_word' id='word_1_635' title='bbox 1300 2142 1430 2171; x_wconf 77' lang='lat' dir='ltr'>editione</span> <span class='ocrx_word' id='word_1_636' title='bbox 1450 2140 1599 2170; x_wconf 79' lang='lat' dir='ltr'>versatum</span> <span class='ocrx_word' id='word_1_637' title='bbox 1622 2138 1790 2169; x_wconf 83' lang='lat' dir='ltr'>fabularum</span> 
     </span>
     <span class='ocr_line' id='line_1_94' title="bbox 946 2182 1789 2225; baseline -0.006 -9"><span class='ocrx_word' id='word_1_638' title='bbox 946 2187 1081 2222; x_wconf 78' lang='lat' dir='ltr'>differit‚)</span> <span class='ocrx_word' id='word_1_639' title='bbox 1097 2187 1226 2222; x_wconf 79' lang='lat' dir='ltr'>fabulas,</span> <span class='ocrx_word' id='word_1_640' title='bbox 1251 2196 1324 2225; x_wconf 78' lang='lat' dir='ltr'>quae</span> <span class='ocrx_word' id='word_1_641' title='bbox 1342 2195 1375 2214; x_wconf 74' lang='lat' dir='ltr'>cx</span> <span class='ocrx_word' id='word_1_642' title='bbox 1391 2184 1484 2214; x_wconf 82' lang='lat' dir='ltr'>altero</span> <span class='ocrx_word' id='word_1_643' title='bbox 1502 2184 1600 2214; x_wconf 82' lang='lat' dir='ltr'>Babrii</span> <span class='ocrx_word' id='word_1_644' title='bbox 1622 2182 1789 2218; x_wconf 73' lang='lat' dir='ltr'>volumine,</span> 
     </span>
     <span class='ocr_line' id='line_1_95' title="bbox 945 2225 1788 2269; baseline -0.007 -9"><span class='ocrx_word' id='word_1_645' title='bbox 945 2241 980 2260; x_wconf 84' lang='lat' dir='ltr'>ex</span> <span class='ocrx_word' id='word_1_646' title='bbox 994 2239 1091 2260; x_wconf 89' lang='lat' dir='ltr'>mente</span> <span class='ocrx_word' id='word_1_647' title='bbox 1108 2231 1294 2265; x_wconf 63' lang='lat' dir='ltr'>&#39;ri-ruham,</span> <span class='ocrx_word' id='word_1_648' title='bbox 1316 2228 1446 2269; x_wconf 85' lang='lat' dir='ltr'>prosaice</span> <span class='ocrx_word' id='word_1_649' title='bbox 1465 2235 1546 2258; x_wconf 77' lang='lat' dir='ltr'>erant</span> <span class='ocrx_word' id='word_1_650' title='bbox 1562 2226 1666 2261; x_wconf 63' lang='lat' dir='ltr'>faciae,</span> <span class='ocrx_word' id='word_1_651' title='bbox 1689 2229 1719 2256; x_wconf 84' lang='lat' dir='ltr'>in</span> <span class='ocrx_word' id='word_1_652' title='bbox 1734 2225 1788 2255; x_wconf 90' lang='lat' dir='ltr'>lin-</span> 
     </span>
     <span class='ocr_line' id='line_1_96' title="bbox 944 2269 1791 2312; baseline -0.007 -8"><span class='ocrx_word' id='word_1_653' title='bbox 944 2285 1030 2312; x_wconf 82' lang='lat' dir='ltr'>guam</span> <span class='ocrx_word' id='word_1_654' title='bbox 1055 2273 1174 2303; x_wconf 81' lang='lat' dir='ltr'>latinam</span> <span class='ocrx_word' id='word_1_655' title='bbox 1195 2283 1261 2302; x_wconf 74' lang='lat' dir='ltr'>ante</span> <span class='ocrx_word' id='word_1_656' title='bbox 1287 2283 1396 2302; x_wconf 85' lang='lat' dir='ltr'>annum</span> <span class='ocrx_word' id='word_1_657' title='bbox 1419 2281 1500 2307; x_wconf 81' lang='lat'><em>1459.</em></span> <span class='ocrx_word' id='word_1_658' title='bbox 1525 2269 1686 2302; x_wconf 79' lang='lat' dir='ltr'>transtulit;</span> <span class='ocrx_word' id='word_1_659' title='bbox 1716 2276 1791 2310; x_wconf 77' lang='lat' dir='ltr'>&#39;quas</span> 
     </span>
     <span class='ocr_line' id='line_1_97' title="bbox 943 2312 1790 2358; baseline -0.006 -11"><span class='ocrx_word' id='word_1_660' title='bbox 943 2319 1042 2358; x_wconf 79' lang='lat' dir='ltr'>postea</span> <span class='ocrx_word' id='word_1_661' title='bbox 1056 2317 1219 2358; x_wconf 65' lang='lat' dir='ltr'>Accnrsfus</span> <span class='ocrx_word' id='word_1_662' title='bbox 1236 2315 1398 2346; x_wconf 81' lang='lat' dir='ltr'>Mediolani</span> <span class='ocrx_word' id='word_1_663' title='bbox 1414 2317 1490 2357; x_wconf 75' lang='lat' dir='ltr'>typis</span> <span class='ocrx_word' id='word_1_664' title='bbox 1506 2314 1669 2356; x_wconf 71' lang='lat' dir='ltr'>exscripsit:</span> <span class='ocrx_word' id='word_1_665' title='bbox 1693 2322 1722 2343; x_wconf 90' lang='lat' dir='ltr'>et</span> <span class='ocrx_word' id='word_1_666' title='bbox 1746 2312 1790 2342; x_wconf 87' lang='lat' dir='ltr'>fa-</span> 
     </span>
     <span class='ocr_line' id='line_1_98' title="bbox 944 2359 1789 2400; baseline -0.005 -10"><span class='ocrx_word' id='word_1_667' title='bbox 944 2360 1037 2395; x_wconf 74' lang='lat' dir='ltr'>bulas,</span> <span class='ocrx_word' id='word_1_668' title='bbox 1054 2371 1155 2398; x_wconf 83' lang='lat' dir='ltr'>graece</span> <span class='ocrx_word' id='word_1_669' title='bbox 1171 2359 1300 2400; x_wconf 79' lang='lat' dir='ltr'>scriptas,</span> <span class='ocrx_word' id='word_1_670' title='bbox 1320 2359 1435 2389; x_wconf 84' lang='lat' dir='ltr'>adiecit.</span> <span class='ocrx_word' id='word_1_671' title='bbox 1489 2362 1588 2396; x_wconf 86' lang='lat' dir='ltr'>Qiare</span> <span class='ocrx_word' id='word_1_672' title='bbox 1605 2359 1675 2387; x_wconf 74' lang='lat' dir='ltr'>haec</span> <span class='ocrx_word' id='word_1_673' title='bbox 1693 2359 1789 2398; x_wconf 83' lang='lat' dir='ltr'>prima</span> 
     </span>
     <span class='ocr_line' id='line_1_99' title="bbox 941 2400 1789 2442; baseline -0.006 -8"><span class='ocrx_word' id='word_1_674' title='bbox 941 2404 1076 2434; x_wconf 70' lang='lat' dir='ltr'>collefflo</span> <span class='ocrx_word' id='word_1_675' title='bbox 1098 2404 1289 2442; x_wconf 75' lang='lat' dir='ltr'>Accursi&#39;ana</span> <span class='ocrx_word' id='word_1_676' title='bbox 1309 2403 1425 2432; x_wconf 82' lang='lat' dir='ltr'>dicitur.</span> <span class='ocrx_word' id='word_1_677' title='bbox 1473 2400 1705 2433; x_wconf 81' lang='lat' dir='ltr'>Mediolanenses</span> <span class='ocrx_word' id='word_1_678' title='bbox 1727 2400 1789 2430; x_wconf 82' lang='lat' dir='ltr'>cdi-</span> 
     </span>
     <span class='ocr_line' id='line_1_100' title="bbox 940 2442 1788 2485; baseline -0.004 -8"><span class='ocrx_word' id='word_1_679' title='bbox 940 2450 1048 2483; x_wconf 79' lang='lat' dir='ltr'>tiones,</span> <span class='ocrx_word' id='word_1_680' title='bbox 1071 2457 1099 2477; x_wconf 89' lang='lat' dir='ltr'>ct</span> <span class='ocrx_word' id='word_1_681' title='bbox 1114 2442 1228 2484; x_wconf 80' lang='lat' dir='ltr'>latinas,</span> <span class='ocrx_word' id='word_1_682' title='bbox 1243 2455 1271 2476; x_wconf 85' lang='lat' dir='ltr'>et</span> <span class='ocrx_word' id='word_1_683' title='bbox 1287 2457 1430 2485; x_wconf 80' lang='lat' dir='ltr'>graecam,</span> <span class='ocrx_word' id='word_1_684' title='bbox 1454 2445 1581 2476; x_wconf 86' lang='lat' dir='ltr'>recenset</span> <span class='ocrx_word' id='word_1_685' title='bbox 1594 2445 1652 2485; x_wconf 73' lang='lat' dir='ltr'>Ios.</span> <span class='ocrx_word' id='word_1_686' title='bbox 1670 2444 1788 2475; x_wconf 64' lang='lat' dir='ltr'>tii-:ton-</span> 
     </span>
     <span class='ocr_line' id='line_1_101' title="bbox 938 2487 1789 2561; baseline -0.008 -37"><span class='ocrx_word' id='word_1_687' title='bbox 938 2491 1062 2525; x_wconf 78' lang='lat' dir='ltr'>Saxius</span> <span class='ocrx_word' id='word_1_688' title='bbox 1076 2494 1108 2522; x_wconf 83' lang='lat' dir='ltr'>in</span> <span class='ocrx_word' id='word_1_689' title='bbox 1122 2492 1253 2523; x_wconf 74' lang='lat' dir='ltr'>Historia</span> <span class='ocrx_word' id='word_1_690' title='bbox 1274 2489 1649 2532; x_wconf 63' lang='lat' dir='ltr'>lucratio-typographica</span> <span class='ocrx_word' id='word_1_691' title='bbox 1671 2487 1789 2561; x_wconf 53' lang='lat' dir='ltr'>{medio-</span> 
     </span>
    </p>

    <p class='ocr_par' dir='ltr' id='par_1_33' title="bbox 1682 2532 1789 2566">
     <span class='ocr_line' id='line_1_102' title="bbox 1682 2532 1789 2566; baseline 0 -5"><span class='ocrx_word' id='word_1_692' title='bbox 1682 2532 1789 2566; x_wconf 76' lang='lat' dir='ltr'>ariensi,</span> 
     </span>
    </p>
   </div>
  </div>
 </body>
</html>
