2183 2747
527 136 914 175 TRAGOEDIARVM
947 138 1168 174 AESCHYLt
1282 138 1355 173 Lib.
1365 139 1414 176 Is.
1431 149 1455 174 e.
1471 138 1583 176 XVI.
1691 148 1744 189 ¹85

0 231 143 284 scriptis,
170 231 382 285 scholiisque:
406 232 479 285 post
498 231 676 284 sequuntur
689 237 823 285 Septem
838 233 878 270 ad
893 235 1048 277 Thebas,
1072 237 1163 270 cuius
1180 244 1416 284 argumentum
1434 232 1556 271 mstum
1572 233 1683 274 differt
1704 239 1742 274 ab

0 286 106 329 edito,
133 298 280 337 etquae,
307 300 339 324 vt
355 287 450 328 alibi,
477 290 518 322 ita
536 301 670 337 quoque
696 291 768 331 hic,
794 298 930 324 vocatur
951 285 1148 331 Ἐτεοκλῆςε
1178 301 1280 336 porro
1307 300 1543 336 argumentum
1571 288 1740 327 Persarum

0 338 132 390 ipsaque
149 340 336 390 tragoedia,
359 354 437 376 cum
457 340 567 389 gloilis
584 341 841 376 interlinearibns
858 351 889 377 et
906 343 1108 390 argumentis
1127 343 1160 375 in
1179 343 1341 388 margine.
1393 343 1444 376 De
1468 343 1562 377 huius
1584 342 1740 379 dramatis

0 397 126 429 ratione
141 398 257 430 auctor
275 405 468 443 excerptum
488 390 628 428 [aseritis
647 395 744 430 breue
759 392 881 437 adfert,
909 393 999 443 quod
1017 396 1146 443 incipit:
1175 394 1332 432 Γλαῦκος
1351 396 1380 431 ἐν
1398 400 1468 432 τοῖς
1484 395 1558 445 περὶ
1577 393 1740 444 Αἰσχύλε·

0 443 122 496 μύθοις
138 449 172 484 ἐκ
191 448 257 485 ‘riv
275 447 452 495 φοινισσῶν
467 448 625 497 Φρυνίχε
642 448 738 494 φησί.
769 450 811 483 ita
826 460 960 496 quoquc
985 450 1019 482 in
1042 445 1116 484 cod.
1132 448 1260 482 LXXV.
1278 461 1308 496 p.
1325 459 1390 491 271.
1415 450 1468 496 qui
1494 451 1641 484 continet
1665 452 1740 485 Pro·

0 501 172 535 metheum
190 501 352 541 vinctum,
381 504 513 549 Septem
533 500 572 534 ad
590 501 725 536 Thebas
740 510 770 535 et
786 497 905 540 Persas,
929 513 1005 534 cum
1027 498 1138 548 glossis
1155 502 1236 535 inter
1252 499 1353 534 lineas
1370 497 1492 549 scriptis
1508 510 1539 536 et
1554 499 1695 548 scholiis,
1721 518 1737 537 a

0 552 138 601 vulgatis
154 551 320 588 interdum
337 551 471 588 diuersis
488 564 519 588 et
535 566 574 587 ex
588 551 656 588 aliis
669 555 919 588 commentariis
938 552 1100 588 conflatis.
1131 573 1181 579 —
1213 551 1288 588 cod.
1306 553 1437 588 Lxxn.
1461 567 1492 602 p.
1508 557 1582 599 256.
1607 556 1740 604 praebet

0 603 169 641 sententias
186 619 224 641 ex
240 603 406 652 Aeschylo
424 607 559 654 aliisque
577 619 593 640 a
610 603 744 641 Lascarc
764 605 930 641 collectas.
960 626 1010 632 ·-—
1039 604 1164 640 Ibidem
1184 617 1216 654 p.
1237 610 1299 649 276
1315 602 1358 655 sq.
1376 616 1587 641 memoratur
1607 606 1681 643 cod.
1701 621 1739 643 ex

0 656 186 695 Meudozae
205 659 398 694 bibliotheca
421 662 452 694 in
468 655 725 694 Escurialensem
743 658 927 703 translatus,
955 661 1008 707 qui
1026 659 1122 693 habet
1141 655 1262 693 scholia
1281 660 1312 694 in
1331 655 1481 704 Aeschyli
1502 660 1740 696 Prometheum

0 722 30 747 et
45 707 163 747 Persas.
217 713 436 760 Epigramma
453 713 614 760 Antipatri
632 713 663 746 in
679 725 776 758 eum,
801 709 874 746 ibid.
893 725 923 760 p.
941 723 993 756 97.
1009 708 1069 746 sol.
1097 709 1219 746 codicis
1237 711 1336 746 CXII,
1355 714 1388 747 it.
1406 725 1434 760 p.
1453 713 1518 747 162.
1544 723 1576 747 et
1589 712 1689 748 exstat
1706 716 1738 748 in

0 764 137 800 Anthol.
156 763 211 800 lib.
230 765 283 799 Ill.
300 778 371 815 cap.
391 776 434 810 25.
463 784 511 790 —
540 765 592 799 Co
611 767 681 799 'it-es
697 767 733 799 in
751 762 1041 798 liibl.Taurinens1
1059 765 1122 798 iam
1139 764 1343 813 paullojante
1360 763 1552 800 adtulimus.
1607 768 1644 801 ln
1661 766 1736 802 bibl.

0 817 180 853 Burbu-ina
208 819 335 853 Romae
359 818 639 855 cod.c(:cci.{1‚
663 815 741 853 sat-c.
763 818 849 852 MV.
873 817 968 851 habet
992 814 1143 861 Aeschyli
1171 817 1340 853 Prometh.
1363 828 1395 852 et
1410 818 1484 853 Vll.
1508 827 1622 853 contra
1646 820 1740 855 The.

0 870 53 905 bas
70 883 147 904 cum
166 867 297 906 scholiis
313 869 405 906 editis
421 882 452 905 et
467 872 586 919 partim
604 869 741 908 ineditis,
794 872 922 904 Praeter
938 882 974 904 ea
992 872 1023 904 in
1039 870 1136 904 ltalia
1153 866 1338 919 frequentes
1356 866 1430 905 sunt
1449 868 1547 906 codd.
1565 868 1738 918 Aeschyli;

0 921 71 958 vide
94 921 328 958 montfaucon.
350 923 503 959 Biblioth.
563 924 599 957 ln
623 923 701 959 Bibl.
726 921 849 958 Medic.
876 922 1063 957 Florentiissa
1090 922 1164 957 telle
1182 922 1323 958 Bandin.
1342 932 1426 958 tom.
1447 924 1483 957 H.
1499 935 1574 971 pag.
1595 936 1647 967 44.
1667 922 1740 960 sunt

0 974 152 1022 Aeschyli
175 978 403 1018 Prometheus,
425 978 558 1026 Septem
576 975 674 1012 duces
693 975 767 1011 adu.
783 975 940 1017 Thebas,
968 985 998 1010 et
1018 972 1128 1010 Persae
1144 988 1220 1010 cum
1244 977 1307 1010 vita
1325 972 1498 1020 Aeschyli,
1521 976 1560 1010 ab
1583 974 1666 1012 edita
1685 978 1741 1013 ali-

0 1039 159 1078 quantum
176 1026 398 1077 discrepante:
416 1028 551 1066 eaedem
569 1029 649 1078 plut.
662 1041 703 1071 31.
723 1027 796 1064 cod.
810 1029 830 1063 l.
850 1040 943 1076 μη.
962 1030 995 1063 it.
1012 1030 1106 1077 p.76.
1125 1026 1245 1063 ibidem
1265 1026 1531 1063 cod.XXXV111.
1545 1041 1574 1075 p.
1587 1041 1649 1074 ¹¹9-
1668 1041 1738 1066 tum

0 1095 30 1132 p.
46 1094 112 1125 ¹²⁴-
143 1103 196 1108 —
234 1084 449 1118 Prometheus
472 1094 503 1118 et
520 1084 652 1131 Septem
675 1093 790 1117 contra
808 1081 963 1121 Thebas,
986 1094 1063 1115 cum
1086 1077 1236 1122 scholiis,
1266 1080 1347 1129 plut,
1362 1092 1403 1124 31.
1421 1078 1495 1116 cod.
1512 1082 1567 1116 lli.
1588 1095 1619 1130 p.
1637 1095 1690 1128 79,
1710 1094 1741 1119 et

0 1136 82 1184 plut.
99 1146 148 1180 91.
173 1133 248 1170 cod.
264 1136 305 1171 V.
327 1146 408 1170 tom.
427 1137 481 1170 ΙΙΙ.
508 1149 582 1186 pag.
601 1148 668 1179 42¹.
705 1154 758 1161 —-
791 1135 1028 1176 Prometheus,
1055 1134 1189 1182 Septem
1211 1132 1286 1169 adu.
1301 1133 1456 1174 Thebas,
1491 1130 1622 1176 Persae,
1655 1137 1741 1184 Aga.

0 1201 182 1228 memnon,
209 1186 427 1227 Eumenides,
455 1202 532 1225 cum
551 1186 659 1231 aloffis
675 1198 706 1222 et
725 1184 854 1223 stholiis
871 1197 954 1222 tom.
976 1187 1013 1220 ll.
1033 1199 1107 1235 pag.
1124 1193 1173 1229 83.
1192 1199 1230 1220 11.
1257 1207 1307 1212 —
1334 1183 1547 1234 Tragoediae
1562 1188 1635 1222 VH.
1662 1200 1738 1224 curn

1 1237 132 1275 scholiis
163 1241 301 1288 antiquis
331 1241 505 1289 marginal.
533 1229 642 1290 έίυἱῑῖς
671 1243 753 1275 inter
775 1240 875 1276 lineas
901 1236 1024 1288 scriptis
1048 1250 1143 1287 atque
1175 1240 1400 1286 argumentis,
1429 1241 1576 1286 vitaque,
1601 1251 1683 1275 tom.
1704 1243 1740 1276 11.

1 1306 33 1341 p.
53 1303 114 1333 133.
134 1291 172 1328 Π.
200 1311 247 1317 —
274 1293 509 1337 Prometheus,
533 1295 575 1330 ib.
596 1308 624 1343 p.
648 1305 708 1338 173.
736 1312 786 1319 —
813 1289 925 1328 Persae
943 1305 1019 1327 cum
1039 1288 1187 1333 scholiis,
1214 1302 1295 1326 tom.
1314 1293 1367 1326 111.
1394 1303 1470 1340 pag.
1487 1303 1562 1336 290.
1615 1294 1742 1329 Citatur

2 1357 136 1393 quoque
151 1346 184 1378 in
200 1341 365 1393 florilegio
384 1342 633 1389 sententiarum,
660 1357 744 1381 tom.
762 1347 783 1380 1.
801 1359 833 1395 p.
851 1357 916 1391 253.
935 1356 964 1380 et
986 1346 1018 1379 in
1032 1344 1149 1380 violas.
1166 1341 1340 1391 composit.
1357 1356 1429 1392 pag.
1449 1355 1521 1388 549.
1578 1346 1615 1378 ln
1641 1345 1741 1381 colle-

1 1398 112 1433 ctione
128 1392 334 1432 diuersorum
351 1394 548 1447 scriptorum
564 1413 611 1447 gr.
628 1396 861 1434 sententiarum
877 1397 917 1433 de
933 1394 1085 1433 adscensu
1103 1397 1184 1439 Nili,
1213 1394 1288 1432 ibid.
1306 1410 1326 1444 p
1350 1403 1417 1442 583.
1437 1396 1475 1431 ll.
1491 1406 1522 1430 et
1538 1397 1611 1432 610.
1624 1399 1680 1433 VI.
1694 1418 1742 1425 —-

1 1451 38 1486 In
59 1448 138 1484 Bibl.
164 1449 291 1482 [Τηνία
317 1452 356 1484 D.
374 1451 500 1494 Marci,
535 1446 770 1493 Prometheus,
799 1452 931 1499 Septem
955 1450 1031 1486 adu.
1055 1450 1208 1494 Thebas,
1237 1447 1367 1489 Persae,
1395 1451 1651 1490 Amineninom
1683 1451 1742 1485 Fu-

1 1504 85 1548 riae,
112 1500 186 1536 cod.
203 1502 354 1537 Dcx‘vi.
372 1517 404 1553 p.
423 1509 485 1545 3ti').
502 1505 668 1552 Cat-alogi.
699 1524 745 1529 -—
776 1502 850 1540 ibid.
865 1502 939 1539 cod.
961 1503 1232 1538 CCCCIXVMI.
1251 1514 1324 1551 pag.
1342 1508 1416 1541 228.
1438 1504 1662 1545 sin-nterhcus,
1688 1504 1741 1538 Se-

0 1566 92 1605 ptem
125 1553 196 1589 adu.
223 1555 377 1596 Thebas,
416 1554 526 1592 Persae
557 1571 634 1592 cnm
666 1553 794 1591 scholiis
820 1555 969 1604 vulgatis.
1008 1576 1062 1581 -—-
1105 1553 1248 1590 Eaedem
1275 1565 1356 1601 trag.
1384 1567 1460 1588 cum
1489 1551 1636 1597 scholiis,
1665 1554 1740 1591 cod.

2 1607 222 1642 CCCCLXX.
240 1621 271 1656 p.
292 1620 367 1654 249.
398 1630 448 1635 —
476 1612 513 1644 ln
533 1610 696 1645 [susicana
711 1619 773 1643 tres
796 1619 876 1656 trag.
901 1621 978 1643 cum
1000 1605 1103 1643 schol.
1122 1621 1151 1656 p.
1168 1621 1196 1653 7.
1220 1618 1251 1642 ct
1278 1607 1353 1643 bibl.
1374 1609 1504 1653 reginae
1527 1608 1658 1642 Sueciae
1683 1610 1742 1643 Ae·

2 1657 133 1706 schylus
149 1673 225 1694 cuin
240 1661 440 1704 Scholiaste,
466 1664 500 1697 in
519 1663 734 1709 llltnrsrincou
751 1662 830 1696 llibl.
848 1661 1118 1696 bibliothecarum
1139 1661 1235 1695 MSS.
1251 1670 1331 1694 tom.
1349 1659 1371 1694 Ι.
1393 1672 1421 1696 υ4
1443 1668 1492 1698 28.
1509 1671 1555 1693 nr.
1574 1662 1647 1694 062.
1664 1659 1739 1696 ibid.

1 1726 33 1764 p.
53 1724 102 1756 34.
119 1726 168 1748 nr.
189 1715 264 1759 963.
293 1735 344 1740 --
372 1716 404 1749 in
421 1715 486 1751 bibl
517 1715 722 1761 Bononiensi,
749 1713 823 1749 ibid.
840 1728 872 1763 p.
892 1726 962 1757 434.
979 1717 1017 1748 A.
1043 1734 1093 1740 —
1119 1715 1151 1747 in
1166 1712 1242 1747 bibl.
1261 1713 1377 1747 Parim.
1392 1703 1472 1745 ibid.
1489 1725 1519 1759 p.
1535 1718 1609 1754 488.
1630 1713 1667 1748 F..
1691 1733 1741 1741 -
1782 1731 1784 1733 ·

2 1767 36 1803 in
48 1766 122 1804 bibl,
139 1766 270 1802 Mediol.
288 1764 363 1803 ibid.
382 1781 412 1816 p.
430 1779 499 1814 530.
515 1770 553 1803 C.
586 1787 632 1794 -—
661 1770 694 1802 in
711 1766 787 1802 bibl.
806 1765 949 1815 quadam
971 1779 1058 1802 rom.
1078 1763 1190 1801 Aesch.
1207 1778 1283 1800 cum
1299 1761 1427 1813 gioffis,
1457 1762 1530 1798 ibid.
1552 1777 1584 1813 p.
1600 1777 1678 1800 200.
1694 1767 1739 1802 D.

2 1829 37 1854 vt
52 1821 181 1854 mittam
198 1816 341 1855 indicem
358 1834 476 1856 eorum
493 1819 588 1855 codd.
606 1833 689 1867 quos
707 1833 745 1855 ex
770 1820 838 1855 aliis
861 1821 989 1854 vrhium
1013 1829 1240 1867 terrarumque
1267 1816 1424 1864 catalogis
1440 1815 1582 1851 laudaui.
1610 1837 1659 1844 —
1687 1819 1742 1854 Se.

5 1870 149 1906 cundum
169 1872 382 1919 llfforiijfirztcon
401 1876 432 1907 in
449 1875 562 1908 Diario
583 1873 709 1908 italico:
735 1875 768 1907 in
792 1872 867 1907 bibl.
885 1869 1036 1907 Ambros.
1054 1871 1187 1906 [ihdiml.
1207 1868 1356 1914 Aeschyli
1388 1867 1568 1917 quac-lam,
1595 1883 1670 1919 pag.
1688 1883 1738 1917 ²7·

5 1923 81 1959 coll.
97 1921 243 1959 eiusdem
262 1927 296 1959 P».
312 1925 389 1961 bibl.
405 1927 500 1961 MSS.
519 1927 540 1962 Ι.
560 1938 636 1975 μς.
657 1928 730 1970 506.
756 1945 806 1952 —-
837 1925 992 1971 Nrasfuli,
1017 1927 1048 1958 in
1074 1923 1148 1959 bibl.
1167 1924 1197 1958 S.
1220 1924 1365 1960 ioannis,
1394 1918 1574 1966 Aeschylus
1597 1932 1628 1957 et
1649 1936 1740 1958 com-

6 1979 181 2012 meutarius
196 1979 227 2011 in
242 1991 338 2018 eum,
363 1991 393 2027 p.
410 1990 470 2021 3¹1.
495 1996 543 2005 ·-
570 1979 757 2013 Florentiae
777 1979 808 2012 in
829 1978 993 2013 coenobio
1007 1978 1039 2014 S.
1056 1978 1204 2017 Mariae,
1233 1972 1422 2023 tragoediae
1437 1987 1516 2008 cum
1535 1971 1683 2017 scholiis,
1709 1986 1740 2012 et

4 2029 39 2065 in
52 2027 179 2066 duobus
196 2029 266 2065 aliis
279 2029 375 2067 codd.
392 2029 553 2080 quaedam
570 2027 722 2076 Aeschyli
740 2029 946 2079 tragoediae,
974 2044 1004 2079 p.
1020 2032 1095 2073 369.
1114 2041 1187 2072 370.
1211 2038 1243 2062 et
1267 2030 1298 2061 in
1317 2023 1552 2061 Montsaucon.
1569 2026 1739 2078 Palaeogr.

5 2092 139 2131 graeca,
165 2095 197 2131 p.
213 2095 266 2126 70.
293 2103 347 2110 —-
372 2082 562 2119 Secundum
579 2084 648 2120 lat.
670 2082 757 2120 Phil.
780 2083 982 2130 Tunmfinum
1006 2084 1037 2116 in
1060 2081 1141 2117 Bibl.
1159 2082 1291 2115 Venetis
1315 2081 1426 2121 mstis,
1453 2081 1572 2124 (Vtini,
1589 2083 1674 2125 1650.
1691 2085 1739 2127 4.)

5 2135 40 2169 in
53 2134 127 2170 bibl.
143 2135 175 2170 S.
195 2136 349 2173 Antonii,
375 2136 456 2184 plus.
474 2143 520 2177 18.
539 2132 719 2181 Aeschylus
736 2149 813 2170 cum
830 2133 972 2177 scholiis,
1001 2147 1074 2183 pag.
1091 2145 1137 2177 17.
1165 2151 1218 2160 ——·
1246 2134 1277 2166 in
1293 2132 1368 2167 bibl.
1386 2132 1415 2165 S.
1437 2132 1552 2168 Ioann.
1568 2142 1600 2168 et
1622 2133 1738 2177 Paulli,

0 2184 85 2236 plut.
101 2187 139 2221 11.
167 2189 260 2224 Duae
277 2188 484 2237 tragoediae,
511 2202 587 2238 pag.
605 2201 648 2227 21.
673 2209 724 2215 —
751 2191 784 2223 in
802 2187 876 2223 bibl.
894 2189 956 2224 lac.
975 2189 1122 2226 Bai-ocii,
1146 2182 1346 2230 Aeschylus,
1373 2196 1449 2234 pag.
1471 2191 1518 2225 81.

105 2271 262 2320 Lugduni
292 2274 411 2310 Batou.
436 2276 469 2308 in
493 2272 566 2308 bibl.
593 2272 680 2323 publ.
704 2271 781 2308 tesse
802 2271 988 2320 catalogo:
1013 2271 1230 2306 Prometheus
1254 2270 1380 2305 vinc'lus
1402 2280 1433 2304 et
1448 2270 1516 2304 VH.
1543 2267 1582 2304 ad
1605 2271 1741 2306 Thebas

10 2334 85 2359 cum
100 2325 239 2360 Scholiis
255 2327 396 2362 interlin.
417 2339 465 2362 nr.
485 2339 528 2371 5¹-
550 2340 581 2374 p.
601 2329 669 2370 336.
698 2346 749 2351 -
776 2324 909 2360 eaedem
926 2335 1009 2371 trag.
1027 2337 1103 2359 cum
1121 2320 1218 2357 Persis
1242 2335 1320 2356 cum
1347 2318 1475 2357 scholiis
1499 2332 1530 2357 et
1552 2324 1740 2372 interpreta-

11 2375 161 2418 tionibus,
187 2391 236 2413 nr.
253 2390 301 2421 23.
322 2392 351 2428 p.
369 2390 441 2425 392·
471 2399 519 2405 —
548 2377 690 2414 Eaedem
706 2389 769 2412 tres
783 2388 864 2425 trag.
882 2377 940 2419 bis,
957 2390 1006 2411 nr.
1022 2389 1053 2420 4.
1071 2386 1103 2418 et
1116 2378 1146 2410 6.
1162 2389 1192 2423 p.
1209 2385 1278 2420 395.
1307 2395 1359 2400 —
1386 2373 1462 2410 ibid.
1477 2388 1509 2425 p.
1526 2387 1591 2420 332.
1609 2383 1742 2417 111·.180.

24 2438 80 2464 unt
92 2429 210 2465 Franc.
223 2431 325 2466 Porti*
341 2442 524 2467 comment.
541 2443 630 2467 msst.
652 2433 683 2465 in
704 2427 857 2476 Aeschyli
879 2440 960 2478 trag.
978 2442 1028 2464 nr.
1045 2435 1115 2470 180.
1135 2440 1212 2477 pag.
1229 2438 1295 2470 332.

51 2517 118 2551 Vol.
129 2519 176 2552 II.
954 2515 980 2548 A
991 2527 1007 2547 a
1706 2513 1743 2549 ln

2165 329 2183 2747 mmmm„wfflm-mA—Q
2182 287 2183 308 u
2182 262 2183 267 .
