2071 2747
587 120 840 158 EPISTOLAE
876 122 1098 159 ISOCRATI
1132 125 1370 164 TRIBVTAE
1423 129 1494 164 Lib.
1509 129 1556 163 II.
1572 128 1758 165 affirm,
1811 140 1867 174 79¹

224 214 292 263 [De
307 213 445 264 epistolis·
465 229 570 266 pauca
594 213 669 254 funt
690 227 802 254 notata
826 215 940 268 supra,
966 219 1033 255 vos.
1051 220 1074 256 ῐ.
1098 218 1153 255 lib.
1170 221 1207 255 Π.
1231 235 1300 271 cap.
1317 237 1365 260 ro.
1384 237 1414 274 p.
1434 227 1506 270 678.
1560 226 1636 259 Huc
1654 221 1793 259 reseram
1813 237 1857 259 ea,

113 282 199 320 quae
221 271 264 304 ibi
288 267 474 305 omittenda
491 269 672 313 duxeram,
701 269 742 306 de
765 270 980 314 editionibus,
1004 281 1054 315 et,
1089 285 1172 322 quae
1193 273 1341 310 addenda
1364 276 1442 319 sint,
1467 281 1610 312 intexam
1635 277 1858 326 adiiciatnquc.

111 319 232 358 conset·
245 324 345 358 etiam
363 322 517 357 Schiraclz.
537 320 617 371 disp.
637 325 658 358 Ι.
687 336 717 371 p.
736 335 771 369 ¹9
788 321 832 372 sq.
886 324 1066 372 Epistulam
1091 339 1219 362 nonam
1244 329 1429 364 nullan—nm
1453 328 1514 365 ril'e
1541 327 1703 369 isocratis,
1732 330 1856 364 arbitia-

110 384 165 410 tur
177 377 348 422 Auget-ins
363 376 397 409 in
410 372 546 422 praefat.
566 373 606 410 ad
627 373 802 412 Isocratem
826 378 933 425 p.1v.
951 388 1049 427 atque
1071 377 1167 413 abbas
1190 379 1228 414 de
1241 379 1347 415 Γαῖ’-ι’
1367 385 1400 416 in
1421 384 1668 418 commentariis
1694 385 1801 430 regiae
1818 384 1863 415 in-

110 424 330 477 scriptionum
348 425 538 463 academiae
552 427 735 471 contendit,
761 442 836 463 eam
851 426 915 464 effe
928 430 1180 479 Theophylae‘li
1194 432 1378 474 cuiusdam,
1400 436 1568 474 monachi,
1596 437 1650 483 qui
1668 431 1789 482 scripsit
1806 431 1860 468 sub

108 482 271 517 Mauritio
287 482 506 528 imperatore:
527 493 628 530 quam
646 478 839 516 sententiam
857 484 1019 530 Augcrius
1036 496 1076 518 eo
1092 491 1289 532 argumento
1311 485 1441 528 firmat,
1473 486 1561 536 quod
1579 488 1671 522 illam
1688 486 1861 535 epistolam

109 530 223 583 reapse
245 535 370 568 inuenit
388 534 472 567 inter
495 532 573 568 alias
599 533 709 581 plures
732 533 819 569 illius
844 534 994 583 epistolas
1016 531 1072 570 sub
1094 538 1234 573 nomine
1258 538 1416 574 fictorum
1441 540 1619 575 hominum
1642 538 1682 574 ad
1706 541 1859 574 homines

105 585 217 623 fidos.
272 583 479 634 Qibusdarn
496 583 692 621 edition'ibus
709 584 917 634 singularum
932 590 1143 631 orationum,
1171 602 1200 626 e.
1218 602 1252 639 g.
1267 590 1308 626 ad
1328 592 1575 632 Demonicum‚
1602 591 1779 627 adhaerent
1793 593 1861 640 epi-

106 637 220 675 stolae.
274 638 497 684 Hieronymus
510 638 566 675 IV
561 638 656 680 olfius
670 640 703 673 in
721 635 777 673 sua
793 635 942 675 Isocratis
957 638 1107 676 editione·
1117 650 1149 676 et
1167 643 1267 678 aliam
1282 644 1546 692 translationem,
1560 659 1577 679 a
1596 642 1626 679 se
1643 644 1858 686 elaboratam,

106 701 140 727 et
164 703 293 726 nonam
317 687 466 725 Isocratis
491 688 665 738 epistolam
691 689 732 726 ad
757 691 961 738 Dionysium
986 695 1171 736 iuniorem,
1196 695 1324 731 Siciliae
1347 707 1549 742 tyrannum,
1579 695 1742 736 adiunxit,
1768 708 1797 730 et
1814 695 1858 731 le-

105 753 233 793 guntur
250 741 291 778 ad
307 740 434 778 calcem
450 742 703 791 Plirasieologiae
716 743 896 791 Isocraeac
914 745 1011 780 Mich.
1029 745 1187 781 Nemzdri.
1214 747 1307 783 Bafil.
1335 758 1414 794 1558.
1432 758 1461 791 8.
1489 771 1541 776 —
1573 749 1723 797 [χλιι-ατὰ
1740 747 1856 797 episto-

104 796 158 833 lae
172 796 319 845 aliquot,
346 807 473 844 graece.
498 792 593 830 Paris.
617 795 704 845 apud
722 796 874 832 wechel.
899 809 984 844 1550.
1005 811 1036 844 4.
1063 800 1112 845 (in
1136 799 1250 835 Pinelli
1273 801 1447 849 catalogo,
1473 808 1557 839 τοίη.
1576 803 1614 838 Π.
1642 815 1675 851 p.
1692 804 1778 847 176.)
1805 820 1855 828 —

105 847 182 885 ibid.
198 860 279 894 1557.
302 861 334 893 4.
358 850 510 893 (notante
534 847 710 895 Fabricio)
731 862 867 897 graece,
897 863 961 884 vna
983 863 1061 885 cum
1086 851 1229 900 epistolis
1253 853 1512 898 Demosthenis,
1536 851 1721 895 Aeschinis,
1749 853 1854 889 Plato-

103 904 153 938 nis
175 911 207 936 et
230 902 332 936 Bruti.
356 921 408 926 —
436 901 561 936 Graece
583 910 613 936 et
628 899 681 936 lat.
698 915 756 950 per
774 903 940 937 Renatum
957 903 1179 939 Guillonium.
1208 903 1304 942 Paris.
1333 919 1413 953 1554.
1439 920 1470 952 4.
1494 927 1546 934 -—
1571 905 1737 955 Epistolae
1760 919 1857 955 quae-

103 953 202 997 dam,
228 966 279 1003 gr.
304 949 400 989 Paris.
424 956 508 998 1546.
525 964 555 997 4.
585 952 742 1003 (catalog.
756 954 902 990 biblioth.
919 952 1070 991 Rerneus.
1096 966 1180 991 tom.
1194 957 1217 991 I.
1241 972 1275 1008 p.
1290 961 1382 1005 307.)
1417 980 1465 986 —-
1500 959 1647 1005 Epistola
1669 960 1713 993 ad
1739 958 1855 993 Archi.

102 1007 252 1049 damam,
277 1003 623 1041 Lacedaemoniorum
637 1018 774 1054 regem,
802 1009 919 1043 Photio
935 1007 1078 1050 laudata,
1102 1012 1251 1058 primum
1268 1024 1286 1046 e
1309 1010 1424 1047 codiee
1439 1012 1546 1047 Fuluii
1563 1010 1670 1047 Vrsini
1692 1008 1852 1059 descripta

101 1060 142 1096 ab
159 1058 206 1096 A.
222 1058 354 1094 schotto
371 1057 416 1094 est
433 1068 465 1094 et
481 1056 568 1094 edita*
579 1071 697 1107 graece
713 1060 751 1094 ab
770 1057 973 1096 Hoeschelio
991 1063 1024 1095 in
1040 1063 1126 1097 notis
1141 1060 1181 1098 ad
1200 1064 1368 1099 Photium.
1422 1063 1553 1100 Deinde
1573 1062 1727 1100 eamdem
1752 1063 1853 1098 latine

101 1111 152 1148 A.
168 1111 319 1147 schottus
334 1113 430 1146 vertit
442 1109 482 1146 ad
497 1110 570 1146 cod.
587 1113 704 1147 CLIX.
722 1113 838 1148 Photii.
894 1115 1076 1162 Separatim
1095 1127 1173 1150 cum
1196 1116 1323 1151 Schotti
1345 1127 1376 1152 et
1398 1130 1487 1152 noua
1505 1115 1559 1152 sua
1585 1115 1732 1152 versione
1755 1128 1851 1150 excu-

100 1164 134 1200 di
149 1166 294 1206 curauit,
322 1162 637 1213 emendationesque
651 1163 798 1200 adiunxit
816 1166 861 1199 Io.
878 1166 1005 1201 Dauid.
1025 1168 1193 1211 Koila-us,
1216 1167 1437 1210 Coldicenfis⁷
1465 1170 1593 1218 (postea
1618 1165 1782 1205 Profeffor
1802 1169 1851 1203 hi-

97 1216 275 1254 storiarum
293 1219 442 1266 primum
461 1215 686 1259 Ahdorfinus,
713 1216 788 1253 dein
804 1216 1056 1267 Gottingensis,)
1084 1220 1329 1269 'Nittebergam
1356 1222 1452 1267 1206.
1471 1235 1509 1267 4,

200 1324 363 1369 (Decem)
393 1321 561 1370 mitratis,
587 1322 749 1359 Demetrii
767 1322 898 1369 Gildone
915 1330 944 1359 et
965 1323 1128 1360 Michaelis
1144 1325 1265 1373 Glycac
1278 1324 1401 1374 aliquot
1424 1324 1587 1374 epistolize,
1608 1339 1662 1362 mc
1684 1337 1746 1361 non
1762 1324 1849 1361 Dro-

95 1377 144 1414 m's
167 1375 382 1423 Ckrgffstomi
407 1378 510 1409 oratio
533 1375 610 1427 περὶ
639 1373 734 1422 λέγει
764 1374 940 1420 οἰσκήσεως
954 1380 1081 1424 pat-tim
1111 1391 1126 1412 e
1153 1381 1252 1414 codice
1271 1379 1451 1426 Helmstod.
1477 1383 1601 1427 partim
1626 1392 1663 1415 ex
1693 1379 1847 1414 codicibus

93 1429 341 1478 Mqs'qumyibus
378 1428 477 1462 edidit
514 1434 545 1462 et
582 1430 864 1477 animaduersiones
905 1430 1018 1465 adiecit
1056 1432 1094 1467 C.
1118 1432 1157 1466 F.
1182 1432 1362 1475 Matthaei,
1407 1432 1632 1469 Vniuersitatis
1670 1428 1846 1467 Caesareae

91 1478 304 1530 Blosquenfis
323 1477 509 1521 Professor,
535 1480 591 1527 (in-
603 1477 762 1530 praesenti
783 1479 949 1517 Professor
965 1484 999 1517 L.
1015 1484 1072 1517 Gr.
1090 1483 1388 1532 YVittebergcnfis.)
1415 1487 1525 1535 Typis
1542 1483 1756 1521 vniuersitatis
1774 1496 1847 1518 cae-

79 1531 200 1571 'sareae
219 1529 440 1582 Musquensis.
469 1535 560 1577 1775.
584 1537 660 1569 mai.
677 1541 710 1576 8.
763 1536 812 1569 Ex
829 1534 918 1570 libris
932 1531 1056 1583 scriptis
1071 1545 1102 1571 et
1118 1536 1229 1580 editis,
1257 1535 1298 1572 de
1320 1538 1435 1586 quibus
1465 1538 1686 1586 intelligenter
1706 1533 1843 1584 fuseque

92 1584 252 1636 disputat,
278 1584 319 1621 ad
335 1583 486 1620 codicem
505 1585 691 1623 Helmstad.
709 1597 740 1622 et
757 1585 912 1622 Aldinam
931 1586 1111 1623 editionem
1128 1588 1239 1624 denuo
1258 1587 1415 1626 recensuit
1436 1593 1484 1626 vir
1506 1589 1707 1626 doc‘liffimus
1726 1588 1843 1638 episto-

92 1639 140 1676 las
158 1635 332 1674 isocrateas
347 1640 500 1687 notisque
515 1651 563 1673 res
579 1652 616 1674 ac
638 1639 797 1675 vocabula
818 1638 916 1675 dofle
942 1639 1108 1689 explicuit.
1139 1661 1187 1668 ——
1213 1641 1394 1688 Epssolam
1415 1644 1459 1678 ad
1479 1644 1712 1679 Archidamum
1735 1642 1843 1690 recepi

92 1694 130 1728 in
151 1690 397 1740 Anthologiam
421 1703 533 1725 meam
554 1704 706 1740 graecam
730 1689 933 1739 prosaicam,
966 1694 1192 1742 Noribergae,
1219 1701 1302 1738 1781.
1328 1700 1359 1737 8.
1387 1709 1541 1745 pag.1o9
1559 1694 1624 1746 sqq.
1655 1715 1705 1722 -—
1734 1695 1842 1743 Repe-

91 1745 224 1779 riuntur
251 1757 386 1793 quoque
413 1743 578 1792 Epistolae
599 1747 633 1779 in
659 1744 907 1780 Collefflonibur
931 1747 1097 1781 variarum
1123 1745 1325 1793 epsscltsrum
1349 1760 1405 1795 gr.
1434 1749 1577 1794 Aldina,
1603 1751 1721 1783 Venet.
1745 1758 1840 1792 1499-

90 1799 132 1834 Π.
152 1794 232 1832 voll.
255 1806 286 1830 et
302 1797 380 1831 oc'to
399 1794 534 1844 quidem
552 1799 585 1831 in
601 1797 669 1833 vol.
689 1800 710 1832 l.
726 1810 816 1833 nona
834 1811 912 1834 vero
929 1800 960 1833 in
980 1797 1049 1834 vol.
1064 1799 1105 1834 ΙΙ.
1120 1801 1203 1834 inter
1225 1799 1376 1849 epistolas
1400 1802 1628 1851 Sophistarum
1651 1802 1842 1843 variorum3

90 1861 189 1899 atque
207 1849 398 1888 Cnincimm,
425 1859 508 1896 quae
523 1858 591 1884 tota
610 1848 732 1898 pendet
745 1863 784 1885 ex
802 1849 919 1885 Aldina
931 1879 940 1893 ,
967 1850 1120 1886 Aureliae
1137 1850 1314 1900 Allobrog.
1340 1856 1432 1889 1606.
1449 1852 1510 1890 fol.
1540 1866 1611 1890 tuin
1635 1856 1667 1888 in
1690 1851 1839 1887 editioni·-

89 1903 149 1939 bus
166 1900 309 1937 Wolff,
337 1901 380 1935 H.
398 1901 555 1949 Stephani
570 1911 601 1936 et
614 1903 735 1945 Battie,
762 1904 818 1952 qui
842 1917 920 1939 vero
942 1903 1134 1953 epistolam,
1163 1918 1262 1954 quam
1288 1902 1506 1942 Hoeschelius
1530 1910 1657 1956 primus
1678 1905 1840 1953 vulgauit,

90 1953 132 1992 ad
151 1951 389 1990 Archidamum
409 1950 600 1988 omiserunt.
647 1953 740 1990 Alius
757 1965 867 1990 autem
886 1954 1099 2005 epistolarum
1118 1956 1203 1992 ordo
1220 1957 1263 1992 est
1281 1959 1312 1991 in
1332 1957 1444 1995 codice
1462 1956 1734 2000 Helmssad³enfi3
1758 1956 1839 1993 alius

89 2010 126 2044 in
141 2006 214 2044 edit,
231 2005 371 2048 Aldina,
397 2004 479 2041 alius
496 2009 530 2041 in
545 2006 730 2042 YVolfiana.
757 2027 809 2034 --
837 2009 961 2043 Gallice
974 2012 1068 2043 vertit
1085 2003 1236 2058 epistolas
1253 2007 1424 2046 Isocrateas
1442 2013 1628 2047 Ludouicus
1642 2012 1679 2046 de
1691 2010 1838 2052 Malthm,

88 2063 263 2108 Antwerp.
282 2067 365 2104 1558.
391 2057 479 2108 apud
496 2058 687 2109 Christoph.
706 2058 904 2097 Plautinum.
922 2079 969 2087 --
988 2061 1143 2097 etClaud.
1157 2063 1290 2109 Gruget
1304 2076 1380 2098 cum
1395 2063 1538 2114 epistolis
1552 2061 1740 2100 Phalaridis.
1771 2065 1836 2098 An-

89 2127 161 2150 vers
190 2120 274 2160 15<8.
294 2108 337 2146 {2
355 2113 387 2145 in
402 2111 544 2159 catalog.
562 2111 707 2147 biblioth.
724 2113 848 2148 Biinau.
868 2113 892 2148 l.
909 2126 984 2161 pag.
1004 2125 1074 2156 107.
1107 2134 1157 2141 —
1193 2114 1338 2163 Epistola
1357 2117 1409 2152 ix.
1435 2117 1477 2152 esl
1495 2120 1527 2153 in
1549 2116 1622 2153 cod.
1640 2115 1834 2164 fliosqucaey‘t'.

87 2167 127 2202 In
145 2165 220 2201 cod.
241 2163 502 2211 Hei'ngs‘faa'iczist'‚
529 2167 561 2199 in
579 2177 646 2213 quo
662 2174 790 2213 praeter
805 2177 842 2200 ea
859 2164 983 2200 exstant
999 2165 1165 2213 Affilzinis
1190 2168 1297 2214 Opera
1310 2196 1320 2209 ,
1347 2169 1580 2205 Socraticos-mn
1602 2169 1780 2219 epistolae,
1805 2177 1836 2202 et

87 2218 229 2265 Dianas.
251 2219 417 2251 Halicarn.
440 2215 480 2252 de
506 2215 609 2262 Lysia.
651 2236 701 2243 -—-
746 2216 893 2266 Epistola
923 2216 964 2252 ad
995 2217 1237 2254 Archidamum
1266 2219 1310 2255 est
1331 2223 1424 2257 vnica
1453 2224 1487 2257 in
1515 2221 1589 2258 cod.
1616 2224 1707 2271 regio
1738 2215 1835 2256 Paris.

87 2270 447 2309 MMDCCCCXLW.
471 2281 501 2305 at
518 2272 550 2304 in
566 2268 640 2305 cod.
658 2270 868 2305 MMMLIV.
885 2272 969 2305 inter
986 2270 1063 2306 alias
1078 2269 1223 2306 eiusdem
1238 2274 1382 2309 audloris
1395 2274 1566 2324 epistolas,
1593 2275 1670 2310 tesle
1688 2273 1834 2321 [sugerio

87 2326 123 2359 in
139 2319 273 2370 praefat.
291 2334 364 2370 pag.
384 2322 441 2356 lv.
481 2342 526 2348 -
556 2323 593 2356 In
614 2319 812 2357 bibliotheca
834 2326 923 2371 regia
940 2323 1144 2371 Matritensi,
1173 2323 1250 2360 teste
1265 2326 1404 2368 Iriarte,
1431 2326 1475 2362 est
1493 2327 1566 2364 cod.
1583 2328 1735 2362 XCVIII.
1757 2337 1831 2375 pag.

86 2383 151 2421 384
169 2373 222 2424 sqq
255 2376 309 2423 qui
330 2384 457 2422 practer
469 2373 529 2409 alta
545 2376 691 2409 continet
708 2374 862 2420 Isocratis
879 2386 973 2411 oratt.
991 2374 1030 2411 ad
1047 2377 1287 2420 Demonicum‚
1309 2376 1349 2413 ad
1365 2380 1553 2423 Nicoclem,
1570 2379 1756 2420 Nicoclem,
1772 2379 1832 2412 Bu-

84 2428 163 2465 firin
177 2426 218 2465 ad
235 2428 458 2471 Polycratem,
475 2426 703 2464 nudationem
718 2427 881 2473 Helenae,
895 2439 1011 2466 contra
1025 2428 1204 2480 Sophissas,
1220 2429 1460 2470 Laudationem
1477 2432 1525 2470 ad.
1534 2434 1602 2470 Eua
1606 2446 1738 2483 goram,
1753 2442 1830 2466 con-

1778 2491 1828 2517 tra
