2183 2747
334 119 448 152 XVXU
1031 116 1375 134 ——

1033 135 1203 145 ———

333 213 429 244 nathii
445 211 481 242 ad
503 213 679 248 Homerum,
703 211 850 253 Euripidis
867 209 1053 249 aliorumque
1073 206 1137 237 sunt
1153 204 1256 240 additi,
1280 204 1412 246 pluribus
1430 203 1647 242 grammaticis,
1677 203 1805 232 maxime
1824 201 1933 232 criticis
1955 198 1992 230 ad
2013 197 2080 230 loe-

336 280 534 319 inuessigantla
551 291 692 322 perquam
708 280 792 310 vtilcs
811 279 884 314 tium,
908 287 936 308 et
950 287 1045 310 tamen
1061 273 1192 305 difficiles
1209 275 1341 308 inuemu,
1366 282 1415 303 aut
1431 283 1489 302 non
1506 271 1621 314 semper
1640 272 1746 306 cuiuis,
1774 270 1851 300 hunc
1866 269 1991 300 illumue
2013 279 2082 300 con-

336 348 460 384 sulturo,
483 348 520 379 ad
537 360 648 385 manus,
673 348 886 390 exemplaribus
902 347 972 377 alias
989 345 1055 375 licet
1070 344 1168 374 obuiis
1184 350 1212 372 et
1224 340 1413 384 parabilibus.
1459 343 1495 371 At
1511 343 1542 371 in
1557 340 1608 371 tali
1629 350 1720 382 opere
1743 341 1831 369 etiam
1856 338 1978 368 illorum
2004 340 2082 369 ratio

337 418 471 449 habenda
485 419 535 454 est,
558 420 610 459 qui
631 429 688 448 non
714 420 846 448 onmium
869 417 1023 447 auftorum
1045 421 1218 452 graecorum
1242 410 1405 447 editiones,
1436 411 1545 452 quibus
1569 410 1675 440 adicffi
1699 409 1764 440 sunt
1787 408 1936 440 eiusmodi
1959 407 2083 445 indices,

340 488 561 528 praestantiores
575 487 625 516 fibi
641 487 744 528 possint
760 496 875 528 parare,
893 492 923 517 et
938 493 1036 517 tamen
1051 482 1142 515 modo
1157 482 1246 513 huius
1259 479 1350 510 modo
1363 478 1444 511 illius
1459 480 1590 512 hominis
1611 480 1709 519 graeei
1731 480 1950 515 testimouium,
1982 477 2083 510 ιιιᾶο·

342 557 458 588 ritatem
473 564 522 587 aut
535 558 670 587 notitiam
684 555 755 588 scire
771 556 898 597 cupiant.

451 696 561 725 Verum
578 697 655 725 enim
671 706 743 725 vero
759 695 884 726 arduum
898 693 964 731 effe,
989 693 1070 736 quod
1090 691 1258 731 adgredior,
1283 701 1369 732 epm,
1393 697 1422 720 et
1437 688 1570 721 laborem
1585 699 1728 732 perquam
1741 689 1896 721 molestum
1909 712 1918 726 ,
1954 699 2007 720 nee
2025 698 2086 720 ιιοι

345 763 464 793 infinitis
480 774 571 806 paene
586 763 804 795 difficultatibus
821 764 1013 806 impeditum,
1041 773 1127 792 nemo
1143 763 1217 797 erit,
1246 760 1292 790 vel
1318 771 1421 801 parum
1444 762 1620 790 exercitatus
1645 763 1675 790 in
1700 761 1757 791 hoc
1778 759 1944 791 litterarum
1967 768 2087 798 genere,

345 834 395 872 qui
411 842 503 870 neget.
551 836 656 875 Neque
671 836 756 864 vuius
773 834 912 870 hominis,
933 832 999 862 licet
1016 831 1189 861 solertissimi
1206 839 1292 870 atque
1308 829 1530 867 diligcnzissimi,
1554 828 1621 860 lic—:t
1636 832 1666 859 in
1684 829 1806 860 Graecia
1822 840 1875 871 per
1897 839 2017 859 omnem
2042 830 2086 860 vi-

346 909 403 929 tam
421 902 499 941 qunti
515 902 674 938 babitass'et,
699 911 747 932 aut
766 905 794 932 in
810 901 980 944 amplissima
1002 900 1095 930 sedeat
1121 898 1319 936 bibliotheca,
1350 901 1428 929 xii-cs
1448 901 1540 930 animi
1564 901 1759 942 corporisque
1780 907 1810 929 et
1835 909 1914 929 aetas
1928 897 2087 935 sufficiunt,

346 968 380 998 ed
398 970 518 1000 stadium
536 972 589 1000 hoc
608 971 802 1010 longissimum
819 972 876 1000 sine
897 969 957 1000 vllo
982 969 1075 1011 lapsus
1099 968 1230 1011 periculo
1252 976 1392 1009 metuque
1417 967 1544 999 feliciter
1564 968 1781 999 decurrendum
1807 976 1835 998 et
1855 978 1930 1010 opus
1951 967 2090 998 omnibus

346 1042 474 1069 numeris
491 1040 652 1081 perse-&um
667 1040 884 1070 absoluendum.
931 1042 963 1069 ln
978 1040 1029 1068 hac
1046 1040 1124 1068 enim
1139 1041 1217 1069 vitae
1233 1039 1390 1074 humanae,
1415 1039 1446 1067 in
1460 1048 1518 1078 qua
1541 1037 1614 1068 nihil
1630 1040 1669 1069 est
1689 1039 1726 1068 ab
1748 1039 1830 1068 omni
1851 1046 1935 1080 parte
1959 1032 2090 1073 beatum}

314 1131 317 1133 Α
346 1107 544 1138 imbecillitate
560 1108 606 1139 vel
621 1111 696 1139 vasta
713 1109 950 1139 Casaubonorum
967 1110 1122 1143 memoria,
1146 1116 1196 1137 aut
1213 1106 1385 1137 incredibile
1409 1106 1614 1138 salinariorum
1632 1118 1659 1138 ct
1675 1107 1941 1153 Valckenariorum
1964 1105 2092 1137 studium

344 1178 408 1206 veri
424 1185 452 1206 et
467 1179 561 1207 omnis
577 1180 756 1220 antiquitatis
780 1177 1009 1216 cognoscendae,
1033 1186 1082 1207 aut
1098 1176 1238 1207 immensa
1253 1175 1450 1217 adcurataque
1467 1178 1753 1208 Hemsterhufioruni
1768 1189 1799 1208 at
1813 1179 2010 1220 Toupiorum
2024 1185 2092 1207 eru-

345 1243 419 1275 ditio
434 1244 658 1289 litterurumquc
671 1258 841 1286 graecarum
856 1248 942 1288 eopia
957 1247 1134 1287 peritiaque,
1158 1254 1207 1275 aut
1221 1245 1333 1276 summa
1350 1245 1518 1276 Vossiorum
1534 1254 1562 1276 et
1577 1245 1773 1278 cellariorum
1788 1247 1936 1284 sedulitas,
1959 1247 2011 1276 aut
2025 1255 2093 1276 aen.

343 1314 481 1344 tiffimum
497 1314 696 1346 Bentleiorum
711 1327 743 1346 ac
760 1316 1007 1346 Ruhnkeniorum
1022 1314 1176 1350 iudicium,
1201 1317 1371 1356 ingeniique
1389 1314 1543 1351 subtilitas,
1567 1326 1692 1357 raraque
1712 1316 1981 1353 Marklandorum,
2012 1317 2094 1351 He!-

344 1384 476 1420 tiorum,
492 1386 694 1416 Brunkiorum
707 1394 736 1416 et
746 1385 972 1416 Meincrfiorum
988 1383 1135 1423 sagacitas,
1151 1383 1243 1414 multa
1261 1384 1429 1426 relinquent
1445 1385 1553 1415 iutaEla
1569 1393 1597 1415 et
1609 1395 1624 1414 a
1639 1385 1809 1426 posteritate
1825 1383 2095 1420 demumeruencla,

345 1463 396 1483 aee
412 1454 510 1484 vbiuit
526 1454 701 1496 respondere
716 1462 856 1497 poterunt
870 1456 1005 1484 omnium
1021 1456 1118 1484 omnis
1134 1456 1236 1484 aetatis
1254 1455 1392 1496 opinioni
1408 1460 1495 1495 atque
1509 1452 1729 1496 exspeRationi.
1776 1453 1838 1496 lpse
1854 1454 2020 1490 Fabricius,
2043 1454 2096 1495 qui

347 1524 432 1564 eopia
447 1522 622 1560 litterarum,
647 1523 798 1562 diligentia
812 1523 983 1566 iudicioque
1000 1534 1107 1566 paucos
1129 1522 1273 1554 habuisset
1287 1533 1382 1565 pares,
1406 1521 1515 1553 multos
1531 1521 1707 1565 superasset,
1730 1524 1762 1553 in
1787 1522 1926 1561 fingendo
1947 1522 2095 1554 ornando-

348 1601 405 1633 que
430 1592 485 1622 boc
499 1603 588 1634 opere
605 1593 743 1624 Phidiaco
761 1604 820 1623 non
835 1594 934 1635 potuit
949 1593 1086 1623 omnibus
1100 1591 1275 1623 satisfacere.
1320 1595 1420 1631 Quare
1437 1603 1504 1631 ego,
1528 1593 1638 1624 etiamfi
1653 1594 1753 1623 omnia
1768 1602 1832 1622 mea
1848 1591 1952 1630 studia,
1977 1603 2097 1624 omnem

350 1669 482 1702 operam,
504 1672 602 1692 curam
618 1663 848 1703 industriamque
862 1660 894 1692 in
909 1662 964 1692 hoc
982 1673 1072 1704 opere
1086 1661 1267 1704 perficiendo
1279 1663 1369 1701 figere
1385 1669 1414 1693 et
1433 1661 1532 1693 locare
1545 1662 1740 1698 decreuerim,
1771 1661 1837 1692 aliis
1854 1669 1952 1692 tamen
1968 1671 2028 1698 me,
2050 1662 2095 1692 in-

351 1739 444 1768 genue
460 1728 565 1766 fateor,
588 1741 646 1760 non
663 1730 854 1772 spicilegium,
878 1731 926 1761 sed
941 1730 1058 1761 messem
1075 1729 1130 1761 effe
1146 1730 1330 1762 reliam-um.
1383 1731 1454 1762 Ideo
1475 1742 1590 1762 meeum
1612 1732 1764 1768 habitans,
1796 1739 1824 1761 et
1843 1731 1938 1773 probe
1958 1729 2096 1768 sentiens,

353 1809 399 1828 me
413 1809 502 1828 vnum
521 1802 603 1829 oneri
619 1799 738 1830 ferendo
755 1809 782 1830 et
800 1800 962 1830 sustinendo
977 1801 1144 1839 grauissimo
1161 1798 1216 1830 esse
1232 1802 1374 1842 imparem
1386 1824 1394 1837 ‚
1426 1811 1486 1831 non
1511 1800 1594 1830 ausus
1618 1800 1678 1831 sum
1689 1824 1698 1837 ‚
1727 1811 1847 1831 omnem
1870 1799 1981 1832 laboris
2003 1799 2096 1831 mole-

356 1869 435 1899 stiam
451 1868 556 1898 subire.
600 1870 661 1898 Hac
676 1868 710 1898 de
726 1869 816 1899 tauss'a
829 1880 856 1899 et
870 1880 929 1911 quo
945 1871 1097 1909 negotium
1112 1868 1216 1900 melius
1231 1871 1376 1911 citiusque
1392 1870 1581 1911 procederet,
1613 1881 1747 1913 opusque
1770 1870 1940 1910 exsurgeret
1963 1869 2096 1912 aliquan·

357 1948 420 1970 tum
440 1937 628 1980 splendidius,
651 1937 759 1973 saltem,
784 1938 812 1967 id
828 1939 846 1967 li
863 1938 976 1980 sperare
993 1938 1035 1968 sas
1051 1940 1102 1975 est,
1125 1938 1295 1981 perstemus,
1312 1950 1367 1978 ego
1380 1948 1412 1970 vt
1429 1941 1559 1982 primum
1576 1939 1611 1970 ad
1626 1939 1658 1970 id
1675 1941 1807 1970 animum
1822 1938 1936 1982 adpuli‚
1961 1940 2097 1970 virorum

357 2009 523 2042 doctorum,
547 2008 596 2047 qui
615 2009 643 2035 in
662 2006 825 2036 societatem
843 2006 950 2038 laboris
966 2010 1053 2044 irent,
1077 2009 1236 2038 amicitiam
1253 2019 1400 2050 opemque
1415 2019 1518 2051 parare
1539 2010 1612 2040 mihi
1628 2008 1735 2039 studui.
1792 2010 1888 2051 Atque
1909 2009 1985 2040 mihi
2004 2009 2098 2039 eonti-

358 2076 425 2118 giss‘c
443 2076 535 2106 luctor
550 2085 606 2105 tam
623 2075 701 2106 felici
722 2075 815 2111 suiss'e,
839 2084 870 2106 vt
889 2087 949 2113 eos,
972 2079 1036 2118 qui,
1061 2079 1091 2107 in
1106 2078 1162 2107 hoc
1178 2076 1342 2108 litterarum
1362 2089 1467 2118 genere
1490 2078 1614 2115 versati,
1644 2086 1672 2109 et
1692 2078 1788 2117 gloria
1811 2078 1956 2120 famaque·
1970 2078 2099 2109 nomini·

361 2148 467 2177 florent
482 2154 509 2175 et
521 2144 660 2186 praesidia
676 2153 733 2175 tatu
750 2147 857 2184 ingenii
873 2146 1144 2188 doetrinammque,
1166 2157 1254 2188 quam
1273 2146 1418 2178 librorum
1432 2149 1540 2179 liabent
1555 2147 1674 2185 idonea,
1695 2146 1875 2178 nanciscerer
1888 2147 2001 2179 socios:
2024 2157 2100 2190 quos

362 2213 530 2249 nomiuail‘e,
553 2213 743 2255 popularibt¹›
757 2217 828 2244 uicis
843 2215 907 2244 satis
923 2218 977 2245 erit
991 2216 1026 2245 :til
1042 2214 1163 2245 illorum
1181 2214 1298 2249 laudem
1316 2226 1343 2248 et
1362 2217 1472 2248 laboris
1489 2217 1795 2258 commendationem,
1825 2216 2006 2259 illorumque
2027 2226 2099 2259 ope-

362 2295 423 2315 ram
438 2283 620 2323 studiumque
637 2286 723 2313 ctiam
740 2286 844 2313 exteris
858 2285 896 2312 iri
913 2285 1080 2325 probatum,
1099 2285 1265 2328 persuasum
1284 2287 1358 2317 mihi
1381 2287 1488 2317 habeo.
1534 2286 1654 2317 lilustris
1669 2288 1761 2325 igitur
1779 2287 1950 2324 Grttnertts,
1973 2288 2044 2318 arti·
2057 2284 2099 2316 se-

362 2352 462 2382 lutans
480 2352 582 2381 tioftor
597 2360 624 2381 et
638 2352 780 2392 prosc-tlh:-
797 2355 826 2382 in
841 2356 1026 2385 vniuersttate
1054 2356 1218 2388 litterarum
1242 2356 1351 2387 lenensi
1373 2355 1582 2386 celeberrimus
1606 2366 1657 2392 ea,
1686 2366 1762 2398 quae
1786 2355 1822 2386 de
1846 2355 1966 2386 medicis
1988 2356 2099 2394 graecis

361 2420 477 2462 ‹olle-git
492 2430 518 2452 ct
533 2419 666 2464 exposuit
680 2422 838 2459 fibrium,
863 2423 1053 2466 persequetur
1069 2425 1224 2466 diligenter
1240 2435 1270 2457 et
1282 2425 1458 2458 recensebit:
1474 2424 1510 2456 dc
1525 2424 1770 2467 legumlatoribus
1784 2432 1883 2456 autem
1899 2434 1927 2456 et
1942 2426 2098 2467 Iurispcri-
