2183 2747
1206 121 1278 157 Lib.
1291 122 1321 157 J.
1345 134 1370 157 c.
1385 121 1543 159 XVIII.

71 123 135 152 vot.
143 123 166 152 1·
174 130 199 157 Ρ.
209 122 281 158 ¹15!
293 122 334 150 316
557 122 728 158 ORPHEI
756 121 1059 158 FRAGMENI‘A.

1755 134 1825 171 ¹59

69 223 166 271 phica
177 232 252 270 pag.
268 226 322 264 78.
337 216 423 269 seqq.
438 219 599 266 exhibuit,
625 217 712 255 vnde
725 220 836 269 potius
851 215 986 254 describi
1003 231 1021 253 a
1037 214 1217 254 nouiffimo
1231 215 1378 261 editore,
1403 229 1434 254 et
1449 231 1533 269 quae
1551 216 1665 254 desunt
1680 218 1822 268 plurima

69 287 90 310 e
111 272 250 314 Proclo,
282 273 354 308 loli.
369 273 496 307 Tzetza
519 269 652 322 aliisque
673 271 771 315 addi,
799 269 915 307 ordine
938 268 1084 321 disponi,
1119 281 1150 306 et
1170 269 1245 306 loca
1269 273 1448 307 audiorum
1470 270 1604 319 singulis
1629 269 1824 320 fragmentis

68 323 218 362 ndnotari
243 321 431 374 potuissent.
467 322 573 374 [quod
600 324 755 374 praestitit
776 321 930 370 Gesnen]
993 321 1139 358 Vicissiin
1167 323 1208 358 ibi
1233 322 1398 360 nonnulla
1424 323 1512 359 male
1531 327 1615 359 inter
1635 321 1823 373 fragmenta

68 378 195 427 Orphei
221 374 426 421 reseruntur,
455 387 489 412 vt
509 375 685 412 versiculus
702 379 827 426 primus
845 391 877 427 p.
894 387 963 421 245.
984 375 1058 412 edit.
1074 373 1306 412 Eschenbachii
1320 376 1365 412 est
1388 374 1497 412 versus
1518 375 1736 412 duodecimus
1762 378 1823 422 hy-

67 432 139 467 mni
163 433 196 465 in
220 427 410 472 somnium,
438 432 492 480 qui
510 432 575 464 iam
601 430 700 465 exstat
722 444 754 479 p.
774 437 838 471 ¹80·
861 440 893 465 et
914 426 1038 478 septem
1063 431 1162 478 primi
1187 442 1218 478 p.
1229 431 1307 474 246.
1327 428 1425 479 plane
1448 443 1518 465 non
1542 427 1687 479 spetstant
1704 427 1744 465 ad
1761 431 1824 465 Or-

66 484 174 534 phica.
227 484 382 518 Poterant
404 493 436 518 et
455 481 589 531 adjungi
611 480 719 518 versus
742 485 856 518 LXVI.
888 482 964 532 περὶ
989 482 1131 532 σεισμῶν
1156 479 1223 517 fiue
1243 482 1451 530 prognostica
1473 484 1511 518 de
1533 481 1825 531 significationibus

65 542 172 571 terrae
188 543 331 570 motuum
350 538 382 570 in
400 534 581 585 appendice
600 535 825 584 Antlzologiae
844 537 1050 570 Graecorum
1065 535 1127 583 [If]
1142 536 1435 584 Epigrammatuin
1452 535 1558 577 obuii,
1575 538 1630 585 qui
1648 534 1723 570 licet
1739 536 1825 570 Her-

66 590 146 624 meti
160 584 209 620 ⁸⁴¹)
235 590 269 623 in
287 585 501 638 qmbusdam,
527 591 560 623 in
581 587 650 623 aliis
670 599 781 624 tamen
807 587 972 623 codicibus
995 589 1039 635 [v.
1059 586 1163 625 Catal.
1183 586 1262 622 Bibl.
1280 586 1433 637 Lugdun.
1450 588 1516 623 Bat.
1540 599 1709 638 pag.400.
1726 601 1758 623 n.
1778 598 1822 632 15.

65 639 202 677 Bandini
222 639 328 676 Catal.
344 639 419 676 bibl.
438 639 560 676 Medic.
580 642 619 675 11.
635 653 784 690 pag-1¹9·
804 641 850 687 a)]
879 641 1065 676 tribuuntur
1080 641 1238 690 Orpheo,
1274 651 1305 676 et
1331 654 1409 676 cum
1432 639 1579 676 versione
1600 643 1735 676 metrica
1751 641 1822 676 loli.

63 694 208 730 Antonii
224 693 288 728 Bm·
307 692 325 727 'i
351 690 405 728 sul*
421 694 549 743 Orphei
576 696 714 728 nornine
736 693 931 743 prodierunt
955 689 1050 728 Paris.
1075 692 1162 742 apud
1179 692 1379 729 Morelliuin
1394 695 1480 740 1586.
1493 705 1523 738 4.
1583 695 1690 729 Vertit
1713 703 1744 729 et
1764 695 1824 729 Ze-

64 745 182 782 nwbius
206 746 392 781 Acciaiolus
413 745 489 781 teste
511 744 663 792 Gyraldo
677 744 733 780 θ’).
789 745 887 796 Apud
906 746 1065 780 Labbeum
1087 759 1163 796 pag.
1182 758 1245 782 122.
1267 746 1347 782 Bibl.
1364 760 1446 783 nou.
1470 747 1568 782 MSS.
1589 758 1824 782 memorantur

62 798 277 850 prognostica
296 795 397 834 sereni
419 801 499 834 aeris
515 812 553 834 ex
574 796 707 834 diuersis
729 799 916 835 audloribus
941 797 1100 842 collecfta,
1126 801 1244 842 Arato,
1272 796 1445 842 Africano,
1473 798 1630 849 Apuleio,
1651 799 1824 840 Anatolio,

63 850 256 893 Aristotele,
286 852 414 886 Beterio
437 850 503 886 flue
524 852 677 896 Berytio,
703 853 875 894 Varrone,
903 853 1172 900 Deinogeronte,
1196 850 1371 898 Didymo,
1398 854 1589 902 Diophane,
1615 852 1824 895 Florentino,

61 903 220 945 Nestore,
251 903 399 949 Otyaheo,
427 905 595 946 Paxaino,
624 903 822 946 Plutarcho,
850 903 1063 947 Ptolemaeo,
1087 904 1282 954 Pamphilo,
1310 904 1466 947 Platone,
1492 906 1641 948 Sotione,
1667 906 1824 941 Taranti-

59 971 127 999 no,
155 955 411 1005 Theophrasto,
435 955 681 999 Vindunionio,
709 957 882 995 Zoroastre
908 953 1051 1006 aliisque.
1105 958 1244 992 Horum
1261 960 1416 994 omnium
1432 961 1571 993 nomina
1593 968 1772 993 occurrunt
1787 960 1823 992 in

63 1011 196 1046 Graecis
221 1010 440 1057 Geoponicis,
484 1011 517 1043 in
534 1009 650 1058 quibus
672 1009 884 1058 prognostica
905 1008 972 1055 illa,
989 1009 1118 1045 Labbeo
1134 1020 1332 1052 memorata,
1348 1010 1470 1047 exstare
1483 1024 1554 1047 non
1575 1009 1702 1046 dubito.
1759 1012 1823 1045 Or-

61 1063 140 1113 phei
162 1072 273 1097 tamen
293 1060 374 1095 nihil
401 1063 433 1095 in
455 1062 657 1110 Geoponicis
682 1060 823 1110 legitur,
851 1060 942 1111 quod
965 1062 1207 1110 prognosticon
1226 1061 1363 1112 aliquod
1388 1063 1651 1115 coinpledlatur,
1679 1060 1734 1099 sed
1752 1073 1822 1100 tan·

64 1125 138 1150 tum
161 1111 263 1150 semel
283 1116 351 1149 eius
366 1113 404 1149 fit
425 1116 554 1149 mentio
573 1114 641 1149 Lib.
652 1115 691 1148 II.
710 1127 742 1164 p.
762 1127 815 1159 70.
837 1115 890 1149 vbi
913 1111 1020 1149 versus
1044 1113 1104 1164 ipss
1125 1115 1330 1152 tribuuntur:

232 1191 346 1230 Δειλοὶ
355 1222 366 1238 ,
391 1187 572 1231 mc'vd‘caeytoi
590 1189 731 1242 κυάμων
747 1188 822 1231 ἄπο
838 1192 966 1243 χὲἱξας
980 1192 1138 1242 ἔχεσθαί

109 1246 261 1294 Itemque
280 1243 380 1280 alter:

219 1308 310 1352 Ἴσον
331 1313 398 1352 τῶν
413 1309 553 1364 κυάμων
573 1315 726 1364 φάγέεαν
747 1309 921 1364 κεφαλάς
937 1328 978 1353 τε
993 1309 1141 1353 τοκέων.

1777 1368 1824 1403 At

1012 1449 1076 1481 aa)
1101 1443 1180 1476 Vide
1196 1441 1284 1486 supra
1300 1445 1372 1486 Cap.
1385 1446 1436 1476 IX.
1460 1454 1543 1474 num.
1555 1454 1588 1483 7.

1012 1489 1070 1525 bb)
1095 1488 1217 1520 Brunck
1233 1491 1265 1518 in
1281 1488 1432 1519 Analeffls
1447 1498 1585 1520 veterum
1602 1494 1760 1529 poetarum
1775 1497 1821 1526 gr.

967 1541 1040 1563 tom.
1057 1535 1108 1564 ΠΙ.
1126 1543 1153 1574 p.
1174 1543 1195 1562 1.
1219 1532 1304 1562 dedit
1313 1531 1436 1569 ''Oesslffl
1455 1532 1513 1570 περὶ
1523 1533 1643 1566 σεισμῶν.
1666 1539 1695 1561 et
1711 1541 1739 1573 p.
1754 1541 1821 1570 237-

968 1578 1094 1618 Orpheo
1110 1576 1310 1606 tribuendum
1335 1576 1392 1606 effe
1414 1584 1509 1617 putat.
1554 1575 1702 1605 Gesnerus
1721 1576 1823 1605 omisit

968 1619 1045 1651 illud
1062 1622 1246 1662 poemation.
1277 1622 1312 1650 In
1330 1621 1500 1651 Maictaire
1517 1618 1717 1650 Miscellaneis
1732 1628 1821 1657 grae-

57 1452 193 1475 mannus
213 1452 318 1475 contra
342 1446 374 1474 in
398 1443 639 1476 Griechenlands
666 1446 763 1476 ersten
780 1443 916 1476 Philoso-

59 1488 140 1529 phen
156 1499 184 1529 p.
202 1493 247 1525 65.
263 1488 324 1529 sqq.
342 1488 453 1528 singula
469 1489 672 1531 persequitur,
694 1500 724 1520 et
741 1490 829 1521 docet
845 1500 915 1520 acu-

57 1538 99 1567 te,
117 1542 194 1572 quae
208 1535 370 1570 genuinam
387 1534 503 1574 Orphei
529 1543 599 1574 prae
616 1533 644 1563 se
659 1532 760 1564 ferant
781 1532 913 1575 discipli·

61 1585 131 1605 nam
148 1584 176 1606 et
192 1577 344 1617 Orphicae
359 1576 516 1606 doetrinae
533 1578 586 1608 (int
600 1576 748 1618 reliquiae
759 1600 767 1614 ,
791 1585 819 1607 et
834 1587 913 1618 quae

55 1617 105 1649 illi
118 1629 298 1660 repugnent.
345 1621 484 1651 Secundo
507 1629 608 1652 tamen
630 1621 801 1660 fragmento
817 1621 912 1650 admi-

55 1671 122 1694 xtos
140 1662 197 1693 esse
212 1662 376 1694 nonnullos
395 1663 496 1694 versus
513 1667 654 1706 antiquos
666 1687 675 1701 ‚
700 1666 789 1695 docet
807 1664 913 1695 censor

56 1706 194 1738 eruditus
226 1709 258 1738 in
286 1706 431 1738 Biblioth.
453 1711 557 1739 critica
589 1709 678 1739 Amst.
700 1712 738 1740 Π.
754 1717 838 1751 parte
853 1711 907 1739 IV.

56 1760 122 1792 pag.
138 1761 181 1787 9¹-
197 1768 241 1774 -—
285 1754 461 1791 Fragmenta
483 1761 584 1783 autem
610 1753 727 1794 Orphei
752 1755 912 1795 reperiun-

54 1802 106 1825 tur
124 1805 184 1824 non
200 1793 296 1825 sotum
311 1798 343 1826 in
359 1796 548 1826 editionibus
563 1797 706 1838 Stephani
720 1800 816 1833 (inter
829 1804 911 1838 poet.

56 1848 179 1877 graccos
193 1837 247 1869 fol.
266 1849 332 1880 pag.
353 1844 437 1876 184.)
456 1839 671 1870 Eschenbachii
686 1849 726 1877 et,
743 1840 842 1871 multo
860 1850 910 1870 au-

56 1883 166 1917 ἑὶἰοη,
191 1881 335 1919 Gesneri,
366 1882 414 1913 sed
437 1894 560 1924 quoque
583 1884 699 1914 adicem
723 1883 788 1914 sunt
809 1884 911 1915 Fuluii

57 1926 163 1966 Vrsini
178 1927 372 1956 Carminibus
388 1929 439 1956 IX.
463 1926 571 1958 illustr.
603 1927 807 1964 feminarum,
839 1931 910 1958 Ant-

54 1979 150 2011 werp.
169 1974 243 2005 ¹568.
263 1977 286 2004 3.
302 1981 367 2011 pag.
384 1980 452 2008 270.
468 1987 507 1994 —
532 1981 637 2010 graece
654 1980 683 2002 et
697 1970 747 2002 lat.
763 1974 843 2001 inter
861 1984 909 2002 ve-

55 2021 120 2044 tera
135 2015 294 2051 Georgica,
316 2013 456 2044 Bucolica
473 2023 502 2045 et
518 2017 677 2051 Gnomica,
693 2017 813 2045 Geneu.
829 2021 907 2052 1569.

55 2064 102 2088 12.
116 2067 146 2086 et
165 2061 250 2087 1500.
269 2068 306 2087 12.
325 2074 360 2080 —
394 2059 530 2089 aue‘tiora
552 2062 583 2089 in
608 2062 648 2089 H.
663 2060 804 2100 Stephani
828 2060 908 2089 Poefi

55 2099 276 2142 philosophica,
301 2101 414 2142 Lipsiae
434 2110 510 2141 1578.
527 2110 551 2137 8.
576 2113 641 2144 pag.
656 2110 702 2141 78.
721 2102 762 2144 sq.
791 2105 835 2133 De
853 2103 909 2133 fra-

53 2147 183 2183 gmentis
198 2154 214 2173 a
226 2144 365 2184 Didymo
380 2144 486 2176 adlatis
504 2146 696 2188 quibusdam,
713 2157 790 2187 quae
810 2147 909 2177 Need-

53 2187 126 2219 ham
143 2189 180 2218 ad
205 2189 372 2229 Geoponic.
395 2187 449 2219 lib.
468 2192 505 2220 11.
528 2202 553 2220 c.
568 2202 609 2227 35.
641 2198 670 2220 et
695 2190 807 2231 Gesner
829 2193 908 2220 inter

54 2229 160 2270 fragm.
185 2232 220 2261 ad
243 2231 455 2272 Empedoclem
479 2233 595 2264 referre
618 2233 741 2270 malint,
775 2235 845 2263 vide
862 2233 906 2264 Cl.

53 2274 163 2307 Nic-Ias
177 2275 213 2304 ad
231 2277 368 2315 Geopon.
388 2275 406 2305 Ι.
425 2287 454 2306 e.
468 2287 497 2317 p.
514 2285 580 2313 ¹82,
603 2282 657 2319 qui
681 2288 736 2318 pro
763 2278 907 2319 Orphicis

53 2316 124 2349 illos
144 2319 248 2348 haberi
270 2319 374 2351 docem
398 2318 482 2350 aliud
504 2320 709 2360 fragmentum
732 2331 749 2350 a
769 2320 904 2351 Gesnero

55 2361 193 2392 omissum
214 2373 249 2392 ex
271 2365 398 2401 Gregor.
420 2365 563 2394 Nazianz.
581 2374 655 2396 orat.
672 2375 713 2401 33.
736 2375 764 2406 p.
780 2375 837 2401 535.
854 2365 904 2394 ad-

55 2404 125 2438 fert,
143 2414 171 2435 et
186 2406 405 2445 pythagoraeos
425 2407 575 2450 adoptass‘e
597 2407 746 2450 quaedam
768 2409 905 2451 Orphica

54 2449 248 2480 demonstrat.
294 2449 393 2481 Harl·

965 1675 1070 1694 corum
1088 1663 1204 1705 aliquot
1231 1662 1412 1705 scriptorum
1436 1663 1632 1699 carminibus,
1658 1673 1702 1701 gr.
1721 1670 1750 1693 et
1766 1661 1819 1693 lat.

965 1709 1098 1739 Londin.
1117 1718 1197 1746 1722.
1211 1718 1241 1745 4.
1271 1709 1405 1749 primum
1429 1705 1528 1737 locum
1551 1714 1694 1748 occupat:
1731 1706 1817 1737 Mer·

964 1754 1044 1784 curii
1072 1753 1100 1784 T
1098 1751 1265 1794 rismegisti
1286 1750 1491 1791 Prognostica
1512 1760 1532 1781 a
1551 1755 1657 1782 terrae
1672 1749 1817 1783 motibus.

963 1794 1158 1838 Eschenbaclz
1173 1805 1248 1826 vero
1264 1793 1311 1825 vel
1327 1797 1427 1835 potius
1450 1796 1487 1824 D.
1503 1792 1642 1825 Schoa'er
1656 1796 1716 1824 iam
1733 1791 1819 1836 supe«

963 1841 1041 1870 riori
1060 1838 1178 1870 saeculo
1193 1849 1209 1868 e
1225 1838 1291 1868 cod.
1306 1838 1421 1868 edidit:
1448 1837 1565 1879 Orphei
1578 1837 1615 1869 de
1635 1841 1740 1868 terrae
1753 1848 1820 1869 mo-

964 1885 1047 1915 tibus
1064 1881 1409 1924 cataleffonsecundum
1432 1880 1502 1922 msc.
1519 1880 1717 1913 bibliothecae
1732 1882 1816 1913 Lau-

963 1929 1107 1958 rentiano
1129 1943 1171 1949 ——-
1218 1925 1376 1956 Mediceae
1399 1925 1496 1956 edidit
1531 1924 1562 1956 C'.
1583 1925 1614 1957 C.
1630 1926 1665 1957 F.
1690 1931 1769 1963 1691.
1785 1938 1817 1963 4.

964 1969 1179 2012 Magliabechi
1200 1968 1319 1999 miserat
1345 1970 1406 1999 MS.
1423 1967 1645 1999 Eschenbachio
1668 1977 1698 2000 et
1723 1971 1817 2001 Scho-

964 2014 1018 2044 der
1034 2016 1154 2045 curauit
1167 2014 1348 2043 editionem.
1361 2013 1421 2042 Sub
1437 2012 1515 2052 figh's
1529 2012 1561 2044 C.
1571 2013 1600 2043 C.
1614 2013 1646 2044 F.
1660 2013 1689 2044 h.
1701 2024 1729 2043 e.
1743 2013 1816 2046 Cne-

961 2060 1011 2089 ius
1026 2059 1148 2089 Cincius
1165 2057 1340 2088 I-'lmuinius
1367 2055 1493 2086 obscura
1510 2058 1628 2087 ratione
1644 2057 1816 2089 Schoderus

963 2102 1100 2132 indicare
1124 2099 1223 2131 voluit
1244 2102 1377 2130 romanis
1405 2101 1584 2131 nominibus
1598 2099 1706 2133 Andr.
1725 2101 1818 2133 Chri-

953 2146 1048 2188 stian.
1074 2143 1295 2186 Eschenbaclzii
1324 2154 1438 2174 nomen
1465 2156 1496 2175 v.
1520 2144 1616 2176 Willis·
1636 2146 1815 2185 Nurnberg.

962 2188 1126 2220 Gelchrten
1144 2190 1277 2218 Lexicon
1297 2187 1358 2218 vol.
1378 2191 1399 2218 1.
1418 2200 1446 2230 p.
1463 2193 1531 2225 360.
1572 2187 1737 2220 Fabricius
1762 2190 1815 2220 ad-

961 2231 1077 2263 leuerat
1097 2234 1167 2262 haec
1184 2233 1312 2270 margini
1331 2231 1473 2274 exempli.
1517 2230 1668 2267 „Fallitur
1686 2233 1717 2264 C.
1734 2233 1761 2263 C.
1776 2233 1814 2265 F.

960 2279 1012 2317 qui
1030 2279 1145 2318 primus
1164 2284 1190 2305 a.
1208 2280 1285 2312 1691.
1305 2276 1395 2305 edere
1410 2275 1437 2305 se
1453 2284 1537 2317 putat
1557 2286 1573 2304 e
1586 2276 1666 2305 Bibl.
1682 2278 1816 2307 Lauren-

958 2323 1038 2351 tiana
1057 2320 1169 2350 Medic.
1187 2330 1216 2348 v.
1233 2320 1343 2349 Neuen
1357 2318 1552 2355 Buchersaal,
1576 2321 1683 2351 LVIII.
1699 2332 1728 2361 p.
1742 2331 1814 2360 742.

959 2363 1103 2394 Giornale
1118 2364 1319 2394 de’Letterati
1335 2367 1414 2400 1692.
1431 2374 1459 2404 p.
1474 2367 1546 2394 26.“
1570 2364 1641 2394 vide
1661 2364 1720 2395 vol.
1730 2367 1814 2397 XIII,

957 2407 1028 2439 libr.
1045 2410 1100 2440 VI.
1113 2417 1176 2450 cap.
1191 2408 1229 2438 X.
1244 2418 1274 2449 p.
1292 2411 1361 2445 462.
1377 2417 1442 2438 not.
1482 2407 1579 2439 Harl.
