2071 2747
198 117 342 158 com).
367 115 620 156 VERSIONES
648 116 715 154 ET
740 115 904 155 EDITT.
929 117 1147 156 TABVLAE
1173 120 1363 160 CEBETIS
1406 124 1488 163 Lib.
1502 125 1548 162 ῙῙ.
1564 140 1587 163 c.
1597 126 1746 169 XXIV.
1781 147 1845 184 τος

93 226 156 264 gos
172 213 297 251 laudata
314 214 445 251 Cebetis
463 214 607 250 tabulam
625 213 795 250 contendit
811 212 877 250 fine
891 213 995 251 dubio
1011 215 1145 263 fidiam,
1174 227 1208 253 et
1222 232 1238 252 a
1255 220 1371 256 Stoico
1387 219 1534 270 quodam
1551 224 1766 276 philosopho,
1787 242 1842 268 aut

91 267 159 302 alio
178 270 305 304 incerto
323 265 492 314 scriptore,
518 278 549 303 at
577 278 652 304 aute
676 268 732 303 illa
757 278 909 316 tempora
923 267 1124 305 elaboratam
1148 268 1231 314 effe,
1260 273 1376 320 quibus
1392 276 1600 313 Graecorum
1623 278 1735 330 lingua
1759 286 1843 320 anti-

92 333 193 368 quam
212 319 363 357 indolem
389 317 481 355 suam
497 319 635 369 perdere
652 322 780 369 coepit;
807 330 841 356 et
866 319 955 356 idem
972 318 1101 365 forsan,
1124 333 1180 359 aut
1195 324 1275 359 alius
1291 328 1340 359 vir
1357 324 1487 370 dodlus,
1511 327 1629 366 censor
1643 331 1843 372 obseruatio-

90 375 141 408 nis
153 372 421 423 Seliillingianae,
436 372 550 421 paullo
566 383 639 408 ante
659 383 874 415 memoratae,
897 375 930 408 in
947 374 1148 421 ephemerid.
1164 375 1324 412 litterariis
1344 379 1643 429 Goettiiigensibus,
1665 386 1767 437 (plag.
1783 401 1838 436 79.

89 437 168 474 pag.
184 438 264 472 799.
279 441 308 461 a.
326 429 444 471 1790.)
469 425 652 471 existimat,
680 436 788 461 totuin
804 427 950 465 πίνακος
964 425 1133 469 habitum,
1157 432 1417 478 oeconomiam,
1445 431 1693 481 dispositionem
1718 449 1841 478 totam·

91 491 158 527 que
181 479 356 514 stelionem
372 476 516 527 prodere
532 489 681 514 mentem
698 490 731 514 et
747 479 916 527 ingenium
932 479 1160 528 Sophillarum
1177 479 1349 521 seriorum.
1403 486 1558 521 Omnino
1573 493 1681 536 grauis
1699 492 1746 527 est
1761 507 1841 530 con-

89 541 141 566 tra
155 533 383 579 antiquitatem
401 528 552 579 opusc-„ili
570 532 677 577 ac'}io·‚
703 544 769 580 ego
786 544 865 567 vero
879 531 963 573 aliis,
981 535 1036 580 qui
1052 532 1185 569 Cebetis
1203 537 1422 583 patrocinium
1443 535 1600 587 suscipere
1615 543 1725 584 velint,
1751 545 1839 583 caus.

90 580 160 618 sam
179 595 276 632 atque
292 582 539 632 inquisitionem
568 584 716 619 lubenter
739 583 903 632 relinquo.
966 586 1075 620 Liceat
1098 596 1224 622 tantuin
1250 589 1284 623 in
1308 591 1511 626 memoriam
1536 605 1692 631 reuocare
1713 599 1838 637 notiffi-

90 647 186 672 mam
208 636 304 673 illam
331 635 460 673 Prodici
480 635 520 672 de
534 636 684 673 Hercule
700 639 732 673 iu
749 637 840 672 binio
858 636 1052 679 stelionem,
1081 652 1100 673 a
1122 639 1347 689 Xenophonte
1367 653 1602 681 memoratam.
1628 648 1729 685 Harl.

512 742 663 785 Cedit-cs,
694 742 736 778 V
733 744 866 794 erficnes
888 750 917 779 ct
934 744 1104 780 Editionts·
1129 744 1272 780 Tabulae
1291 745 1424 783 Cebetis.

28 863 35 867 ⁹
191 819 296 866 [Non
317 819 504 858 admodum
522 821 620 857 multi
646 819 743 857 codd.
771 819 951 870 supersunt.
1005 824 1044 858 In
1066 823 1146 860 Bibl.
1173 824 1330 861 Laut-ent.
1355 834 1439 861 tom.
1465 827 1503 862 11.
1526 826 1714 869 cod.XLV.
1740 847 1788 871 nr.
1804 837 1837 872 6.

88 870 172 922 plut.
193 886 239 919 57.
263 887 338 923 pag.
357 886 426 918 423,
471 877 541 909 Cat.
559 873 695 909 Bandini
711 873 786 909 cod.
803 877 834 909 iii
851 889 883 919 4.
906 872 988 911 sace.
1006 887 1050 923 15.
1068 876 1120 911 vbi
1141 876 1247 911 tabula
1265 875 1357 912 estin
1373 877 1440 915 fine
1455 892 1581 917 manca.
1598 903 1652 911 --
1687 885 1839 923 Venetis]-

88 927 125 960 in
141 926 246 961 Marci
258 927 339 962 bibl.
357 927 430 961 cod.
447 928 623 962 CCCXCI.
647 924 726 962 saec.
745 929 814 962 XV.
842 941 914 976 pag.
934 940 1003 974 194.
1031 927 1108 964 teiie
1128 928 1233 965 Catal.
1251 939 1282 964 et
1298 928 1372 964 cod.
1384 933 1632 972 ccccxciv.
1650 933 1732 973 saec.
1749 941 1838 976 XIV.

83 990 164 1027 pag.
183 990 242 1022 3¹¹·
295 981 332 1014 In
351 980 538 1026 Montfnuc.
560 979 640 1014 iiibl.
660 980 931 1016 bibliothecarum
947 982 1031 1016 Mss.
1049 992 1131 1017 tom.
1153 983 1176 1019 i.
1205 994 1280 1031 pag.
1297 985 1373 1027 476.
1388 984 1430 1019 D.
1485 985 1560 1022 Ceb.
1582 987 1689 1025 tabula
1702 1001 1737 1026 et
1754 993 1838 1029 Leo.

83 1030 183 1066 nardi
200 1033 327 1067 Aretini
345 1030 386 1067 de
406 1032 571 1080 republica
589 1032 871 1069 Florentinoiutn.
900 1031 987 1069 idem
1009 1043 1091 1069 tom.
1109 1034 1148 1069 ii.
1175 1047 1246 1083 pag.
1264 1047 1336 1079 775.
1361 1037 1399 1072 E.
1426 1035 1501 1073 cod.
1519 1039 1697 1077 Lxxvni.
1712 1044 1747 1078 in
1757 1043 1836 1080 bibl.

85 1080 186 1119 Paris.
201 1097 271 1133 reg.
302 1082 357 1120 sed
384 1083 562 1120 secundum
586 1086 725 1134 catalog.
753 1085 833 1121 Μὶς.
857 1088 952 1121 liuius
978 1085 1054 1121 bibl.
1073 1097 1217 1136 quatuor
1234 1086 1333 1122 codd.
1349 1088 1480 1126 Cebetis
1497 1089 1601 1127 inilia
1617 1097 1836 1142 reperiuntur.

88 1135 128 1171 In
146 1135 221 1172 edit.
239 1135 442 1172 Relandiana
459 1151 533 1186 pag.
554 1141 621 1173 126.
637 1136 705 1187 sqq.
723 1137 768 1173 est
793 1141 879 1174 varia
895 1139 994 1174 lec'lio
1010 1152 1028 1173 e
1043 1138 1118 1177 cod.
1133 1141 1238 1176 Msto.
1259 1152 1421 1190 excerpta.
1473 1144 1526 1178 Eo
1544 1143 1655 1193 plures
1673 1155 1710 1182 et
1729 1156 1779 1185 tot
1794 1149 1835 1185 ab

85 1189 186 1224 initio
209 1191 454 1239 typographiae
478 1189 626 1239 proslant
648 1190 826 1232 editiones,
853 1202 885 1226 vt
910 1194 1065 1227 omnium
1081 1195 1371 1228 enumerationem
1389 1193 1546 1242 praeslare
1561 1210 1737 1247 nequeam.
1768 1200 1838 1237 sal-

84 1239 169 1277 mas.
192 1245 227 1277 in
249 1240 350 1290 praef.
375 1241 412 1278 ad
437 1239 528 1278 suam
555 1241 629 1277 edit.
654 1256 729 1290 pag.
747 1256 803 1289 79.
825 1244 1014 1287 contendit,
1042 1257 1162 1279 omues
1190 1243 1262 1283 edd.
1285 1244 1325 1281 ad
1345 1244 1397 1281 sua
1413 1244 1515 1296 vsque
1530 1258 1683 1298 tempora
1698 1265 1744 1288 ex
1765 1266 1835 1290 vno

85 1291 206 1329 codice
219 1293 372 1331 manasse.
426 1297 560 1343 Saepius
577 1294 683 1331 tabula
700 1297 831 1330 Cebetis
849 1296 919 1331 aliis
941 1296 1049 1340 libris,
1077 1294 1264 1346 praesertim
1287 1298 1427 1346 Epksteti
1447 1300 1642 1338 Eiichiridio
1664 1302 1835 1342 adhaeret:

85 1342 181 1396 saepe
202 1348 236 1381 in
261 1344 565 1383 vsuinseholarum
588 1357 715 1383 tantum
737 1362 775 1383 ex
800 1351 943 1397 cognitis
966 1348 1204 1398 exemplaribus
1227 1349 1337 1386 recusa
1359 1350 1413 1388 est.
1466 1353 1591 1389 Multas
1613 1354 1774 1393 editiones
1798 1361 1834 1396 in

84 1402 200 1448 primo
224 1399 398 1435 volumine
419 1400 457 1435 ad
482 1398 685 1440 Hesiodum,
713 1402 960 1449 Pythagoram,
986 1400 1155 1450 Aesopum
1178 1412 1210 1438 et
1233 1402 1494 1452 Theognidem,
1527 1406 1641 1454 quibus
1666 1409 1834 1448 interdum

84 1450 257 1488 adiunctus
273 1451 315 1487 eil
333 1452 448 1495 Cebes,
474 1455 539 1487 iani
554 1452 688 1494 adduxi,
717 1462 815 1502 atque
831 1453 1013 1489 multarum
1035 1454 1221 1490 editionum
1237 1455 1430 1502 catalogum
1445 1456 1605 1495 dederunt
1618 1461 1784 1498 Relandns
1797 1466 1834 1500 iu

83 1501 143 1540 sua
166 1505 304 1553 Epicteti
329 1515 424 1554 atque
447 1505 576 1540 Cebetis
596 1504 760 1549 editione,
789 1517 821 1541 et
839 1506 878 1541 cl.
899 1507 1066 1554 Schilling.
1082 1505 1230 1543 laudatus
1245 1511 1295 1546 in:
1318 1508 1478 1558 Magazin
1493 1520 1556 1550 etc.
1578 1511 1716 1550 Bremae
1734 1527 1833 1562 1790.

85 1556 156 1593 vol.
175 1559 198 1593 1.
215 1568 297 1606 part.
318 1561 340 1593 i.
365 1571 438 1606 pag.
455 1565 518 1598 208
537 1555 603 1607 sqq.
623 1569 653 1593 et
670 1570 749 1605 part.
763 1559 801 1595 11.
824 1571 897 1608 pag.
914 1572 972 1603 503
989 1555 1035 1608 sq.
1087 1561 1162 1609 Ego
1181 1571 1292 1596 tamen
1308 1563 1471 1609 ampliora
1490 1561 1575 1600 dabo
1594 1561 1830 1614 supplementa.

86 1608 236 1645 Historia
258 1620 366 1646 textus
383 1612 493 1645 critica
514 1612 595 1645 haec.
618 1607 680 1646 effe
703 1611 839 1646 videtur.
892 1613 942 1647 Ex
965 1615 1095 1647 Veneto
1119 1612 1278 1661 exemplo
1299 1623 1332 1648 vt
1347 1612 1531 1663 plurimum
1554 1614 1722 1655 fluxerunt
1744 1619 1833 1656 editt.

85 1660 188 1708 vsque
204 1661 243 1698 ad
253 1662 437 1706 XVolfium,
455 1664 512 1711 qui
524 1662 693 1711 vulgatam
709 1663 890 1700 leftionem
909 1663 1094 1700 constituit:
1123 1668 1214 1700 cuius
1230 1664 1454 1703 recensionem
1473 1667 1590 1717 reliqui
1606 1670 1714 1707 modo
1730 1669 1833 1712 κριτοὶ

87 1709 182 1752 orrida
203 1712 328 1763 sequuti
353 1713 437 1757 sunt,
454 1713 561 1750 modo
580 1717 658 1750 hinc
675 1713 750 1751 inde
768 1714 990 1753 deseruerunt.
1024 1715 1200 1753 Salmasius
1215 1717 1255 1754 ad
1265 1717 1421 1754 Aldinam
1436 1718 1533 1756 simui
1550 1720 1677 1760 rediisse
1692 1725 1833 1763 videtur.

87 1767 284 1803 Gronovius
300 1780 426 1802 nouam
441 1765 580 1816 suscepit
594 1767 845 1813 recensionem,
873 1783 974 1819 quam
990 1769 1107 1819 reliqui
1125 1780 1157 1805 vt
1173 1769 1360 1819 plurimum
1377 1775 1599 1812 retinuerunt:
1625 1789 1752 1814 nouam
1767 1789 1835 1815 ten-

86 1828 156 1855 tare
173 1821 283 1867 coepit
304 1818 526 1868 Schillingius.

189 1865 257 1907 Hic
275 1874 462 1920 principem
478 1870 552 1908 edit.
565 1884 719 1920 graecam
737 1871 864 1909 laudat:
891 1872 1016 1909 Cebetis
1036 1875 1101 1910 tab.
1118 1886 1232 1922 graece
1251 1888 1311 1922 per
1328 1875 1522 1914 Beroaldum
1550 1877 1612 1916 foi.
1626 1893 1718 1930 1494-
1742 1885 1834 1919 cuius

84 1927 294 1960 mentionem
312 1924 386 1960 alibi
402 1923 556 1959 nondum
572 1923 637 1959 vidi
651 1951 660 1964 ,
687 1925 800 1962 multis
816 1925 893 1962 licet
911 1926 1066 1975 catalogis
1081 1925 1250 1965 consultis.
1293 1930 1463 1970 Primum,
1484 1943 1642 1981 quantum
1659 1934 1736 1970 alias
1753 1947 1836 1972 con.

84 1976 163 2018 ssat,
190 1978 378 2012 Ludoui‘cus
399 1977 570 2018 Otia-rius,
595 1979 789 2021 Patauinus,
814 1982 870 2028 qui
895 1980 999 2028 Igubii
1025 1982 1058 2014 in
1083 1982 1172 2015 ltalia
1195 1982 1273 2015 vixit
1295 1984 1377 2016 ‹irca
1395 1995 1423 2018 a.
1443 1983 1482 2020 C.
1507 1992 1596 2030 1485.
1613 1986 1690 2022 teste
1715 1985 1836 2024 Gesne-

85 2042 126 2065 ro
151 2032 258 2073 ΜΠ),
292 2032 387 2065 vertit
414 2029 573 2064 Cebetem
599 2042 640 2063 ex
666 2031 845 2079 integriore
865 2031 982 2067 codice
1002 2044 1141 2080 graecu,
1172 2035 1224 2078 (v.
1242 2034 1377 2080 Salmafi
1399 2033 1503 2083 praef.
1526 2036 1567 2072 ad
1591 2038 1749 2076 Cebetem
1773 2038 1836 2078 fol.

36 2091 51 2105 ⁸·
84 2080 200 2118 auerso
211 2084 321 2127 mg.)
342 2083 434 2118 cuius
457 2079 562 2117 vers20
584 2081 696 2125 latina,
717 2095 787 2117 non
812 2082 993 2130 inelegans,
1015 2082 1150 2131 prodiit,
1174 2083 1291 2121 edente
1304 2086 1461 2134 Philippo
1476 2088 1648 2135 Beroaldo,
1665 2092 1836 2129 Bononiae

84 2146 180 2182 ¹497·
193 2138 289 2178 '⁷''')
307 2149 381 2171 cum
399 2131 586 2171 Censorino
610 2145 642 2170 et
656 2135 794 2184 Epic‘tet.
815 2135 986 2172 Enchirid.
1001 2137 1176 2186 interprete
1197 2137 1316 2186 Angel.
1339 2138 1524 2185 Politiano,
1548 2155 1607 2192 per
1619 2143 1838 2183 Benedictum

1712 2198 1837 2234 Hedlo-

128 2269 243 2307 qqqqq)
262 2267 306 2295 De
322 2265 441 2296 Odaxio
455 2263 648 2294 consulendus
667 2266 707 2294 cst
723 2264 942 2296 Bernardinus
987 2276 1018 2296 12
1028 2264 1091 2308 sqq.
1110 2269 1162 2309 qui
1175 2278 1241 2310 pag.
1252 2278 1282 2306 ¹9
1299 2266 1360 2311 sqq.
1383 2268 1419 2299 de
1435 2271 1499 2300 eius
1512 2269 1640 2303 clausula
1655 2274 1770 2306 tabulae
1786 2286 1837 2307 au-

85 2305 307 2344 Scan-deonius,
333 2308 386 2338 lib.
400 2310 438 2339 11.
457 2310 520 2338 hist.
532 2311 699 2344 Patauinae,
717 2307 799 2339 classe
817 2311 852 2339 X.
875 2320 941 2351 pag.
985 2311 1031 2340 &a
1054 2310 1190 2353 disputat.

83 2355 157 2388 269.
194 2359 266 2381 tom.
291 2354 343 2383 VI.
369 2351 519 2383 Thesauri
542 2351 661 2388 Italiac,
694 2360 759 2393 part
777 2355 828 2383 ui.
868 2354 942 2385 Nic.
1030 2356 1141 2392 rrrrr)
1173 2358 1256 2386 Hanc
1285 2357 1414 2397 primam
1443 2355 1500 2388 etse
1529 2357 1709 2398 editionem,
1740 2361 1839 2393 scribit

84 2393 260 2426 comnenus
278 2402 351 2426 tom.
368 2397 405 2426 11.
428 2397 530 2425 histor.
553 2394 688 2430 Gymnas
714 2398 813 2426 Patau.
837 2407 866 2437 p.
885 2402 942 2432 185.
987 2399 1077 2428 etiam
1107 2398 1267 2439 Spizci'i'us
1296 2401 1327 2431 in
1355 2399 1475 2432 infelice
1510 2399 1649 2441 literato,
1675 2415 1750 2448 pag.
1780 2411 1838 2442 136.

86 2437 134 2471 W
131 2439 234 2479 ippeIii
252 2439 431 2470 verisimilia
454 2439 490 2469 de
505 2439 623 2470 Cebetis
645 2439 756 2477 tabula,
779 2438 806 2482 §.
823 2449 863 2477 13·
876 2450 942 2483 pag.
987 2441 1100 2473 Heum.

131 2490 260 2524 VotJI.
289 2531 295 2539 ²
1014 2487 1144 2523 Vvvv
