2071 2747
110 130 112 133 ’
140 136 232 165 vom.
247 143 330 184 ,Ἐκ-ς
921 138 1140 174 νιΡιΑΝνε
1469 140 1511 177 L.
1524 140 1570 177 Η.
1586 155 1606 176 c.
1621 139 1773 178 XXVI.
1826 145 1894 186 εκ,-

141 235 259 275 nobis,
284 243 317 268 vt
334 234 414 268 haec
435 242 466 268 et
480 231 658 268 alia'huius
673 230 814 278 farinae,
851 233 959 283 qualia
986 233 1147 270 nonnulla
1165 237 1197 269 in
1224 234 1285 270 illis
1304 234 1434 272 scholiis
1456 234 1724 274 obseruauimus,
1754 237 1899 285 leiano

141 290 332 323 tribuamus.
343 295 364 307 ⁸*
420 286 466 321 H·
493 299 523 322 r.
538 286 685 335 Vult-(sius
704 286 742 322 ad
761 290 959 334 Harpocrat.
981 300 1012 334 p.
1031 300 1083 333 92.
1100 301 1204 336 quum
1222 286 1369 329 uotaiset2
1400 289 1580 336 leianum
1599 287 1659 325 csse
1670 288 1898 324 Christianum

141 344 218 390 qnia
241 337 466 375 infecundam
482 339 723 383 Olynthiacam
742 339 852 375 laudat
868 341 1042 389 Theologi
1063 343 1278 388 prooemium
1298 344 1327 375 in
1348 340 1520 377 Basiliuim
1549 342 1654 377 addit:
1688 339 1767 385 „scd
1788 343 1819 375 in
1845 342 1901 375 Vl-

141 396 230 443 piani
259 389 392 427 scholiis
417 391 519 427 multa
530 389 628 431 0suut,
656 408 673 428 a
693 394 927 428 recentioribm
948 404 1071 429 tumere
1097 392 1224 435 adusta,
1245 393 1341 442 quale
1368 405 1398 428 et
1422 397 1488 429 hoc
1506 392 1567 430 effe
1586 396 1780 430 cxissiino.¹‘
1836 394 1899 428 Fa-

140 449 216 482 bric.
235 447 344 481 Latius
363 444 528 494 docteque
542 442 666 480 diss‘erit
680 447 719 480 dc
735 457 936 481 comme-urai
947 448 1001 487 iis„
1012 448 1066 495 qui
1081 447 1182 495 vulgo
1196 444 1419 482 adscribuntur
1428 447 1585 496 leiaiiO‚
1612 450 1660 483 lo.
1674 448 1849 493 Chapman.
1867 446 1899 480 in

141 497 436 536 Obseruatiouibus
456 501 487 532 in
505 502 764 534 commentarios
786 499 891 547 vulgo
915 500 1114 546 l'lpiaiicos,
1149 512 1231 548 quae
1253 498 1417 547 praefixae
1444 497 1516 535 suut
1542 502 1739 547 [Uotintmqij
1762 497 1899 534 editioni

139 551 320 588 Dcinollh.
341 549 532 586 serchi-um
555 554 758 587 orationum.
831 554 1019 600 Chapman.
1039 556 1135 600 igliur
1149 552 1271 601 Valefii
1289 552 1447 587 iudicium
1466 557 1630 588 examinat
1647 566 1727 602 p.27
1742 550 1786 599 sq.
1803 562 1833 587 et
1852 563 1901 586 re·

141 608 227 642 iicit,
255 615 286 640 et
307 604 519 651 polluaitiam
537 605 574 638 ab
591 606 684 640 initio
701 617 849 653 primum
871 603 1048 653 inquiliuit,
1071 606 1142 653 quis
1162 602 1259 640 fuerit
1276 605 1331 640 isse
1348 615 1605 644 commentator,
1623 619 1703 654 quae
1723 604 1767 639 illi
1786 605 1898 652 patria,

140 656 233 708 quod
254 659 424 691 literarum
442 655 582 692 lludium
596 687 606 701 ‚
632 668 663 692 et
678 659 793 706 quibus
812 656 939 692 indiciis
955 661 1182 707 externisque,
1213 671 1296 705 quae
1314 668 1492 705 vocantur,
1521 657 1735 699 testimoniis,
1763 657 1898 705 leiani

139 713 282 746 rhetoris
301 721 427 744 nomeu
444 720 474 744 et
493 708 667 758 personam
687 711 816 756 induat,
843 721 1048 759 argumenta,
1085 710 1201 759 quibus
1220 709 1364 758 leiano
1382 709 1618 750 diiudicentur,
1633 710 1761 759 colligit
1782 722 1812 744 et
1827 720 1897 758 per-

138 761 296 813 sequitur.
352 763 469 796 Sui‘tlm·
487 774 598 797 autem
619 764 725 798 Toni.
745 764 784 798 Π.
814 776 891 812 pag.
904 772 975 809 738.
1005 773 1146 813 quatuor
1162 773 1327 798 memorat
1346 764 1528 808 Vspimws,
1561 761 1614 798 sed
1634 762 1673 798 de
1689 772 1897 797 commenta-

139 819 244 852 riis⁷iu
260 814 524 850 Demosthenem
541 830 582 850 ne
599 817 734 851 verbum
756 815 903 864 quidem.
966 817 1048 850 Sunt
1065 829 1144 850 vcro
1161 814 1245 863 apud
1266 816 1361 850 illum
1386 818 1415 861 1)
1436 816 1612 862 leianus,
1631 812 1820 855 Emestnus,
1848 811 1897 849 so-

138 869 255 919 phista,
275 872 328 918 qui
353 867 394 902 de
412 871 512 915 patria
528 866 661 911 Emesa,
695 867 735 903 de
761 867 957 918 Heliopolss
991 868 1032 904 de
1050 866 1229 917 Bosporitis
1247 867 1385 917 aliisque
1401 867 1573 916 plurimis,
1601 865 1898 917 progymnasmata

139 933 171 958 et
191 932 293 958 artem
312 923 511 956 rhetoricam
536 919 664 969 scripsit.
719 922 758 966 2)
789 920 962 967 leicnnw,
983 923 1224 963 Antioc-lienus,
1243 923 1355 966 Syrus,
1373 919 1523 969 sophista,
1541 931 1692 970 tempore
1709 919 1898 956 Constanti-

139 978 185 1019 ni,
203 976 433 1024 imperatoris,
461 974 575 1009 auctor
590 973 890 1015 declamationum,
918 972 1177 1023 disputationum
1193 985 1223 1009 et
1239 974 1383 1009 aliorum
1403 973 1638 1023 quorumdam.
1701 974 1811 1008 Huius
1830 985 1898 1007 nie-

138 1031 239 1071 minit
262 1040 398 1077 quoque
421 1026 592 1074 Euagrius
617 1027 687 1062 hist.
708 1024 821 1062 eccles.
845 1027 900 1063 lib.
921 1029 942 1062 1.
972 1041 1041 1077 cap.
1062 1040 1113 1062 20.
1141 1036 1174 1062 et
1200 1030 1362 1072 Eunapius
1383 1029 1416 1062 in
1440 1029 1502 1062 vita
1519 1024 1714 1068 Proaerefii,
1739 1037 1898 1074 eumque,

137 1080 213 1121 sed,
238 1080 345 1117 iudice
362 1082 579 1128 Chapmano,
607 1083 718 1115 miuus
734 1081 820 1115 recle
839 1090 994 1129 tutoque,
1027 1082 1185 1128 opinatur
1206 1079 1330 1115 Ki'ishr.
1354 1081 1387 1114 iu
1415 1083 1521 1126 notis,
1558 1075 1784 1128 conscripsisse
1805 1090 1898 1112 com-

137 1136 318 1172 mentarios
334 1136 368 1168 in
391 1132 547 1181 quasdam
564 1132 800 1168 Demosthenis
818 1135 993 1168 orationes.
1048 1137 1081 1176 3)
1115 1133 1282 1179 l'lpianus
1297 1134 1464 1174 Giizneus‚
1480 1134 1570 1167 cuius
1590 1135 1797 1167 mentionem
1815 1141 1898 1178 quo-

138 1201 204 1237 que
221 1188 296 1222 tacit
314 1187 467 1221 Marinus
485 1187 516 1219 in
533 1189 596 1220 vita
612 1186 738 1227 Procli,
768 1199 837 1233 cap.
856 1186 909 1219 IX.
964 1187 999 1229 4)
1021 1186 1201 1232 Vhfflmm,
1229 1183 1329 1221 frater
1347 1183 1473 1228 isidori,
1490 1181 1694 1233 philosophi.
1747 1185 1839 1231 Qae
1855 1180 1897 1217 de

136 1242 206 1276 hoc
219 1239 325 1276 multa
341 1236 474 1274 tradidit
491 1237 617 1277 Suidas,
646 1252 683 1274 ea
699 1236 848 1273 desunita
866 1235 927 1273 esse
944 1251 984 1272 ex
1007 1234 1183 1273 Damascio
1207 1236 1247 1272 de
1265 1241 1326 1272 vita
1346 1235 1462 1272 llidori
1487 1238 1617 1286 colligit
1633 1235 1749 1272 Kiiller
1766 1234 1803 1270 ad
1823 1235 1896 1269 Sui-

137 1293 229 1336 dam,
247 1305 406 1342 magnam
425 1290 559 1339 quidem
578 1303 707 1338 partem
729 1291 795 1340 legi
813 1290 899 1340 apud
916 1291 1072 1325 Plurimi
1092 1293 1123 1324 iu
1140 1292 1309 1338 Excerptis
1325 1305 1341 1326 e
1354 1288 1527 1326 Damascio
1546 1303 1618 1339 pag.
1633 1302 1718 1333 ¹072·
1732 1299 1817 1330 1073.
1834 1285 1895 1321 do.

137 1358 198 1382 cer.
225 1365 277 1372 --
330 1347 365 1379 ln
384 1342 491 1379 codd.
509 1345 638 1379 MSStis
664 1342 748 1392 apud
768 1346 862 1379 Hier.
880 1343 1052 1378 VVolfiuni
1069 1341 1236 1391 inscriptio
1258 1344 1307 1377 his
1336 1343 1438 1377 verbis
1463 1342 1669 1391 designatur:
1705 1338 1896 1380 Οὗλπιανέ

137 1398 308 1448 ‘Pri-neas,
333 1399 403 1445 (qui
423 1396 558 1445 quidem
570 1397 797 1432 Antiochenns
811 1393 874 1431 esse
888 1394 1043 1437 videtum)
1070 1395 1317 1446 προλενὲμενοι
1332 1400 1378 1433 εἷς
1394 1391 1458 1435 ‘tais
1471 1395 1690 1443 Ammo-&fias
1706 1391 1894 1432 Ὀλυνθια-

136 1449 199 1492 κὲς
213 1448 269 1501 κα)
285 1448 506 1489 Φιλιππικὲς
521 1446 642 1495 Myer.
693 1450 745 1484 De
759 1449 904 1495 leiano
923 1451 1032 1496 igitur,
1052 1450 1183 1484 rhetore
1194 1449 1612 1496 Antiocheno,Chapman.
1632 1449 1696 1495 agit
1714 1446 1744 1494 §.
1758 1457 1785 1481 2.
1804 1456 1835 1480 et
1851 1456 1893 1480 ex

134 1505 218 1542 locis
238 1505 379 1551 Eunapii
395 1505 426 1537 in
445 1506 508 1537 vita
525 1499 702 1538 Pioaeresii
723 1500 878 1540 ostendit,
905 1502 1087 1549 leianuin
1110 1500 1205 1536 illum
1229 1503 1478 1536 Antiochenuni
1502 1500 1557 1536 diu
1581 1511 1655 1536 aute
1680 1498 1894 1535 Constantini
1937 1523 1941 1526 -

135 1568 289 1607 tempora
306 1552 451 1590 floruisse
471 1557 685 1600 Antiochiae,
711 1556 786 1589 circt
803 1568 820 1589 a
839 1555 920 1590 Chr.
937 1565 1009 1599 293.
1036 1567 1098 1588 nec
1115 1552 1191 1589 ideo
1208 1551 1347 1602 potuiffe
1363 1555 1627 1589 commentarios
1644 1555 1675 1586 in
1693 1553 1794 1587 Dem.
1813 1563 1893 1585 con-

134 1610 246 1647 ficere.
317 1612 577 1644 Commentator
597 1608 688 1643 enim
704 1606 891 1656 perstringit
908 1606 1068 1641 Zenonem
1084 1608 1227 1642 Citieum
1239 1635 1248 1648 ,
1282 1608 1379 1642 etiam
1399 1607 1564 1655 Cyprium
1581 1605 1725 1644 dic'lum,
1754 1605 1893 1638 rhetori-

135 1677 227 1704 cum,
243 1660 301 1707 (de
317 1674 387 1711 quo
402 1661 526 1696 multus
546 1659 589 1696 ess
601 1661 806 1709 Chapman.)
825 1670 978 1709 tempore
988 1659 1116 1702 Iuliani,
1134 1662 1218 1694 circa
1235 1659 1341 1693 aChr.
1354 1671 1423 1704 350.
1478 1657 1568 1694 Idem
1587 1666 1833 1693 commentator
1851 1652 1892 1689 ad

135 1719 325 1752 orationem
343 1725 459 1749 contra
481 1714 718 1749 Timocratem
737 1716 813 1747 citat
829 1710 1065 1758 Athanasium,
1102 1722 1134 1747 et
1157 1710 1195 1746 ad
1220 1710 1395 1746 exordium
1421 1721 1500 1749 orat.
1535 1711 1758 1755 Olynthiacae
1781 1705 1895 1744 secun-

134 1767 195 1804 dae
212 1765 344 1803 confert
360 1768 564 1815 principium
579 1767 751 1815 Theologi,
776 1766 844 1800 h.e.
856 1766 1008 1814 Gregorii
1022 1765 1243 1806 Nazianzeni‚
1263 1766 1294 1799 in
1311 1762 1499 1799 laudatione
1513 1760 1612 1799 sanc'ti
1626 1760 1747 1797 Basilii:
1773 1771 1805 1796 at
1822 1759 1894 1795 nul-

134 1821 185 1857 lus
201 1835 218 1856 a
235 1818 334 1855 Suida
347 1830 617 1854 memoratorum
635 1817 859 1867 leianorum
885 1814 1046 1866 professus
1072 1816 1117 1853 est
1137 1816 1324 1853 doclrinam
1349 1815 1580 1859 christianam,
1607 1815 1717 1851 nullus
1741 1811 1892 1862 sophista,

129 1872 278 1910 deorum
294 1872 420 1909 cultor,
447 1872 698 1906 Nazianzenum
720 1872 853 1906 vocauit
875 1869 1104 1920 Theologum
1125 1880 1156 1905 et
1181 1867 1335 1904 Bafilium
1353 1865 1474 1915 ἅγιον,
1509 1880 1606 1918 atque
1624 1865 1759 1903 Basilius
1780 1862 1893 1900 Caesa-

135 1924 249 1964 riensss
271 1935 424 1960 mortuus
449 1922 494 1958 est
529 1926 604 1959 circ.
625 1937 653 1959 a.
670 1925 751 1964 Chr.
769 1930 830 1968 378
856 1922 906 1959 vel
922 1935 994 1969 379.
1051 1924 1231 1971 Gregorius
1252 1932 1362 1958 autem
1385 1922 1615 1957 Nazianzenus
1639 1920 1748 1956 habuit
1769 1920 1892 1954 oratio-

133 1993 214 2017 nem
229 1979 373 2027 longum
391 1974 463 2024 post
479 1986 618 2024 tempus,
671 1975 764 2011 Idem
781 1986 1028 2011 commentator
1040 1973 1080 2010 ad
1100 1987 1148 2011 or.
1168 1985 1283 2016 contra
1298 1972 1443 2009 Midiarn
1463 1970 1589 2015 κοὶδὲςς,
1617 1971 1688 2008 vasa
1708 1971 1892 2011 muliebria,

132 2036 368 2081 interpretatur
383 2030 456 2067 τοὶς
474 2029 523 2066 νῦν
539 2030 688 2066 σι’τλοιςι
721 2031 788 2063 hoc
805 2039 915 2063 autem
933 2027 1131 2063 vocabulum
1143 2055 1152 2069 ,
1178 2041 1195 2062 a
1213 2025 1361 2062 Menrsio
1385 2029 1470 2062 inter
1491 2026 1649 2062 vocabula
1672 2022 1890 2074 graeco-bar-

132 2086 210 2122 bara
227 2083 389 2129 relatum,
417 2080 558 2118 ostendit
573 2082 748 2128 Chapman
761 2108 770 2121 ,
796 2082 1009 2128 incognitum
1025 2077 1118 2114 fuisse
1137 2078 1189 2114 vel
1207 2079 1369 2115 veteribus
1384 2078 1651 2128 lexicographis‚
1684 2088 1717 2113 et
1738 2075 1794 2112 diu
1817 2073 1891 2125 post

134 2139 318 2188 leianum
333 2137 523 2177 rhetorem,
558 2134 597 2168 ab
616 2131 804 2168 Alexandro
820 2131 1020 2174 Tralliauo,
1055 2131 1163 2180 (circa
1189 2145 1239 2167 an.
1265 2132 1344 2167 Chr.
1365 2133 1451 2177 530‚)
1480 2131 1532 2167 vel
1550 2134 1712 2180 primuni,
1736 2129 1787 2164 vel
1805 2131 1891 2163 inter

133 2195 264 2241 primos
280 2187 479 2236 vsurpatuin.
535 2188 587 2221 Sic
598 2187 786 2233 Chapman.
801 2184 862 2220 alia
879 2182 985 2220 adfert
1000 2183 1160 2233 loquendi
1179 2197 1298 2233 genera
1309 2212 1317 2225 ‚
1340 2196 1426 2232 quae
1443 2186 1474 2219 in
1492 2184 1553 2220 illis
1565 2184 1818 2219 commentariis
1834 2194 1890 2216 oc-

134 2252 272 2280 currunt
286 2243 440 2278 etaetatis
459 2238 533 2274 sunt
550 2238 658 2274 multo
674 2235 822 2280 serioris,
850 2251 951 2286 quam
964 2237 1128 2286 leianus
1147 2238 1261 2272 rhetor
1275 2238 1376 2283 vixit,
1404 2238 1512 2272 immo
1533 2249 1612 2272 vero
1628 2248 1808 2272 romanum
1829 2245 1888 2282 po-

133 2300 213 2337 tius,
238 2307 336 2343 quam
358 2306 513 2343 graecum
532 2288 679 2326 referunt
702 2288 905 2326 sermonem.
969 2290 1127 2338 Denique
1152 2294 1185 2335 ἓ.
1202 2301 1249 2333 14.
1267 2285 1312 2337 sq.
1338 2288 1597 2332 commonstrat,
1625 2298 1820 2337 argumenta
1837 2286 1889 2321 ilia

133 2345 362 2398 longiuscula,
389 2359 474 2394 quae
499 2346 614 2379 incerti
637 2344 780 2379 auctoris
803 2345 943 2378 nomine
964 2339 1134 2382 feruntur,
1169 2341 1208 2376 ab
1227 2340 1348 2377 eodem
1366 2340 1518 2390 profec'm
1532 2339 1644 2384 fuisse,
1679 2357 1696 2378 a
1711 2353 1778 2390 qno
1803 2335 1889 2387 i'ps05

134 2401 412 2441 commentarios,
428 2409 461 2433 et
477 2399 576 2432 vitam
592 2395 683 2432 illam
701 2394 936 2432 Demosthenis
955 2394 1102 2435 breuem,
1120 2407 1204 2443 quae
1213 2394 1389 2430 Plutarcho
1408 2392 1601 2434 inscribitur,
1614 2408 1687 2431 non
1703 2394 1767 2432 alii,
1787 2402 1888 2439 quam

133 2454 249 2494 nostro
265 2449 327 2490 effe
344 2448 562 2489 tribuendam.
616 2449 730 2487 Rebus
752 2447 798 2485 fic
817 2446 851 2486 se
865 2448 1058 2486 habentibus
1079 2449 1192 2482 incerti
1217 2444 1370 2482 censendi
1393 2445 1468 2484 sunt
1492 2448 1654 2492 auctoris,
1688 2447 1744 2497 qui
1761 2443 1890 2491 labente

603 2527 617 2545 x
1079 2501 1164 2537 Min
1179 2512 1260 2536 nim
1276 2512 1311 2536 m
1338 2511 1356 2544 3
1771 2498 1888 2545 g'raeca
