2183 2747
577 173 764 211 Husiom
797 171 954 214 ‘Azm'z
986 170 1292 214 ῊΡΛΚΛΕὉΥΣ.
1435 175 1651 217 aalma
1758 195 1820 230 579

71 275 214 309 citantur
234 271 270 322 a}
289 267 452 322 με’γοὶλοη
472 269 574 323 ficitas,
610 273 734 308 nullius
756 273 900 308 auctoris
922 274 1062 308 nomine
1091 270 1223 314 addito,
1250 268 1340 320 quod
1366 270 1454 308 haud
1475 274 1717 323 negligendum
1743 277 1817 327 csse,

69 325 226 375 posthaec
258 325 465 371 videbimus]
525 324 624 374 Qod
651 339 728 362 vero
751 326 999 374 Langbaenium
1020 324 1094 376 post
1116 325 1198 361 alios
1219 327 1306 360 viros
1329 322 1468 369 doctos,
1509 340 1538 362 e.
1555 340 1587 376 g.
1607 327 1753 365 Petitum
1775 331 1817 369 de

70 380 174 428 Leggl
190 381 285 414 Attic.
314 378 440 414 lib.vt.
466 380 510 413 tit.
530 380 586 414 tv.
612 393 644 429 p.
662 392 718 426 559
733 377 802 428 sqq.
827 377 903 414 edit.
922 376 1118 428 Wesseling.
1134 379 1284 421 vexauit‚
1311 387 1343 412 et
1366 383 1576 423 commouit,
1604 392 1638 416 vt
1659 382 1816 428 crederet,

70 432 176 468 Dieas
190 442 222 468 et
237 431 430 479 Catolognm
445 432 615 467 mulierum
634 446 695 467 nec
713 430 801 467 idem
816 444 898 480 opus
918 429 998 474 effe,
1023 444 1085 467 nec
1106 431 1261 474 eiusdem,
1289 433 1364 480 quia
1387 431 1486 467 aliam
1513 430 1660 470 fabulam
1684 434 1724 471 de
1747 439 1819 472 Phi-

71 497 136 520 neo
151 495 182 520 et
199 483 240 520 de
254 482 468 529 Endymione
485 497 525 520 ex
541 486 682 532 Magnis
696 485 808 525 Emis,
838 484 937 519 aliam
953 497 992 520 cx
1011 483 1188 519 Mulierum
1207 483 1367 533 catalogo
1394 495 1426 520 ct
1451 484 1601 522 Hesiodo
1622 489 1717 524 nobis
1740 503 1818 539 pro.

69 539 186 586 piuant
209 537 383 586 Apollonii
407 537 459 572 lib.
478 539 517 572 11.
542 546 602 578 18¹.
623 548 656 572 et
678 539 800 582 1V.57.
823 534 968 583 scholia3
1007 535 1040 572 id
1064 539 1206 573 omnino
1229 535 1492 574 consideratione
1511 537 1654 589 dignum
1678 540 1816 578 videtur.

69 591 156 625 Nam
174 588 359 625 Hesiodum
377 600 481 626 aetate
498 587 552 625 sua
567 589 675 625 adhuc
691 588 830 639 simplici
850 592 882 624 iu
898 603 965 625 vno
979 587 1165 639 eodemque
1186 602 1287 639 opere
1309 586 1420 626 secum
1444 589 1622 641 pugnasse,
1649 603 1705 630 aut
1727 608 1815 632 eam.

68 640 147 677 dem
163 639 311 679 fabulam
328 643 373 677 bis
392 653 423 677 ct
438 641 522 678 adeo
539 640 665 678 diuersa
683 645 809 678 ratione
825 640 1004 686 enarrasse,
1031 642 1121 678 haud
1138 641 1292 680 credibile
1305 641 1361 679 est.
1416 645 1528 693 Qare
1542 644 1632 681 haud
1648 649 1815 697 improba.

69 694 134 730 bile
156 697 239 730 mihi
265 692 328 730 esse
352 693 498 738 videtur,
530 696 583 732 vel
603 696 704 732 libros
728 695 804 731 illos
827 697 893 731 iam
918 697 1096 745 antiquitus
1117 692 1211 731 fuisse
1231 694 1467 746 interpolatos,
1499 700 1628 734 intextis
1657 699 1814 746 aliorum,

66 751 243 797 praecipue
268 745 533 796 rhapsodorum‚
566 748 827 791 narrationibus,
859 747 913 783 vel
937 762 954 784 a
977 749 1072 783 variis
1096 748 1283 784 audioribus
1303 747 1405 784 libros
1430 749 1524 791 illos,
1556 764 1640 801 quos
1669 766 1814 791 numero

68 803 214 850 quinque
231 798 326 836 suissi:
341 797 448 836 scribit
462 799 595 843 Suidas,
624 798 686 836 esse
701 811 792 836 ortos
813 810 864 846 et,
890 803 1051 850 quoniam
1078 803 1268 836 continuata
1291 798 1462 838 videbatur
1485 813 1597 839 eratue
1617 805 1814 855 theogonia,

3 846 15 858 '
67 852 205 888 demum
228 856 261 887 in
281 866 384 888 vnum
411 852 572 889 volumen
593 854 746 897 coactos,
778 853 894 903 quibus
915 866 1042 889 nomen
1065 853 1196 903 Hsfiodi
1219 854 1262 889 ob
1283 852 1370 889 illius
1392 857 1623 893 auctoritatem
1646 868 1678 894 et
1704 862 1814 909 operis

66 904 212 941 eiusdem
229 907 416 953 argumenti
434 904 682 941 similitudinem
693 934 704 949 .,
731 915 787 941 aut
800 907 876 955 quia
891 904 1099 955 reliquorum
1113 908 1252 942 nomina
1268 907 1303 941 in
1319 904 1528 944 obliuionem
1543 920 1723 958 venerunt,
1749 909 1814 949 fuit

64 958 263 1007 praefixum.
315 956 488 1006 Qosdam
503 971 582 994 vcro
598 971 635 993 ex
651 960 777 1008 poetis,
802 959 859 1007 qui
873 961 972 997 ἔπεσι
990 969 1112 994 veteres
1126 960 1262 1005 mythos
1282 956 1482 1007 exposuere,
1506 962 1735 1011 heroogonias
1749 963 1813 1001 esse

64 1006 298 1060 persequutos,
324 1010 461 1046 conflat.
496 1009 562 1047 vid.
585 1009 644 1046 cel.
662 1011 778 1058 Hcync
799 1021 985 1047 comment.
1001 1009 1041 1046 ad
1060 1010 1262 1060 Apollodori
1286 1011 1546 1056 Bibliothecam,
1569 1015 1638 1051 vol.
1655 1017 1713 1050 111.
1735 1030 1810 1066 pag.

65 1074 123 1110 915
141 1060 208 1113 sqq.
261 1064 348 1099 Rem
368 1073 478 1099 autem
502 1065 544 1098 ita
571 1060 602 1099 se
620 1063 760 1106 habere,
785 1061 941 1111 equidem
964 1060 1119 1113 suspicor.
1136 1062 1320 1106 Hesiodus,
1346 1065 1523 1116 postquam
1547 1067 1582 1101 in
1604 1067 1812 1118 Theogonia

65 1115 202 1152 dearum
219 1128 351 1152 amores
366 1129 442 1165 erga
459 1115 618 1152 mortales
635 1113 846 1166 exposuerat,
873 1126 1026 1165 precatur
1047 1118 1083 1152 in
1105 1118 1278 1158 extremis,
1301 1119 1400 1165 (quae
1420 1118 1444 1154 fi
1466 1118 1506 1153 ab
1526 1117 1676 1156 Hesiodo
1700 1119 1813 1172 profe.

64 1171 116 1205 ssa
131 1165 225 1212 sunt,
249 1178 281 1204 et
296 1165 410 1204 absunt
427 1183 444 1204 a
460 1167 535 1205 cod.
551 1167 728 1214 Mediceo,
755 1167 834 1204 teste
848 1166 1014 1203 Bandinio
1029 1171 1063 1203 in
1078 1169 1242 1218 Catalogo
1260 1170 1355 1204 MSS.
1372 1182 1423 1218 gr.
1442 1174 1475 1205 in
1490 1171 1810 1212 Biblioth.Laure11t.

64 1222 133 1256 vol.
151 1222 191 1256 Π.
211 1234 284 1270 pag.
301 1233 351 1267 95.
368 1234 416 1256 nr.
433 1224 488 1266 11.)
504 1232 539 1256 vt
553 1218 671 1257 Musae
686 1218 913 1258 foeminarum
931 1233 1035 1270 genus
1052 1231 1195 1257 cantent.
1249 1224 1287 1256 In
1304 1223 1364 1256 hac
1378 1223 1479 1269 igitur
1494 1223 1592 1260 altera
1610 1236 1702 1275 parte
1719 1241 1809 1262 enar.

65 1274 155 1308 rabat
171 1274 286 1308 heroes
302 1284 395 1308 natos
412 1288 430 1309 e
443 1271 617 1323 congressu
634 1273 776 1310 deorum
801 1286 879 1308 cum
900 1270 1059 1308 foeminis
1078 1274 1285 1310 mortalibus.
1343 1274 1483 1311 Vberius
1503 1279 1536 1311 in
1558 1277 1616 1313 illo
1636 1283 1809 1328 poematio

66 1322 255 1375 explicuisse
274 1324 400 1361 videtur
416 1337 549 1368 ortum,
575 1323 642 1362 fata
658 1339 774 1377 resque
788 1325 891 1374 gestas
906 1326 1083 1369 Herculis,
1111 1329 1194 1362 inter
1214 1326 1359 1375 reliquos
1373 1327 1492 1364 heroas
1513 1340 1649 1379 propter
1664 1332 1813 1368 multitu-

65 1377 177 1413 dinem
202 1378 354 1414 laborum
376 1389 408 1414 et
426 1381 624 1414 meritorum
648 1380 860 1428 nominisque
883 1377 1049 1428 gloriam,
1076 1381 1109 1414 in
1134 1382 1247 1428 primis
1271 1378 1416 1415 celebris.
1479 1383 1531 1416 Sic
1557 1383 1747 1420 Scholiastes
1769 1383 1810 1422 ad

66 1432 210 1467 Homeri
238 1430 329 1468 Iliad.
344 1428 393 1476 β’.
410 1446 441 1467 ν.
459 1433 530 1475 326.
554 1445 585 1494 p.
601 1434 652 1478 65.
668 1430 742 1467 edit.
760 1427 890 1468 Villois.
914 1430 1077 1481 quaedam
1099 1430 1139 1467 de
1160 1431 1308 1467 Hercule
1330 1444 1484 1475 narrans,
1514 1435 1585 1470 linit
1608 1440 1808 1482 orationem,

65 1485 165 1533 ἱςρρᾷ
185 1480 337 1522 ‘fio-[0325
359 1487 390 1522 ἐγ
416 1493 646 1531 κωταλοιγως.
702 1485 740 1519 In
760 1485 811 1519 his
836 1485 937 1533 igitur
961 1484 1071 1534 plures
1088 1485 1243 1520 Herculis
1256 1481 1391 1530 *fabulas
1409 1485 1596 1522 Hesiodum
1624 1487 1686 1524 esse
1704 1488 1810 1539 perse-

86 1548 224 1578 nutum,
250 1546 281 1572 et
296 1550 334 1572 ex
351 1539 387 1571 iis
402 1540 556 1586 exiguam
574 1547 722 1586 partem,
747 1549 897 1586 pugnam
920 1550 997 1572 cum
1014 1539 1136 1582 Cycno
1148 1566 1157 1579 ,
1175 1538 1308 1585 sculum
1328 1538 1480 1572 Herculis
1507 1537 1696 1590 inscriptam
1709 1571 1718 1585 ,
1746 1541 1810 1579 effe

19 1608 21 1610 ·
75 1599 242 1632 efflatam,
268 1588 305 1624 fit
321 1589 484 1626 credibile.
541 1590 611 1626 Gin
631 1591 729 1625 etiam
758 1591 791 1624 in
815 1586 870 1624 sua
894 1588 1012 1637 gallica
1029 1588 1166 1625 Hesiodi
1193 1588 1340 1625 versione
1360 1600 1472 1639 putat,
1500 1593 1637 1628 Scutum
1654 1594 1809 1632 Herculis

60 1638 124 1677 effe
137 1639 364 1692 fragmentum
383 1642 469 1678 illius
486 1644 605 1693 operis.
659 1643 768 1677 Huius
787 1644 942 1677 carminis
972 1640 1127 1679 Hesiodei
1150 1655 1224 1692 pars
1250 1655 1382 1692 quoque
1407 1639 1503 1678 fuisse
1529 1644 1678 1682 videntur
1696 1647 1808 1697 Ceycis

62 1696 194 1740 nuptiae
215 1693 302 1743 apud
324 1693 482 1732 scholiast.
506 1694 546 1730 ad
569 1693 792 1745 Apollonium
813 1692 985 1730 Rhodium
1005 1697 1028 1729 1.
1054 1703 1141 1741 1289.
1171 1690 1316 1734 ‘He-1080.
1343 1698 1374 1733 ἐν
1397 1695 1448 1748 τῷ
1470 1694 1596 1741 Κήυκος
1622 1695 1752 1752 Ὑάμῳ,
1775 1710 1810 1737 et

62 1744 265 1781 Athenaeum
282 1749 320 1782 11.
336 1760 408 1796 cap.
426 1760 473 1783 ιο.
497 1760 573 1797 pag.
588 1760 640 1794 49.
655 1749 688 1783 B.
714 1742 866 1787 Ἠσίοδος
883 1750 915 1785 ἓν
930 1744 1054 1792 Κῆὕκος
1069 1747 1198 1801 Ὑάμῳ,
1225 1751 1279 1798 qui
1307 1747 1414 1791 addit,
1441 1753 1592 1797 quamuis
1613 1757 1808 1800 grammati-

64 1798 94 1832 ci
110 1795 246 1846 quidam
265 1797 400 1834 Hesiodi
418 1796 525 1835 versus
540 1801 604 1835 hos
620 1797 681 1834 esse
697 1810 838 1849 mgna,
867 1797 926 1835 suo
949 1811 1061 1836 tamen
1084 1799 1206 1836 iudicio
1233 1799 1374 1836 vetustos
1396 1798 1477 1847 effe,
1511 1807 1580 1847 ἔπη
1601 1805 1724 1844 ταῦτα
1748 1804 1809 1859 εἰς.

65 1850 161 1896 χοῦσι
179 1845 268 1897 eiius.
321 1850 421 1898 Qod
437 1864 515 1887 vero
532 1852 611 1886 haec
627 1855 771 1888 narratio
785 1864 816 1888 et
833 1851 888 1887 illa
909 1851 950 1888 de
968 1850 1060 1889 scuto
1077 1853 1233 1889 Herculis
1257 1852 1403 1902 aliaeque
1424 1851 1595 1902 longiores
1620 1854 1756 1894 suerunt
1777 1869 1810 1895 et

63 1899 178 1937 forsan
196 1899 365 1953 rhapsodis
388 1902 674 1938 memorabiliores
691 1901 775 1938 visae
796 1901 888 1940 sunt:
917 1918 934 1939 a
956 1905 1090 1955 reliquis
1115 1916 1288 1954 tamquam
1311 1902 1460 1941 abscissae
1480 1909 1663 1955 peculiares
1683 1911 1723 1946 ab
1743 1910 1808 1948 illis

60 1950 233 2003 rhapsodis
247 1965 303 1991 aut
321 1956 546 2004 grammaticis
561 1966 757 2004 acceperunt
773 1953 1015 2005 inscriptiones3
1042 1956 1134 2008 quod
1151 1961 1182 1993 in
1203 1959 1380 1993 homericis
1397 1959 1596 1997 carminibus
1618 1959 1746 1999 fastum
1762 1961 1808 2001 es.

0 2010 1 2013 ’
61 2001 95 2042 se
109 2005 244 2043 constat.
297 2009 394 2043 Tum
410 2009 554 2042 narratio
572 2005 611 2042 dc
627 2020 739 2056 pugna
757 2008 910 2043 Herculis
924 2022 1001 2046 cum
1019 2012 1139 2056 Cycno
1157 2023 1234 2060 prae
1249 2012 1362 2046 ceteris
1382 2008 1537 2059 placuiss'e
1555 2013 1685 2052 videtur
1704 2016 1807 2066 pluri.

62 2057 142 2101 bus,
167 2057 308 2110 ideoque
319 2059 490 2095 decantata
509 2055 632 2107 saepius
648 2069 678 2095 et
703 2063 836 2110 repetita
850 2089 860 2103 ,
889 2074 996 2110 eoque
1018 2061 1181 2099 vindicata
1203 2061 1246 2098 est
1267 2062 1306 2098 ab
1329 2064 1470 2098 interitu.
1522 2065 1616 2114 Qae
1663 2068 1731 2105 uod
1750 2084 1807 2120 pe-

61 2110 221 2148 culiarem
246 2111 493 2162 inscriptionem
517 2109 664 2148 similiter
684 2124 871 2162 acceperat,
899 2112 974 2149 inde
1002 2111 1098 2151 facile
1112 2114 1182 2150 fieri
1200 2116 1327 2164 potuit,
1353 2124 1387 2150 vt
1410 2129 1428 2150 a
1445 2112 1617 2153 serioribus
1640 2082 1808 2172 scriptori-

61 2162 138 2207 bus,
163 2167 220 2214 qui
241 2168 408 2215 integrum
436 2177 520 2213 opus
541 2178 611 2200 uon
635 2164 776 2215 amplius
793 2162 919 2201 versare
943 2167 1095 2203 manibus
1114 2176 1287 2216 poterant,
1315 2168 1446 2202 Statum
1462 2178 1494 2204 et
1511 2170 1615 2205 Eoeac
1631 2182 1807 2222 tamquam

62 2213 209 2253 distin&
246 2232 346 2269 opera
379 2227 659 2253 memorarentur.
739 2221 848 2267 Atque
878 2218 1032 2268 equidem
1066 2218 1160 2254 valde
1197 2216 1362 2267 suspicor,
1401 2217 1650 2270 inscriptionem
1682 2224 1806 2278 ‘Holoeh

64 2267 107 2304 ob
132 2270 282 2308 crebram
311 2273 543 2320 repetitionem
566 2265 617 2308 ''t-1
648 2265 730 2317 ἔφη,
763 2269 847 2315 (vid.
863 2271 1003 2306 Bennoi.
1030 2269 1071 2306 ad
1096 2272 1215 2309 Horat.
1237 2272 1343 2307 Sat.1.
1372 2283 1401 2315 3,
1417 2279 1464 2316 7·)
1494 2271 1561 2309 siue
1589 2275 1805 2329 κατάλογος

64 2321 225 2368 Ὺυναικόν
259 2338 278 2359 a
307 2324 532 2373 grammaticis
563 2320 702 2357 demum
728 2325 874 2371 poemati
904 2319 996 2358 fuisse
1020 2323 1216 2373 praefixam.
1295 2326 1405 2373 Atque
1430 2325 1569 2374 Gedoyn
1591 2330 1627 2364 in
1646 2328 1807 2383 interpress

62 2380 119 2410 ut.
133 2374 345 2426 quorundam
363 2375 520 2413 locorum
545 2387 593 2424 gr.
611 2372 799 2411 difficilium
823 2377 857 2410 in
877 2374 1024 2411 Historia
1044 2372 1108 2413 soc.
1131 2378 1241 2425 regiae
1266 2373 1414 2425 Inscript.
1430 2388 1492 2415 etc.
1521 2378 1618 2418 Paris.
1640 2394 1726 2433 part.
1743 2386 1800 2423 IV,

62 2420 238 2466 secundum
254 2431 482 2480 germanicam
498 2423 728 2463 Gottschcdiae
744 2425 928 2464 versionem
943 2443 977 2478 p.
993 2440 1059 2473 255.
1075 2427 1164 2464 idem
1181 2428 1246 2464 iam
1266 2425 1412 2472 sensisse,
1438 2430 1550 2480 postea
1571 2439 1729 2484 cognoui.
1752 2459 1806 2466 —

63 2473 168 2530 Ἦὸια]
183 2492 316 2530 autem,
339 2484 415 2533 quia
430 2483 530 2518 etiam
543 2477 607 2516 fuit
621 2478 810 2529 catalogus,
837 2480 877 2516 ab
890 2478 1060 2568 Hesychig
1077 2480 1159 2516 bene
1178 2490 1360 2531 potuerunt
1377 2484 1531 2534 explicari
1554 2484 1572 2524 ὅ
1593 2484 1805 2536 κατάλογος

911 2531 977 2569 Dd
1004 2531 1025 2568 d
1083 2546 1102 2569 2
1667 2538 1804 2584 ‘Haleis

1594 2600 1601 2621 1,
