2183 2747
65 120 131 157 Vol.
146 125 168 155 Ι.
182 133 208 160 p.
225 125 356 159 mrsu
757 119 922 161 DRACO
987 123 1140 160 SOLON
1394 122 1464 160 Lib.
1475 123 1526 161 II,
1542 135 1564 157 c.
1576 122 1685 159 XIV.

172 223 246 259 XV.
276 221 351 259 Post
375 219 634 272 Triptolemum
657 220 747 270 leges
771 219 838 256 siue
861 214 1000 269 θεσμὲς
1024 217 1273 254 Atheniensibus
1298 217 1371 254 tulit
1400 219 1590 255 DRACO
1627 221 1691 254 iani
1722 217 1829 261 senex,

66 278 154 313 eirca
172 273 380 324 Olympiade
398 275 550 311 XXXIX.
571 286 595 313 1.
630 274 805 317 (Clemens
828 274 860 308 I.
877 274 998 309 Strom.
1019 284 1053 318 p.
1065 275 1152 319 309.)
1176 271 1346 322 republica
1371 274 1435 307 iam
1464 272 1658 315 constituta,
1694 283 1829 308 notante

66 327 243 365 Aristotele
263 329 335 363 Lib.
353 329 407 363 II.
423 327 554 364 Politic.
573 340 596 362 c.
614 339 654 361 ιο.
681 328 732 362 vbi
749 325 857 369 addit,
885 325 966 361 nihil
981 327 1159 375 proprium
1174 328 1242 360 cius
1267 324 1356 374 leges
1379 323 1544 368 habuiisti,
1571 324 1661 375 quod
1685 323 1827 373 dignum

65 384 234 418 memoria
254 380 312 423 sit,
339 391 470 432 praeter
485 376 713 430 asperitatem,
742 390 879 430 propter
898 391 1025 428 poenae
1041 376 1328 427 magnitudinem3
1357 377 1443 414 vnde
1458 390 1578 414 notum
1599 377 1757 413 Herodici
1781 377 1827 413 di-

66 436 162 472 ctum
178 433 267 486 apud
284 432 429 470 eundem
445 432 658 469 Aristotelem
675 433 749 469 Lib.
766 435 820 468 11.
841 432 975 467 Rhetor.
994 444 1019 468 c.
1037 443 1082 476 23.
1107 432 1192 479 leges
1216 443 1282 466 mm
1304 432 1439 466 hominis
1462 431 1535 479 ff,
1558 432 1622 480 sed
1643 432 1827 466 Draconis:

63 490 214 538 itemque
229 485 319 523 aliud
336 485 496 523 iudicium
516 485 693 529 Demadis,
721 485 863 522 relatum
886 499 903 520 a
932 484 1110 521 Plutarcho
1136 487 1169 519 in
1191 484 1325 527 Solone,
1351 486 1439 531 quod
1450 485 1634 532 sauguine,
1661 496 1721 519 non
1739 491 1828 519 ntra.

63 547 193 581 mento,
218 541 304 588 leges
319 540 402 588 sicas
415 539 598 588 firipstfflt.
651 537 746 575 Adde
772 538 921 575 Gellium
949 538 1025 574 Lib.
1043 538 1113 572 XI.
1135 544 1221 575 1218.
1250 536 1385 573 Suidam
1411 540 1444 572 in
1471 540 1599 579 Νίκων,
1625 548 1657 573 et
1674 538 1826 573 Tzetzen

65 590 208 630 chiliad.
229 593 275 629 V.
292 591 363 640 hist.
374 605 406 637 5.
423 591 464 639 ³⁶)
517 582 570 627 De
585 594 652 627 cius
671 592 793 628 statutis
811 589 1033 628 consulendus
1049 589 1257 640 Pardulphus
1274 592 1417 626 Prateius
1432 593 1465 625 in
1483 593 1748 638 Itu-irprudenlia
1775 603 1826 625 ve-

60 648 125 690 teri
138 645 306 682 Draconis
323 652 353 682 et
369 645 495 681 Solonis
510 657 577 680 cum
593 645 743 680 Romano
760 647 831 680 iure
851 645 958 692 legum
973 643 1154 691 Regiorum
1172 655 1208 677 ac
1223 643 1496 679 Decemniralium
1514 645 1688 692 diligenter
1708 644 1824 679 collata

62 698 176 747 Lugd.
193 711 264 743 1559.
286 706 316 738 8.

377 696 463 733 Vide
485 707 517 734 et
541 699 592 734 Io.
609 696 797 734 Meursium
819 699 852 732 in
878 697 993 732 Solone
1007 710 1032 732 c.
1053 707 1090 742 13.
1126 697 1360 733 Marshamum
1382 697 1464 733 Can.
1485 696 1606 734 Clzron.
1626 710 1662 744 p.
1681 696 1823 744 039.s1.q.

60 752 150 788 Dan.
174 750 262 788 Frid.
286 752 356 786 Iani
387 750 456 798 diff
485 751 524 786 de
546 750 700 786 Dracone
719 751 905 798 legislatore
928 749 1180 800 Atheniery‘ium.
1208 749 1301 798 Lips.
1325 761 1405 791 1707·
1441 760 1472 786 et
1501 749 1752 799 Gundlingiana
1777 750 1822 786 P.

60 804 251 840 XXXIX.
269 816 297 843 2.
349 805 402 840 De
418 805 492 840 Deo
505 814 536 839 et
553 804 646 839 rebus
661 803 799 845 diuinis,
824 816 862 839 ac
877 801 919 838 de
934 805 1052 838 virtute
1068 801 1151 837 nihil
1167 801 1365 852 praecepisse
1384 799 1506 853 σεμνές
1526 805 1690 840 Draconis
1707 799 1825 853 νέμεις,

59 870 98 893 ac
112 870 154 894 ne
169 857 303 894 Solonis
320 855 455 907 quidem
467 885 476 894 ,
512 859 641 893 notauit
657 857 830 893 Maximus
849 857 978 903 Tyrius
1001 855 1067 904 diff
1083 856 1275 892 XXXIX.
1292 857 1334 903 3“)
1363 856 1419 902 [lf]

165 946 256 982 XVI.
286 946 464 981 SOLON
493 955 564 981 vtut
578 959 718 996 pauper,
745 958 862 981 verum
883 946 933 979 vir
948 942 1092 993 sapiens,
1121 954 1152 980 et
1168 946 1223 993 qui
1240 942 1294 979 diu
1311 946 1344 978 in
1363 942 1437 980 Afia
1453 954 1484 980 et
1498 946 1656 996 Aegypto
1676 948 1822 996 peregri.

58 1008 153 1046 uatus
170 1008 258 1043 erat,
285 1000 464 1048 (Lucianus
480 1001 516 1035 iu
531 999 650 1049 Scytha
669 998 705 1037 T
701 1011 760 1035 om.
775 999 807 1035 I.
817 1010 856 1046 p.
868 1010 933 1043 595.
960 995 1134 1035 Diodorus
1149 998 1213 1036 Sic.
1227 999 1261 1033 in
1276 997 1436 1045 Excerpt.
1453 997 1594 1047 Peinsc.
1603 1012 1642 1046 p.
1660 1011 1723 1046 253,
1729 999 1822 1048 seq.)

102 1119 152 1153 36)
191 1119 288 1148 Draco
324 1119 438 1158 primus
476 1115 651 1160 popularem
691 1117 910 1148 Atheniensium

57 1161 290 1203 rempublicam,
314 1163 372 1190 iam
391 1172 406 1190 a
421 1161 544 1192 Theseo
565 1161 714 1203 quondam
737 1163 910 1198 institutam,

58 1213 90 1235 vt
106 1204 274 1235 Aristoteles
291 1204 358 1235 Lib.
375 1205 421 1237 II.
442 1205 481 1236 de
496 1205 623 1246 Repubt.
647 1215 670 1236 c.
687 1215 734 1236 10.
756 1206 910 1244 fignificat,

57 1248 171 1286 legibus
194 1251 381 1290 temperauit.
447 1249 596 1288 Abrogato
625 1251 704 1279 enim
735 1250 910 1279 archontum

57 1294 206 1334 imperio,
227 1292 425 1334 popularique
447 1293 627 1334 reipublicae
651 1295 723 1324 statu
740 1294 910 1330 constituto,

57 1346 124 1366 cum
142 1339 246 1378 primis
264 1337 450 1378 temporibus
471 1336 589 1367 fortasse
610 1348 698 1367 nemo
711 1340 752 1368 ita
768 1337 909 1379 sapientia

56 1379 198 1410 excellere
222 1382 251 1410 in
276 1383 395 1411 ciuitate
417 1389 590 1422 putaretur,
613 1389 648 1412 vt
669 1380 746 1420 leges
762 1383 910 1412 institutae

54 1423 236 1465 reipublicae
258 1424 465 1455 consentaneas
485 1424 578 1467 posset
600 1428 786 1464 excogitare,
816 1434 844 1456 et
866 1426 908 1456 ef«

54 1465 168 1498 frenata
190 1470 300 1497 ciuium
322 1468 440 1499 licentia
461 1471 491 1499 in
512 1469 573 1499 dics
589 1472 681 1508 magis
696 1472 849 1511 magisque
863 1472 907 1499 in-

54 1510 229 1541 valesceret:
254 1523 331 1541 anno
346 1512 483 1549 demum,
508 1514 662 1555 postquam
679 1512 806 1556 populus
824 1525 908 1556 prae-

54 1554 109 1585 esse
124 1556 304 1597 reipublicae
320 1558 434 1597 coepit,
455 1556 632 1595 sexagesimo
655 1567 778 1599 quarto,
804 1557 908 1592 Olym-

53 1599 147 1641 piadis
163 1602 296 1630 XXXIX.
316 1609 440 1641 quarto,
464 1609 496 1631 vt
518 1602 666 1631 Tatianus
688 1602 779 1633 Orat.
796 1606 908 1633 contra

53 1644 191 1675 Graecos
220 1654 243 1674 c.
259 1643 348 1675 XLI.
379 1646 409 1674 in
437 1646 539 1675 Iustini
562 1647 651 1675 Mart.
675 1646 766 1686 Oper.
786 1646 908 1686 1⁷·276·

53 1686 123 1718 edit.
143 1686 242 1729 Paris.
262 1697 358 1728 1742.
375 1690 538 1719 memoriae
553 1689 706 1731 prodidit,
730 1701 818 1731 quem
841 1689 906 1720 Cle-

52 1741 132 1761 mens
149 1730 230 1761 Alex.
246 1731 313 1762 Lib.
328 1732 355 1763 I.
371 1732 490 1764 Strom.
505 1742 537 1773 p.
547 1742 622 1773 309·
644 1734 716 1764 edit.
732 1734 853 1765 Foster.
877 1742 907 1765 et

52 1774 191 1806 Eusebius
213 1775 303 1806 secuti
332 1775 416 1813 sunt,
453 1778 600 1814 Draconi,
641 1779 699 1807 ciui
725 1779 904 1816 Atheniensi,

52 1820 118 1850 viro
135 1820 283 1861 probitate
299 1819 476 1862 conspicuo,
499 1820 592 1852 multa
607 1821 764 1863 prudentia
785 1823 902 1864 praedi-

50 1869 100 1899 to,
130 1865 263 1905 iurisque
284 1864 381 1893 diuini
402 1873 431 1894 et
452 1865 575 1895 humani
595 1868 713 1906 perito,
745 1873 777 1896 vt
803 1875 902 1897 narrat

0 1941 1 1951 ἵ
51 1905 162 1937 Gellius
181 1907 250 1938 Lib.
265 1907 329 1939 XI.
347 1907 437 1939 Νοέἴ.
452 1907 551 1940 Amc.
574 1920 596 1940 c.
613 1914 660 1945 18.
688 1909 902 1951 rempublicam

50 1947 162 1989 legibus
185 1952 438 1989 constringendam
466 1952 685 1983 commiserunt.
738 1956 828 1993 Leges
850 1965 901 1985 au-

50 2000 108 2024 tem
124 2006 140 2024 a
159 1998 294 2026 Dracone
310 1994 384 2026 latae
398 1996 434 2026 ab
452 1995 516 2038 ipso
531 2008 633 2027 earum
647 1997 773 2027 exordio
797 1999 903 2034 θεσμοὶ

50 2036 236 2076 dicebantur,
259 2047 292 2069 vt
313 2040 458 2071 Meursius
482 2040 585 2072 Solon.
603 2050 670 2082 cap.
687 2041 790 2073 XIII.
819 2043 900 2073 Kuh-

50 2082 114 2112 hius
140 2091 169 2113 et
196 2085 366 2114 Perizonius
395 2083 431 2114 ad
453 2083 578 2116 Aelian.
600 2084 666 2116 Lib.
685 2085 783 2118 VIII.
816 2087 851 2119 V
848 2095 896 2118 ar.

48 2123 125 2168 Hist.
147 2136 171 2158 c.
188 2137 235 2158 10.
259 2127 433 2158 docuerunt.
497 2129 614 2166 Quibus
635 2129 823 2159 Athenienses
844 2142 898 2172 per

48 2177 138 2209 moos
154 2172 258 2209 viginti
278 2171 388 2213 septem
402 2172 443 2202 vsi
460 2170 524 2202 sunt
543 2183 636 2213 vsque
656 2172 692 2203 atl
708 2172 896 2215 Olympiadis

50 2211 149 2244 val.
171 2225 279 2244 annum
300 2218 440 2252 tertium,
475 2226 536 2257 quo
564 2216 654 2246 Solon
683 2217 895 2258 rempublicam

51 2259 133 2286 nouis
156 2257 268 2296 legibus
289 2261 504 2300 institutisque,
546 2261 689 2290 Draconis
718 2270 833 2298 tamen,
863 2270 897 2293 vt

50 2297 182 2343 deinceps
197 2301 376 2339 videbimus,
400 2303 584 2342 legislatione
601 2304 678 2333 haud
693 2307 809 2345 penitus
824 2306 896 2335 abo-

48 2338 110 2379 lita,
132 2346 275 2376 instruxit.
321 2350 387 2385 Qra
402 2349 432 2376 in
449 2358 480 2377 rc
493 2350 624 2385 grauiter
639 2347 733 2389 lapsus
748 2350 789 2379 est
802 2350 894 2380 Tzet-

49 2385 175 2431 &doto
194 2399 211 2419 a
232 2390 365 2421 Fabficio
380 2390 517 2426 laudam,
542 2393 593 2432 qui
610 2390 793 2433 septennium
810 2393 894 2422 dinn-

49 2433 126 2467 ψη
151 2434 228 2463 inter
254 2435 398 2464 Draconis
422 2441 450 2465 et
471 2434 586 2465 Solonis
611 2434 687 2474 leges
708 2436 892 2467 intercessisse

1778 1052 1820 1088 ab

965 1113 1142 1157 Atheniens
1165 1126 1189 1147 c.
1199 1124 1232 1156 5.
1259 1117 1290 1148 T
1285 1127 1341 1148 om.
1361 1117 1399 1150 V.
1417 1118 1510 1158 Oper.
1527 1128 1604 1149 cura
1622 1117 1701 1150 Phil.
1718 1118 1822 1160 Arge-

964 1162 1025 1191 lati
1036 1171 1069 1202 p.
1086 1160 1207 1202 29.seq.
1229 1169 1257 1190 et
1277 1161 1313 1191 de
1339 1161 1479 1201 Tempor.
1498 1162 1674 1203 Atheniens
1691 1162 1765 1194 ibid.
1787 1174 1819 1203 p.

964 1205 1112 1237 XXXV.
1144 1205 1297 1234 Corfinum
1316 1206 1393 1246 fast.
1411 1206 1508 1236 Attis.
1530 1208 1612 1237 Tom.
1631 1207 1694 1238 Ill.
1718 1217 1748 1246 p.
1767 1208 1819 1238 62.

964 1257 993 1278 et
1015 1248 1052 1278 de
1075 1249 1174 1278 cauffis
1195 1258 1283 1290 atquc
1306 1248 1405 1279 indole
1427 1249 1523 1289 legum
1539 1253 1682 1281 Draconis
1699 1252 1818 1290 Cogno..-

964 1300 1027 1323 tum
1054 1293 1140 1324 Tom.
1156 1293 1225 1324 III.
1249 1292 1316 1324 Lib.
1331 1293 1357 1324 I.
1382 1303 1404 1323 c.
1417 1303 1450 1333 5.
1474 1299 1579 1325 art.1.
1624 1296 1817 1325 Meinersium

961 1336 1042 1378 Hist.
1062 1336 1175 1368 Litter.
1198 1335 1267 1368 Lib.
1285 1336 1343 1369 VI.
1368 1345 1393 1367 c.
1408 1347 1434 1367 1.
1459 1337 1526 1369 Vol.
1541 1338 1588 1370 II.
1609 1348 1641 1379 p.
1665 1339 1713 1369 16.
1728 1338 1815 1381 seqq.

962 1388 990 1411 et
1006 1380 1268 1411 Bartholomaeum
1288 1379 1437 1423 Defiript.
1455 1382 1529 1412 ltin.
1548 1381 1727 1424 Anaclzars.
1741 1383 1814 1414 Iun.

960 1424 1082 1456 Introd.
1109 1425 1147 1456 F.
1162 1425 1209 1456 II.
1223 1423 1295 1467 seff.
1312 1435 1338 1454 l.
1357 1425 1440 1456 Tom.
1458 1426 1486 1457 I.
1509 1436 1539 1466 p.
1554 1436 1609 1467 94.
1655 1429 1688 1456 In
1702 1429 1813 1457 Draco-

960 1471 1005 1499 nis
1021 1470 1160 1499 institutis
1180 1471 1336 1511 praecipue
1357 1469 1493 1510 ponenda
1514 1471 1554 1500 est
1575 1470 1709 1511 suprema
1725 1472 1814 1512 ephe-

960 1520 1057 1543 tarum
1080 1515 1161 1543 curia
1183 1514 1220 1543 ab
1242 1524 1278 1543 eo
1302 1513 1456 1550 ordinata,
1479 1525 1536 1555 qua
1559 1515 1716 1545 auc‘loritas
1733 1515 1814 1544 sena-

959 1564 1006 1587 tus
1020 1559 1219 1599 Areopagitici
1237 1560 1365 1587 maxime
1381 1557 1437 1588 fuit
1451 1557 1642 1592 labefactata,
1667 1569 1681 1588 a
1704 1558 1813 1588 Solone

961 1602 1059 1643 postea
1082 1604 1112 1631 in
1131 1604 1280 1640 integrum
1299 1603 1440 1632 restituta.
1486 1606 1582 1639 Qiam
1606 1603 1745 1641 insignem
1767 1605 1811 1633 rci

960 1645 1134 1675 iudiciariae
1147 1647 1355 1682 mutationem,
1378 1657 1393 1676 a
1413 1649 1545 1676 Dracone
1563 1644 1734 1687 susceptam,
1749 1657 1811 1676 me·

961 1697 1057 1719 morat
1072 1688 1176 1720 Pollux
1194 1689 1264 1722 Lib.
1281 1690 1379 1722 VIII.
1395 1700 1418 1721 c.
1436 1700 1482 1720 ro.
1500 1690 1532 1732 55.
1544 1692 1694 1731 1-,¹4.Jeq.¹
1702 1690 1737 1720 de
1752 1701 1810 1732 qua

960 1735 1097 1773 Sigonius
1120 1732 1188 1765 Lib.
1206 1734 1274 1766 III.
1295 1733 1331 1764 de
1348 1732 1474 1774 Rrpubl.
1492 1732 1668 1776 Atheniens}
1689 1744 1714 1766 c.
1722 1744 1755 1774 3.
1781 1742 1810 1766 et

958 1780 1093 1809 Potterus
1108 1777 1176 1810 Lib.
1196 1778 1222 1809 I.
1244 1776 1411 1809 Arclzacol.
1427 1779 1536 1809 Graec.
1558 1787 1580 1807 c.
1596 1787 1648 1808 20.
1702 1781 1741 1809 Ex
1764 1781 1808 1809 in-

957 1824 1057 1853 stituto
1073 1830 1171 1852 autem
1190 1822 1225 1852 de
1247 1823 1303 1851 hoc
1324 1822 1461 1863 supremo
1476 1822 1714 1858 Atheniensium,
1735 1831 1808 1853 tem-

956 1877 1028 1908 pore
1049 1868 1211 1902 Draconis,
1242 1866 1381 1896 tribunali
1410 1875 1622 1895 conimenmtus
1655 1868 1694 1896 efl-
1723 1877 1808 1907 prae.

956 1920 1058 1952 ceptor
1072 1913 1103 1940 in
1119 1909 1223 1940 illustri
1240 1909 1337 1939 schola
1354 1911 1526 1939 Grimmana
1540 1910 1689 1950 quondam
1712 1922 1806 1947 meus,

954 1965 973 1984 a
985 1965 1046 1996 quo
1061 1957 1188 1996 primam
1204 1956 1234 1983 in
1249 1953 1353 1983 litteris
1369 1955 1488 1983 Graecis
1504 1952 1598 1983 lucem
1615 1955 1688 1984 mihi
1706 1966 1806 1985 accen-

952 1998 1012 2029 sam
1028 1999 1083 2028 esl'c
1098 2006 1196 2037 gratus
1218 1998 1380 2039 profiteor,
1405 1999 1447 2027 Io.
1463 1997 1545 2027 Tob.
1561 1998 1696 2029 Krebsius
1711 1999 1807 2040 Disp.

952 2042 990 2074 cie
1005 2042 1156 2083 ΕρΙιειίς,
1180 2040 1409 2082 Atheniensium
1431 2040 1583 2072 iudicibus
1605 2041 1687 2084 Lips
1708 2053 1806 2084 1740.

953 2087 1064 2127 Opust.
1084 2085 1167 2128 Lips.
1197 2091 1294 2126 1778.
1323 2090 1353 2121 8.
1384 2087 1509 2116 iunclim
1536 2085 1686 2117 editorum
1709 2088 1753 2120 N.
1776 2088 1805 2119 I.

950 2139 972 2161 R
983 2140 993 2162 1
1005 2139 1023 2162 C
1034 2140 1057 2163 H
1069 2139 1103 2162 T.

995 2222 1045 2257 37)
1068 2220 1207 2248 Errorem
1223 2228 1239 2247 a
1255 2219 1389 2248 Maximo
1406 2219 1507 2252 Tyrio
1522 2216 1600 2260 Diffi
1617 2217 1756 2261 Hiftfff.
1769 2230 1803 2261 5.

949 2260 1022 2292 edit.
1044 2260 1155 2303 Dauiſs
1193 2272 1281 2303 quam
1310 2261 1498 2303 repetendam
1529 2265 1644 2293 curauit
1665 2265 1803 2294 Rciskius

949 2305 986 2336 P.
1004 2305 1028 2336 I.
1045 2314 1075 2345 p.
1094 2310 1161 2345 158.
1181 2306 1234 2335 hac
1250 2308 1280 2335 in
1295 2316 1326 2336 re
1343 2304 1526 2335 commissum
1543 2306 1665 2343 detexit,
1683 2317 1710 2338 et
1728 2308 1801 2339 alio-

948 2360 1015 2379 rum
1025 2348 1200 2391 scriptorum
1216 2351 1390 2380 auotoritate
1406 2348 1571 2381 confutauit
1580 2352 1800 2382 xx'arburtonus

947 2392 1024 2424 Diu.
1041 2393 1151 2433 Legat.
1170 2393 1264 2435 Mofis
1284 2393 1351 2424 Lib.
1370 2394 1416 2426 Il.
1424 2392 1496 2435 seli
1513 2405 1541 2426 2.
1565 2395 1631 2427 1⁷01.
1651 2396 1672 2426 I.
1687 2405 1716 2435 p,
1730 2397 1798 2427 162.

937 2435 1001 2478 seq.
1019 2445 1048 2466 et
1058 2435 1130 2478 [εἷλ’.
1147 2446 1178 2477 4.
1197 2447 1230 2478 p.
1243 2437 1317 2477 246.
1347 2446 1376 2468 et
1397 2439 1462 2481 post
1481 2450 1551 2469 eum
1574 2442 1629 2470 Iac.
1647 2439 1681 2469 de
1700 2442 1800 2471 Rhoer

49 2469 154 2513 scribit.
202 2477 280 2512 Vide
301 2480 367 2512 Car.
388 2480 551 2521 sigonium
563 2478 633 2514 Lib.
649 2480 678 2513 I.
706 2479 743 2512 de
762 2480 891 2523 Republ.
943 2481 981 2511 ad
994 2479 1154 2524 Porphyr.
1168 2480 1236 2513 Lib.
1251 2481 1275 2514 I
1277 2481 1314 2514 V.
1329 2481 1425 2524 5522.
1450 2487 1512 2514 not.
1529 2494 1574 2515 11.
1605 2492 1755 2516 mear.
