2183 2747
339 143 426 170 vxu
601 170 604 173 Α
1038 137 1382 174 x
1419 137 1426 146 ·
1717 162 1734 175 x

337 227 520 287 quentem
544 234 697 272 illarum
721 230 1133 270 commemoratIOnem
1157 228 1363 265 lestoribus
1391 227 1495 266 haud
1521 229 1712 279 ingratam
1743 228 1826 267 fore
1858 229 2082 271 existimaui.
2147 281 2153 285 ι

337 299 396 336 Ne
417 305 563 342 tamen,
594 293 702 342 quod
719 293 771 329 le
758 292 924 328 toribus
943 290 1107 326 omnino
1125 296 1266 326 crearet
1283 287 1492 325 molestiam
1518 289 1791 338 nauseamque,
1823 289 2087 340 supplementa
2120 339 2126 346 β

338 354 610 406 supplementis
629 360 814 402 perpetuo
832 351 901 387 sint
921 349 1115 390 addenda,
1143 360 1233 397 eg0,
1263 348 1423 396 quando
1446 348 1540 384 iusta
1565 349 1724 385 illorum
1747 349 1818 386 erit
1844 350 1974 400 copia,
2008 349 2120 390 {inest

339 430 363 454 a
381 428 442 453 me
460 423 579 464 parta,
606 413 682 449 siue
701 413 746 449 ab
773 411 854 446 aliis
880 409 1138 459 suppeditata,
1169 408 1278 445 simul
1296 419 1500 458 exponam.
1562 408 1651 446 Post
1668 409 1767 446 hane
1782 417 1911 458 tamen
1936 408 2086 459 praefa-

341 478 489 514 tionem
508 485 630 524 pauca
645 470 860 511 adnotabo,
888 482 936 506 ne
963 480 1007 506 ea
1030 469 1174 505 interea
1199 468 1381 517 temporis
1404 469 1592 505 memoria
1613 468 1869 517 manibusque
1895 469 2087 527 excidant.

342 545 409 573 aut
423 534 510 572 casu
528 540 692 582 pereant.
754 531 888 578 Neque
902 539 1020 577 vero,
1050 541 1174 577 quum
1191 527 1267 577 ipse
1283 528 1460 569 sentiam,
1487 540 1547 564 me
1567 529 1756 578 imparem
1780 528 1870 570 effe,
1901 529 2086 566 omnibus
2127 539 2136 545 “

342 595 511 632 numeris
529 590 737 641 explendis,
768 601 838 626 nec
856 590 1000 630 onmia,
1028 600 1125 637 quae
1140 588 1216 625 huc
1235 586 1420 629 facerent,
1450 587 1571 636 legere
1589 597 1703 636 atque
1720 588 1930 626 diiudicare
1951 597 2088 638 potue·
2127 625 2131 629 ,

344 656 430 701 rim,
463 664 530 690 nec
552 664 605 698 ea,
631 661 730 699 quae
747 649 957 699 quondam,
982 648 1028 685 de
1044 649 1086 684 B.
1105 647 1176 685 Gr.
1192 647 1420 685 Fabriciana
1436 647 1566 684 denuo
1583 647 1730 684 edenda
1746 659 1793 684 ne
1808 660 1875 698 per
1891 647 2088 686 somnium
2121 667 2131 681 ι

343 713 501 763 quidem
529 711 699 760 cogitans
726 710 906 759 legeram,
936 709 1124 746 memoria
1139 716 1288 745 teneam
1304 707 1462 748 recenti.
1491 706 1653 744 deerunt
1678 707 1807 744 Momi
1828 708 2089 757 maleuolique
2113 739 2115 742 .

345 772 537 819 censore3‚
567 771 636 819 qui
659 770 781 806 multa
807 769 980 819 culpent,
1013 768 1151 810 multa,
1182 780 1280 818 quae
1304 768 1398 809 illis,
1428 767 1491 803 vel
1514 768 1555 804 in
1581 766 1815 817 amplissimis
1843 767 2087 806 bibliothecis
2111 796 2115 798 Ἴ

345 831 560 870 sedentibus
576 829 674 871 fors,
703 829 784 873 vel,
815 830 856 865 in
880 840 962 866 vno
987 829 1186 876 alteroque
1209 829 1364 864 auctore
1387 827 1550 876 legendo
1578 827 1924 876 pertraetandoque
1941 827 2090 865 diutius

345 891 640 940 diligentiusque
656 889 832 931 versatis,
859 889 1066 925 diuturnus
1086 888 1172 924 vsus
1190 887 1343 928 obtulit,
1373 895 1439 923 aut
1457 885 1584 924 forsan
1599 885 1666 936 ipsi
1683 886 1892 936 possident,
1922 886 2109 936 indequeo'

343 951 479 989 melius
497 950 587 987 scire
603 961 647 986 ae
664 948 834 986 iudicare
849 948 1024 998 possunt,
1057 956 1124 985 aut
1140 947 1248 988 casu,
1279 948 1347 995 qui
1371 947 1433 983 vel
1459 946 1530 983 hac
1555 948 1595 983 in
1620 959 1659 984 re
1684 946 1853 984 multum
1877 947 1998 990 valet,
2029 947 2111 992 iii-2

344 1017 557 1059 venerunt,
587 1010 628 1046 in
647 1009 722 1046 hoc
739 1020 853 1058 opere
871 1016 949 1045 tam
966 1007 1072 1045 vaslo
1090 1007 1318 1055 desiderent,
1351 1007 1484 1044 omnia
1508 1007 1548 1042 in
1571 1007 1711 1044 malam
1736 1015 1884 1056 partem
1904 1007 2111 1056 interpre-·

346 1079 497 1118 tentur‚
526 1077 667 1110 errata,
699 1068 775 1105 fiue
791 1067 838 1106 ab
857 1067 1077 1105 infirmitate
1096 1067 1264 1104 humana
1281 1065 1472 1116 profecta,
1503 1066 1579 1103 flue
1596 1067 1772 1103 tarditate
1796 1066 2093 1115 typothetarum
2119 1098 2120 1102 ,

345 1128 562 1170 commissa,
593 1129 706 1165 anxie
722 1136 926 1174 venentur,
962 1138 1104 1175 magno
1123 1127 1299 1164 conuitio
1318 1127 1514 1175 exagitent
1531 1135 1569 1164 et
1586 1126 1837 1163 immoderate
1852 1126 2092 1165 calumnien-

345 1200 428 1233 tur;
460 1201 502 1226 ea
519 1200 632 1229 vero,
663 1200 760 1235 quae
777 1187 879 1224 bona
898 1187 979 1222 aliis
996 1186 1145 1235 probis,
1174 1186 1304 1234 aequis
1324 1186 1570 1233 cordatisque
1585 1186 1679 1223 vviris
1696 1186 1891 1227 videntur.
1923 1182 2092 1236 maligne

346 1256 558 1297 transeant,
589 1255 625 1284 et
644 1248 685 1284 in
709 1247 791 1283 aliis
816 1246 1015 1294 carpendis
1047 1254 1083 1282 et
1108 1245 1373 1295 vituperandis
1392 1244 1568 1294 famaque
1588 1245 1756 1282 aliorum
1773 1244 1986 1288 laceranda,
2007 1246 2096 1295 glo-

345 1310 505 1355 riolam,
535 1307 662 1343 nescio
688 1304 834 1354 quam?
865 1315 931 1342 aut
956 1306 1075 1342 animi
1101 1305 1156 1341 sui
1179 1304 1350 1354 improbi
1376 1305 1593 1353 tumidique
1618 1305 1859 1354 voluptatem
1884 1311 2092 1353 quaerant:

346 1377 390 1404 vt
410 1378 531 1416 nuper
547 1366 704 1414 quidam
722 1366 761 1401 in
778 1366 866 1402 aelis
885 1365 1074 1401 litterariis
1094 1364 1196 1401 haud
1216 1362 1408 1411 obscuris,
1437 1366 1547 1402 omni
1573 1364 1647 1401 bile
1668 1372 1751 1400 atra
1775 1364 1816 1400 in
1834 1376 1894 1404 me
1919 1371 1956 1402 et
1982 1365 2021 1403 in
2041 1365 2094 1407 {iq

346 1427 491 1464 bellum
510 1424 733 1473 quemdam,
759 1436 781 1461 a
800 1436 860 1460 me
885 1426 961 1460 iarn
992 1425 1141 1472 pridem
1164 1424 1331 1465 editum,
1356 1422 1494 1470 effusa,
1526 1422 1675 1461 fecerat.
1733 1423 1826 1461 Non
1847 1421 2095 1473 perpendun-

343 1487 419 1528 issi,
449 1498 565 1534 quain
583 1485 764 1533 turpiter,
795 1483 888 1520 dum
905 1496 992 1519 rure
1011 1484 1165 1520 inlieeto
1181 1484 1267 1520 sunt
1283 1482 1537 1530 inficetiores,
1563 1484 1847 1520 commaculent
1865 1483 1971 1521 suam
1988 1482 2062 1533 ips·
2088 1509 2095 1537 5

349 1558 437 1583 rum
454 1544 613 1585 samam,
645 1544 928 1584 munerarium,
961 1554 1058 1590 quae
1083 1543 1130 1579 ab
1156 1544 1395 1580 humanitate
1419 1555 1562 1579 nomen
1581 1542 1741 1583 habent,
1773 1542 2015 1590 dignitatem:

349 1605 446 1643 nihil
472 1604 617 1643 dicam,
649 1614 766 1650 quam
793 1601 934 1638 nesarie
958 1602 1155 1639 doetrinae
1183 1611 1219 1639 et
1244 1602 1418 1649 diuinae,
1449 1610 1486 1638 et
1509 1602 1710 1642 humanae,
1744 1600 1790 1637 de
1815 1601 2013 1644 moribus,
2051 1622 2065 1650 .-

350 1665 538 1712 aequitate
553 1671 666 1710 atque
683 1661 899 1698 vrbanitate
917 1671 1136 1711 praecepta,
1167 1673 1266 1710 quae
1291 1661 1394 1699 haud
1423 1660 1816 1715 didicisse-videntur,
1847 1662 2013 1710 migrent

349 1736 424 1773 que
447 1722 606 1758 violent.
665 1720 740 1757 Sed
767 1732 866 1768 quae
889 1720 981 1761 istis,
1009 1721 1107 1758 milii
1133 1732 1214 1757 non
1241 1721 1352 1769 plane
1376 1721 1602 1767 incognitis,
1637 1718 1857 1768 responderi
1888 1720 2031 1770 pofliut
2059 1746 2063 1748 -

350 1785 426 1819 iam
442 1782 482 1818 in
499 1779 735 1830 praefatione
750 1781 799 1816 ad
815 1781 984 1828 primum
1002 1780 1209 1826 volumen,
1238 1780 1377 1828 partim
1401 1780 1568 1816 aliorum
1596 1779 1818 1817 testimoniis
1840 1780 1947 1822 Vsus.

350 1842 453 1892 paui.
513 1841 591 1876 Nec
615 1838 772 1886 dubito,
802 1851 866 1886 ea,
899 1851 995 1887 quae
1022 1835 1357 1886 Valckenarius,
1386 1847 1424 1875 at
1451 1840 1586 1887 quanti
1610 1839 1779 1877 nominis
1804 1839 1883 1876 vir!
1922 1841 1962 1877 in
1986 1852 2012 1890 p
2057 1834 2064 1839 ’
2087 1831 2089 1833 ’

330 1891 497 1939 'satione
525 1899 574 1936 ad
597 1899 856 1935 Ammonium
879 1900 1174 1947 grammaticum
1200 1910 1283 1947 pag.
1304 1910 1341 1934 x.
1368 1898 1527 1947 scripsit,
1568 1910 1652 1935 mea
1674 1897 1804 1936 facere
1866 1899 1975 1951 „Qpi
2031 1898 2045 1931 ι’

353 1958 680 2010 reprehenderim.
711 1966 753 1994 vt
771 1957 931 1994 vicissim
949 1959 1136 2006 corrigar.
1166 1970 1291 2006 aequo
1314 1958 1466 1998 animo.
1497 1959 1554 1994 iti
1574 1970 1643 2006 par
1666 1957 1734 1999 est,
1758 1957 1887 1996 feram.

354 2031 417 2056 rae
443 2017 629 2055 candidae
653 2026 688 2054 et
711 2017 881 2054 eruditae
905 2017 1048 2066 semper
1073 2016 1310 2054 videbuntur
1336 2017 1538 2057 amabiles;
1576 2018 1759 2065 reliquas,
1784 2016 1926 2055 etiams·
1950 2017 2000 2056 ab
2030 2012 2077 2061 ff

354 2076 665 2128 proficiscantur,
690 2077 758 2124 qui
774 2076 1035 2125 quorumdam
1054 2077 1242 2126 opinione
1258 2076 1456 2113 censentur
1473 2076 1634 2118 nobiles.
1658 2075 1847 2126 despicere
1861 2076 1989 2116 didici.

356 2138 486 2186 Atque
512 2147 602 2185 ege,
625 2145 668 2172 vt
691 2137 842 2178 omnia,
863 2147 959 2184 quae
987 2136 1060 2172 viri
1087 2137 1199 2184 copia
1222 2136 1434 2172 litterarum
1450 2144 1485 2172 et
1503 2135 1721 2173 eruditione
1737 2147 1818 2173 non
1835 2136 2017 2185 minusq·
2035 2179 2047 2186 ‚
2127 2174 2137 2188 Ι,

355 2197 573 2233 vrbanitate
589 2195 848 2244 elegantiaque
863 2206 1018 2232 morum
1035 2195 1243 2244 conspicui,
1272 2206 1340 2231 nec
1357 2195 1599 2231 conuitiandi
1619 2194 1789 2236 libidine.
1807 2204 1872 2233 aut
1890 2194 2025 2245 potius
2122 2197 2137 2224 ι’·

358 2267 444 2291 rore
473 2253 632 2294 incensi,
669 2252 731 2290 sed
754 2255 972 2293 communis
998 2253 1171 2291 Vtilitatis
1197 2266 1328 2291 amore
1353 2254 1474 2295 ducti.
1513 2254 1625 2296 mihi.
1662 2254 1769 2303 quod
1805 2254 1971 2302 quidem
1995 2272 2026 2284 v·
2047 2273 2050 2278 ·

357 2315 477 2350 amice
506 2312 748 2353 indicabunt.
784 2324 873 2350 cum
899 2313 1171 2361 significatione
1198 2314 1294 2362 grati
1319 2314 1437 2350 animi
1461 2313 1588 2362 palam
1612 2313 1802 2352 laudabo.
1826 2314 1866 2350 in
1889 2323 1949 2351 me
1975 2332 1992 2342 ⁴·
2052 2302 2057 2310 ⁴

361 2372 489 2412 vsum.
528 2380 561 2407 et
589 2383 682 2408 vero
706 2372 907 2420 publicum
930 2380 1176 2414 conuertaim
1208 2373 1261 2410 ita
1286 2371 1491 2410 homiuum
1516 2372 1742 2411 inuidorum
1770 2382 1815 2411 ac
1844 2371 1905 2412 su·
