2183 2747
789 142 1080 185 EPIMETRON.
1419 150 1494 187 Lib.
1503 151 1529 186 I
1526 152 1554 187 I.
1573 163 1597 188 c.
1613 165 1653 189 12.
1760 162 1816 199 781

52 238 130 291 post
142 234 288 291 μοῖλιςοι
310 235 472 283 πάντων,
494 238 547 276 vel
571 241 605 275 in
628 235 857 292 ἐκλεξάμενος
871 238 1015 281 ταύτας
1029 239 1101 282 ταὶς
1116 240 1341 295 συγγραφάς
1356 246 1473 283 vitium
1497 244 1674 297 scripturae
1698 250 1814 295 lateat;

54 302 144 330 totus
161 307 242 330 vero
266 295 373 337 locus,
399 296 551 344 quamuis
569 291 606 329 sit
627 294 666 329 ab
696 296 873 344 interprete
897 297 1007 332 minus
1029 298 1117 333 reste
1139 296 1268 339 versuS‚
1295 309 1407 335 tamen
1429 313 1508 336 eum
1532 298 1680 345 sensum,
1708 317 1808 352 quem

53 346 220 383 Fabricius
235 348 339 384 verbis
356 345 455 383 inesse
470 346 622 398 putabat,
647 345 802 397 equidem
819 361 889 383 non
906 347 1023 385 video:
1049 348 1081 385 id
1097 360 1207 386 autem
1224 365 1262 387 ex
1278 351 1341 388 illis
1355 352 1481 402 colligo
1492 383 1501 396 ,
1529 354 1738 390 Heraclitum
1756 355 1809 390 ad-

53 397 221 446 firmasse,
248 402 477 450 Pythagoram
493 398 657 450 quosdam
676 398 853 437 confecisse
868 400 981 439 libros.
1037 401 1131 439 Idem
1148 403 1304 440 testantur
1319 404 1440 442 eodem
1460 408 1620 455 Diogenis
1642 408 1723 444 loco
1744 409 1809 442 He-

52 453 188 488 ratlides
209 454 398 503 Serapionis
422 453 528 500 filius,
556 455 590 488 in
605 453 748 488 Sotionis
769 457 934 504 epitome,
968 465 1000 491 et
1016 457 1079 490 Ion
1097 457 1214 499 Chius,
1249 460 1304 508 qui
1329 461 1362 495 in
1384 460 1558 508 Triagmis
1581 459 1808 510 pronuntiasse

51 503 191 548 dicitur,
220 507 470 555 Pythagoram,
495 519 600 556 quum
615 519 739 555 poema
757 506 929 557 quoddam
953 505 1139 559 scripsisset,
1167 512 1295 561 Orphei
1318 510 1452 548 titulum
1474 511 1653 549 adnotasse.
1707 516 1808 550 Fama

50 560 153 607 igitur
169 560 358 609 antiquior,
384 573 486 610 quam
504 558 550 594 illi
576 556 702 609 sequuti
723 556 816 603 sunt,
844 558 939 597 fuisse
963 561 1110 607 videtur,
1137 565 1363 614 Pythagoram
1386 565 1501 601 litteris
1523 564 1728 615 consignasse
1748 566 1807 603 do-

50 612 171 647 <trinas
185 609 276 646 suas:
304 625 384 662 quas
400 611 538 662 quidem
556 622 730 662 tamquam
747 626 902 656 arcanaS,
928 628 990 651 nec
1005 629 1085 652 vero
1101 616 1301 667 vulgandas,
1329 615 1461 655 summa
1477 621 1587 670 potius
1611 633 1688 655 cura
1711 629 1743 655 et
1758 633 1806 656 re-

48 662 178 713 ligione
194 663 441 708 custodiendas,
470 666 636 701 interioris
657 662 848 715 disciplinae
870 664 946 703 suae
970 668 1115 705 alumnis
1139 668 1340 707 commisisse
1360 671 1457 708 illum
1480 682 1512 708 et
1528 671 1627 708 veluti
1651 671 1803 721 regulam

48 719 134 753 vitae
150 715 388 768 doc'lrinaeque
410 715 594 769 reliquisse,
619 717 658 753 fit
679 718 861 767 probabile.
914 721 1057 758 Sotionis
1082 722 1217 773 quidem
1240 723 1341 760 fidem
1365 734 1463 775 atque
1485 727 1715 761 auctoritatem
1741 728 1802 761 mi-

49 783 152 805 nuere
167 773 302 820 eiusque
324 770 366 806 de
391 767 516 821 scriptis
541 772 770 820 pythagoricis
795 771 1022 809 testimonium
1047 786 1192 812 euertere
1216 773 1398 827 susceperat
1418 778 1613 827 Meineifius
1636 781 1668 813 in
1692 778 1802 814 Histo-

48 824 95 857 ria
114 820 363 867 doclrinarum‚
392 824 417 859 Ι.
445 837 477 873 p.
495 825 560 870 296
575 820 622 873 sq.
651 832 684 858 at
704 821 821 859 censor
843 827 911 859 eius
933 829 966 860 in
991 827 1140 864 biblioth.
1157 832 1267 865 critica
1286 829 1422 866 Amslel.
1441 833 1477 866 11.
1505 842 1589 881 part.
1607 832 1694 865 Vm.
1723 844 1801 880 pag.

49 887 94 920 ¹¹5
110 871 156 923 sq.
175 873 324 911 defendit
337 877 483 912 Sotionis
501 874 602 911 fidem
619 885 651 910 et
666 886 780 925 putat,
803 878 890 912 hanc
904 878 990 914 illius
1009 881 1296 930 reprehensionem
1319 882 1360 918 cl.
1376 882 1558 919 Meinersio
1580 882 1668 919 aliud
1693 886 1803 933 agenti

47 925 210 964 excidisse.
262 926 355 964 Idem
373 926 519 964 eruditus
531 925 648 964 censor
662 926 753 963 haud
776 928 952 966 verisimile
974 930 1037 968 else
1054 933 1191 977 iudicat,
1219 937 1445 985 Pythagoram
1471 935 1555 972 nihil
1575 933 1733 986 scripturn
1755 949 1803 972 re-

44 977 192 1029 liquisse3
220 982 331 1017 immo
356 994 435 1017 vero
458 993 497 1017 ex
525 981 685 1016 Heracliti
712 979 803 1017 dicto
827 992 858 1018 et
880 996 919 1018 ex
937 985 1025 1020 lonis
1041 987 1117 1021 Chii
1143 990 1315 1024 mentione
1339 987 1426 1038 apud
1441 990 1544 1038 Diog.
1563 990 1653 1024 VIll.
1671 992 1703 1025 6.
1721 1000 1753 1025 et
1769 996 1800 1032 8.

44 1030 313 1082 colligit,‘fuisse
326 1032 415 1070 haud
434 1046 538 1083 pauca
556 1035 767 1082 Pythagorae
782 1030 911 1085 scripta.
966 1038 1004 1072 ln
1020 1051 1140 1075 eorum
1163 1037 1376 1084 sententiam,
1408 1044 1464 1090 qui
1489 1041 1717 1090 Pythagoram
1744 1039 1798 1077 sua

42 1083 141 1135 ipsius
165 1083 348 1136 exposuisse
369 1084 487 1137 scripta
510 1085 667 1128 statuant,
697 1088 756 1122 iuit
781 1100 914 1138 qnoque
939 1090 1117 1137 Sthffrus
1139 1091 1180 1128 de
1203 1103 1318 1129 natura
1343 1104 1374 1130 et
1395 1093 1559 1129 constitut.
1584 1092 1705 1143 philos.
1732 1093 1798 1131 ital.

42 1151 118 1188 pag.
137 1150 185 1181 131
202 1137 250 1188 sq.
273 1138 349 1175 edit.
363 1140 563 1188 VVitteberg.
585 1150 617 1175 at
630 1142 713 1174 veris
735 1137 851 1175 saltem
867 1142 1091 1190 probabilibus
1109 1143 1282 1182 admiscuit
1295 1143 1433 1183 fabulas.
1488 1148 1626 1182 Cautius
1643 1145 1799 1183 iudicauit

41 1191 199 1227 Bruckcr.
215 1194 249 1226 in
267 1191 490 1228 Schellhornii
509 1195 651 1228 Amoen.
665 1191 686 1228 l.
703 1205 731 1226 c.
750 1206 782 1242 p.
799 1205 865 1238 195.
881 1204 913 1229 et
929 1197 961 1229 in
979 1195 1105 1232 Histor.
1125 1200 1196 1234 crit.
1215 1195 1333 1248 philos.
1351 1202 1374 1245 1.
1407 1213 1438 1248 p.
1454 1211 1544 1243 1024.
1571 1201 1796 1248 Pythagoram

42 1243 228 1294 quaedam,
255 1259 340 1294 quae
367 1244 408 1280 ad
430 1244 508 1280 alias
530 1258 642 1281 rerum
667 1241 802 1281 suarum
825 1248 968 1282 rationes
990 1251 1208 1297 pertinerent,
1236 1248 1356 1301 scripto
1372 1249 1459 1287 forte
1477 1250 1697 1301 consignasse,
1724 1251 1797 1288 nul-

39 1297 115 1335 lum
140 1311 221 1333 vero
247 1297 372 1334 librum
396 1295 553 1348 scripsisse
575 1294 799 1348 philosophici
823 1303 1022 1348 argumenti.
1081 1302 1200 1352 Neque
1223 1313 1334 1339 tamen
1359 1301 1531 1340 adsensum
1548 1307 1623 1340 huic
1642 1305 1796 1340 Bruckeri

40 1353 193 1401 opinioni
207 1351 340 1401 praebet
365 1351 599 1386 Tiedcmannus
612 1350 635 1387 l.
651 1363 698 1386 m.
721 1364 794 1401 cap.
814 1352 869 1387 XI.
896 1366 928 1402 p.
947 1365 1007 1397 342
1024 1350 1092 1405 sqq.
1122 1358 1348 1405 antiquiorum
1372 1355 1570 1406 scriptorum
1596 1357 1795 1400 testimonia,

39 1405 270 1452 Pythagoram
288 1401 443 1454 scripsisse
462 1402 646 1454 quaedam,
673 1403 801 1439 vberius
825 1406 1061 1455 comprobans
1113 1409 1166 1457 Ex»
1186 1410 1236 1444 his
1260 1409 1359 1445 altera
1384 1409 1528 1460 quaessio
1551 1407 1647 1445 facile
1672 1412 1794 1459 poterit

39 1458 208 1508 explicari.
264 1456 429 1507 Equidem
446 1470 543 1500 reor,
569 1455 657 1492 haud
674 1455 758 1493 adeo
775 1456 903 1499 multa,
924 1459 1035 1495 multo
1058 1463 1169 1496 minus
1192 1475 1228 1497 ea
1254 1464 1387 1501 omni-a,
1416 1476 1499 1512 quae
1525 1462 1571 1497 illi
1596 1461 1720 1511 adtingi
1743 1459 1793 1498 so·

39 1509 127 1558 lent,
154 1507 310 1560 scripsisse
327 1511 574 1558 Pythagoram:
603 1509 754 1560 alioquin
768 1508 791 1544 ss
806 1509 903 1560 plura
918 1511 1006 1547 illius
1022 1523 1077 1548 aut
1091 1526 1215 1563 magna
1230 1511 1363 1550 fuissent
1377 1516 1549 1550 volumina
1560 1544 1569 1558 ,
1597 1516 1704 1550 multo
1722 1513 1793 1564 plu·

39 1576 74 1599 ra
97 1566 303 1613 certioraque
324 1562 463 1598 illorum
486 1560 697 1612 fragmenta,
730 1573 904 1612 tamquam
927 1564 1055 1600 tabulae
1078 1563 1201 1602 frac‘lae
1222 1580 1240 1602 e
1263 1565 1458 1616 naufragio,
1494 1564 1616 1603 seruat-a
1641 1565 1791 1611 suilsent3

38 1627 95 1652 aut
109 1615 250 1652 meliora
266 1618 473 1666 certioraque
490 1613 718 1651 remansissent
735 1615 867 1665 vestigia
884 1619 918 1652 in
933 1617 1022 1652 libris
1040 1618 1218 1656 Aristotelis
1234 1620 1444 1669 aliorumque
1461 1620 1659 1669 aequalium.
1692 1622 1790 1655 Tum

39 1669 192 1708 arbitror,
205 1682 290 1718 quae
307 1667 492 1704 litterarum
508 1682 573 1718 ope
591 1667 760 1704 tradiderit
780 1671 904 1705 intimis
924 1666 986 1705 suis
1011 1667 1247 1715 familiaribus,
1275 1686 1311 1708 ea
1330 1686 1390 1708 nec
1411 1670 1505 1708 fuiss'e
1526 1674 1700 1721 euulgata,
1728 1685 1789 1707 nec

37 1719 80 1757 ad
97 1719 201 1756 seram
216 1719 398 1770 peruenisse
412 1721 658 1771 posteritatem3
685 1718 740 1757 sed
756 1720 845 1757 haud
871 1722 982 1758 multo
1004 1723 1079 1773 post
1094 1727 1302 1774 Pythagorae
1325 1739 1529 1774 eorumque,
1553 1727 1668 1774 quibus
1692 1723 1789 1760 fami-

40 1771 206 1809 liarissime
230 1773 400 1816 Vtebatur,
432 1774 560 1810 obitum
584 1771 724 1824 periisse.
778 1771 901 1811 Forsan
924 1775 980 1811 issa
1006 1774 1090 1812 secla
1117 1780 1336 1826 pythagorica
1366 1790 1477 1813 vexata
1500 1788 1596 1827 atque
1624 1774 1787 1828 oppressa,

40 1825 79 1861 ab
104 1823 177 1874 ipsis
199 1824 363 1860 librorum
385 1825 522 1862 istorum
551 1840 799 1876 perpaucorum
830 1825 1082 1877 possess'oribus,
1115 1830 1218 1866 deleta
1241 1827 1333 1872 sunt,
1367 1841 1421 1865 aut
1447 1833 1488 1865 ita
1513 1828 1720 1873 abscondita,
1753 1840 1788 1865 vt

38 1891 120 1915 mox
142 1877 257 1913 fierent
275 1876 393 1924 praeda
410 1880 572 1914 tinearum
589 1889 620 1914 et
634 1878 836 1928 putrediniS,
862 1883 905 1916 ita
920 1892 954 1916 vt
969 1885 1133 1918 memoria
1150 1895 1204 1918 aut
1218 1880 1308 1918 fama
1331 1893 1459 1918 tantum
1482 1883 1618 1918 illorum
1636 1896 1786 1919 remane-

37 1942 98 1968 ret.
152 1932 359 1966 Germanum
375 1931 475 1978 igitur
489 1932 700 1979 Pythagorae
715 1928 874 1981 scriptum
890 1946 973 1969 num
994 1936 1198 1984 temporibus
1215 1938 1281 1971 iam
1304 1936 1540 1984 antiquioribus
1556 1935 1621 1985 legi
1640 1935 1782 1986 amplius

36 1985 201 2036 potuerit,
229 1980 447 2017 dubitandum
463 1981 520 2018 est.
575 1984 669 2032 Qae
687 1996 766 2020 vero
790 1981 847 2019 sub
870 1989 1009 2022 nomine
1031 1987 1118 2022 illius
1141 1985 1472 2030 circumferebantur,
1499 2001 1535 2023 ea
1556 1987 1633 2024 ficsta
1655 1998 1686 2024 et
1708 1986 1782 2038 sup·

36 2035 179 2089 posititia
204 2031 351 2070 suerunt.
419 2035 509 2070 Nam
533 2046 662 2071 certum
685 2034 751 2080 est,
776 2037 1005 2086 Pythagoreos
1029 2041 1151 2089 ingenii
1174 2038 1219 2076 sui
1246 2037 1354 2076 foetus
1376 2037 1548 2076 adseruisse
1571 2043 1782 2090 Pythagorae

35 2101 209 2139 tamquam
225 2088 371 2137 parenti:
395 2085 476 2132 (vid.
491 2087 657 2124 Iamblich.
673 2100 746 2137 cap.
763 2100 806 2133 31.
821 2101 853 2125 et
865 2088 987 2126 caussas
1011 2090 1160 2141 exposuit
1178 2092 1329 2139 BIeincrf
1351 2106 1383 2141 p.
1401 2095 1464 2138 569
1482 2090 1567 2142 sqq.)
1620 2096 1703 2130 Fieri
1727 2107 1780 2129 au·

34 2154 103 2181 tem
120 2143 250 2192 potuit,
273 2150 308 2176 vt
325 2139 422 2175 multi
441 2138 669 2188 deciperentur
685 2154 825 2191 veraque
839 2143 996 2179 haberent
1010 2146 1219 2193 Pythagorae
1237 2147 1463 2187 monimenta,
1491 2147 1534 2181 ob
1549 2145 1702 2182 eamdem
1724 2156 1781 2182 aut

30 2195 198 2236 similem,
225 2206 327 2242 quam
342 2189 409 2241 ipse
424 2189 485 2227 suis
500 2189 641 2236 fecerat,
668 2193 860 2230 libellorum
879 2193 1145 2245 inscriptionem:
1173 2196 1256 2232 adde
1281 2197 1525 2232 Tiedemmmum
1545 2198 1568 2234 l.
1590 2213 1635 2238 m,
1662 2214 1694 2248 p.
1709 2211 1778 2246 345.

33 2251 85 2286 De
101 2250 192 2284 tertia
210 2244 417 2296 quaestione,
444 2257 526 2280 num
543 2258 598 2288 ea,
626 2258 709 2295 quae
724 2247 763 2281 ab
778 2246 1004 2296 antiquilsiniis
1029 2250 1245 2296 Pythagoreis
1271 2246 1386 2299 scripta
1408 2261 1439 2285 et
1456 2249 1564 2286 adhuc
1585 2251 1775 2288 conseruata

34 2301 208 2342 dicuntur,
235 2311 395 2348 germana
418 2295 497 2344 sint,
526 2311 666 2347 veraque
683 2299 895 2348 Pythagorae
916 2299 1036 2348 placita
1052 2304 1266 2337 contineant?
1292 2305 1404 2350 paucis
1426 2302 1617 2342 videbimus.
1672 2305 1774 2341 Dubi-

32 2344 100 2391 tare
123 2352 251 2390 videtur
268 2352 450 2386 Brackerus
465 2349 550 2386 Hist.
567 2353 636 2386 crit.
662 2349 744 2399 phil.
771 2365 805 2401 p.
824 2354 920 2394 1064.
948 2366 980 2401 p.
998 2363 1091 2398 1040.
1116 2364 1226 2389 autem
1251 2350 1416 2391 subscribit
1432 2357 1607 2407 Conringii
1630 2368 1661 2394 et
1676 2359 1775 2394 Tho·

33 2406 124 2444 masii
151 2405 293 2445 iudiciis,
324 2402 407 2449 (vid,
421 2401 505 2438 infra
521 2400 595 2440 secl.
611 2404 698 2439 xm.
720 2417 752 2453 p.
770 2404 859 2453 529.)
880 2401 1067 2452 fragmenta
1085 2407 1371 2454 Pythagoreorum
1398 2407 1484 2458 apud
1500 2411 1678 2446 Stobaeum
1696 2424 1773 2447 con-

34 2460 109 2499 fi&
125 2457 188 2498 effe
201 2459 241 2495 ab
257 2460 314 2500 iis,
339 2459 392 2508 qui
413 2458 574 2508 proximis
589 2455 664 2508 post
679 2456 720 2493 C.
736 2457 778 2492 N.
796 2457 1001 2545 tempopbiuff
1009 2459 1259 2545 1pythagoream
1276 2457 1482 2512 disciplinam
1505 2462 1701 2507 restaurare,
1727 2467 1773 2499 in-

877 2511 902 2546 F
980 2512 992 2545 1
1051 2521 1068 2555 3
1625 2515 1773 2553 felicibus
