2183 2747
83 149 148 180 voi.
160 148 177 177 1-
196 156 221 182 Ρ.
236 154 266 180 55
283 145 305 181 1?
319 144 353 178 56
777 142 1025 181 ASCLEPIVS.

88 185 350 201 ———-·--

1188 142 1264 180 Lib.
1279 143 1310 181 I.
1338 155 1362 179 c.
1382 142 1498 181 VIII.
1814 144 1855 187 63

84 259 163 286 orat.
185 245 226 282 de
248 246 395 295 quinque
418 238 604 279 haeresibus
626 256 696 293 cap.
713 255 741 286 3.
766 238 888 280 ledi-am
911 239 975 278 effe
990 239 1125 278 constet.
1179 239 1272 276 Idem
1288 240 1451 285 Coimus,
1479 241 1693 283 Wowerius‚
1719 239 1858 276 Ehnen-

81 299 223 339 horstius
245 297 272 331 e)
293 294 467 333 causantur
484 299 672 333 orationem
689 295 807 332 liccam
825 306 856 332 et
876 292 1078 345 exsanguem
1093 293 1243 344 nihilque
1258 292 1364 330 limile
1385 295 1565 330 habentem
1579 307 1658 329 cum
1672 293 1858 343 Apuleiana

80 353 224 391 vbertate
247 362 278 388 et
300 351 432 386 laetitia.
488 350 541 385 Ob
564 348 705 386 eandem
727 347 860 386 causam
882 348 1027 399 Apuleio
1056 350 1144 384 hane
1165 346 1354 384 versionem
1378 346 1582 383 abiudicabat
1605 347 1800 382 Lambecius
1822 349 1858 382 iu

80 405 271 458 prodromo
294 403 448 440 historiae
475 401 635 438 liter-ariae
662 416 738 453 pag.
755 416 824 447 ¹4¹·
879 401 942 438 Sed
966 403 1088 440 merito
1111 401 1167 437 ista
1191 403 1276 437 ratio
1301 404 1395 451 parui
1423 403 1589 437 momenti
1612 396 1677 434 visa
1702 399 1746 435 est
1767 398 1857 435 Cud-

79 461 219 497 wortho
247 461 279 493 in
302 458 452 507 genuino
475 456 658 501 Systemate
684 457 790 499 γεητῶ
809 454 949 492 vniuerfi
965 469 998 505 p.
1016 467 1085 499 324.
1114 451 1158 501 [s.
1176 468 1208 504 p.
1226 461 1300 497 380.
1325 464 1355 490 et
1376 469 1408 504 p.
1427 461 1498 498 383.
1523 453 1573 490 ed.
1594 449 1743 499 lenens]
1775 454 1858 501 Qis

79 515 170 550 enim
195 513 327 547 miretur
349 539 359 551 ,
402 510 511 558 magis
534 509 617 545 caste
647 521 678 545 et
705 500 811 546 sobi-ie
834 509 929 559 loqui
957 508 1141 558 Apuleium
1157 536 1167 551 ,
1196 506 1220 542 sl
1241 510 1266 543 is
1292 505 1369 543 esset
1394 510 1529 551 auctor,
1571 504 1683 556 (quod
1708 518 1768 541 nee
1791 501 1861 555 ipse

78 577 193 602 tamen
216 566 299 600 mihi
321 559 538 614 pei-suadem)
567 560 864 613 philosophantem
886 559 968 597 serio
984 561 1025 597 de
1045 572 1164 598 natura
1185 562 1248 597 Dei
1269 571 1300 597 et
1317 559 1387 596 aliis
1407 561 1501 597 rebus
1517 558 1727 610 grauissimis,
1755 571 1860 608 quam

78 618 252 656 ludentem
277 614 428 653 fabulam
444 614 639 652 Milesiam?
667 616 724 665 [lf]
753 614 852 663 [adde
876 615 1014 652 Fabricii
1033 614 1137 652 nostri
1158 613 1313 651 Biblioth.
1337 613 1393 650 lat.
1416 614 1490 651 libr.
1505 616 1561 651 111.
1576 625 1696 665 ⁴cap-2³.
1717 625 1797 664 pag.
1809 623 1858 655 41.

78 683 165 710 tom.
184 674 240 708 111.
266 669 317 707 ed.
341 669 506 715 Ernesti]

103 775 251 803 Editioms.
303 761 359 797 ΠΙ.
414 755 540 795 Prodiit
561 753 732 808 Asclepius
760 753 940 808 saepissime
967 770 1046 792 cum
1080 754 1294 792 Poemandro
1322 757 1425 792 Ficini
1441 785 1451 799 ‚
1478 756 1524 792 'et
1552 757 1585 791 in
1611 756 1739 792 Patricii
1769 766 1861 789 noua

317 809 534 861 Philosophia
558 809 599 846 de
619 810 796 853 vniuerfis,
829 824 868 846 ex
889 821 1026 859 Vtraque
1049 808 1214 853 editione,
1242 820 1273 845 et
1300 812 1334 845 in
1359 808 1506 846 editione
1532 812 1687 859 Operum
1713 806 1861 857 Apuleii,

79 867 274 908 Vicentina,
301 871 395 908 1488.
414 862 475 899 fol.
506 862 627 898 Aldina
644 876 721 909 1521.
741 871 770 906 8.
796 862 959 898 Basilienli
977 876 1061 909 1597.
1082 873 1113 898 et
1129 861 1420 899 Elmenhorssiana
1440 861 1594 899 Francos.
1617 865 1703 898 1621.
1721 869 1751 902 8.
1781 873 1858 909 pag.

78 923 133 964 76.
156 916 223 967 sqq.
247 929 278 955 et
293 930 321 951 a.
338 919 427 957 1628.
444 923 474 957 8.
497 929 574 965 pag.
590 924 643 960 78.
659 914 727 967 sqq.
758 915 866 965 [Bam.
891 915 978 966 apud
1004 915 1320 962 130beliu1n1532.8.
1345 930 1375 952 v.
1397 917 1551 952 Lambec.
1574 916 1596 953 l.
1620 929 1667 951 m.
1692 927 1763 965 cap.
1786 915 1858 948 Vll.

80 971 145 1008 col.
166 983 216 1017 57.
231 966 300 1022 sqq.
327 970 443 1017 Harl]
499 968 563 1005 Sed
584 971 699 1006 Latine
719 980 869 1006 tantum:
899 983 979 1005 nam
999 971 1145 1012 Graece,
1170 980 1206 1005 vt
1227 967 1314 1013 dixi,
1341 968 1515 1005 intercidit.

105 1072 247 1106 Conringii
261 1072 325 1106 sm.
380 1059 437 1093 IV.
493 1058 599 1093 Porro
625 1071 696 1094 non
719 1056 1009 1093 contemnendum
1034 1056 1196 1093 iudicium
1216 1058 1261 1093 H.
1291 1059 1468 1107 Contingii
1485 1086 1495 1100 ,
1532 1056 1624 1108 quod
1645 1056 1686 1093 de
1704 1057 1772 1092 hoc
1792 1053 1859 1091 dia-

82 1108 175 1135 tentia.

397 1109 482 1158 logo
507 1109 582 1145 tulit
603 1109 657 1145 lib.
672 1113 695 1145 I.
719 1109 759 1146 de
783 1109 953 1146 Medicina
976 1113 1170 1146 Hermetica
1192 1125 1263 1160 cap.
1279 1123 1305 1155 ς.
1360 1110 1422 1156 Est
1446 1111 1571 1146 libellus
1588 1104 1861 1159 Aegyptiacaef)

394 1157 647 1210 εἷέωλσμανίας
664 1163 786 1209 plenus
810 1164 956 1210 quidem,
983 1163 1125 1210 adeoque
1148 1176 1212 1198 non
1235 1163 1276 1211 est
1299 1164 1513 1199 dubitandmn
1534 1176 1574 1199 cx
1589 1164 1748 1212 Aegypto
1765 1161 1860 1196 illum

81 1211 145 1262 effi.

122 1357 150 1391 e)
177 1353 330 1389 Wowerii
350 1356 502 1387 iudicium
524 1355 639 1397 legitur
660 1358 692 1388 in
715 1356 800 1388 illius
824 1356 941 1400 praefa-

78 1398 163 1429 tione
192 1399 229 1430 de
258 1403 321 1432 vita
355 1410 384 1432 et
407 1400 524 1443 scriptis
555 1405 588 1434 L.
612 1401 736 1444 Apuleii
753 1425 762 1439 ‚
808 1403 940 1433 editioni

77 1453 207 1485 operum
228 1446 336 1488 ipsius,
366 1447 537 1485 Hamburgi
558 1451 641 1478 1606.
660 1458 698 1477 12.
720 1447 863 1488 praefixa.
888 1447 940 1478 El-

75 1487 279 1531 menhorstius
293 1498 393 1521 autem
410 1492 442 1520 in
453 1491 725 1522 Emendationibus
737 1490 795 1522 suis
808 1491 844 1521 ad
854 1491 940 1523 Her-

75 1534 168 1565 metis
193 1535 384 1578 Trismegisti
411 1535 448 1566 de
472 1536 606 1567 Natura
630 1538 757 1566 deorum
783 1536 827 1567 aci
846 1534 941 1576 Askle-

74 1578 164 1618 pium
185 1578 398 1614 Adlocutum;
428 1579 515 1617 ‚‚fic‚
539 1582 598 1616 ait,
623 1580 704 1610 hunc
728 1578 842 1610 librum
863 1579 942 1609 indi-

75 1622 174 1660 girant
194 1624 389 1653 membranae
412 1623 584 1654 Leidenses.
637 1626 672 1654 In
693 1623 773 1654 Flor.
797 1632 826 1654 et
842 1625 942 1654 Brem.

76 1667 135 1703 est,
165 1666 292 1707 Apuleii
313 1666 492 1710 Asclepius,
518 1668 585 1710 fiue
614 1667 762 1709 dialogus
787 1668 943 1699 Mercurii

79 1710 278 1754 Trifinegisti.
344 1714 432 1742 Rom.
459 1710 527 1742 Ald.
560 1710 644 1742 Basil.
676 1720 705 1742 et
739 1711 829 1742 Paris.
865 1713 939 1742 edit.

78 1756 175 1784 Henr.
197 1757 341 1796 Stephani
365 1766 390 1784 a.
410 1765 489 1793 1505.
509 1757 586 1787 hanc
612 1758 798 1798 epigraphen
824 1755 940 1798 praefe-

77 1806 165 1829 runt:
201 1799 361 1841 Asclepius
381 1800 543 1831 Hermetis
568 1801 755 1844 Tristuegisti
777 1800 939 1841 Dialogus

78 1852 99 1874 α
118 1842 215 1874 Lucio
242 1843 374 1884 Apuleio
394 1843 607 1886 Madaurense
631 1845 797 1875 Platonico
819 1845 850 1875 in
878 1844 940 1876 La-

77 1887 178 1918 tinum
195 1887 366 1927 conuersus.
384 1895 439 1917 etc.
462 1896 596 1918 ceterum
619 1889 721 1926 idem,
757 1888 840 1929 quod
865 1892 940 1919 Wo-

77 1932 191 1961 werius
214 1931 251 1961 de
277 1930 344 1962 stilo
371 1932 461 1961 huius
485 1933 630 1962 versionis
656 1931 788 1974 Apuleio
813 1935 941 1962 minime

77 1975 280 2011 tribuendae,
311 1975 438 2006 iudicat.
483 1976 608 2007 Coluius
623 1977 675 2006 fin.
701 1979 781 2007 vitae
803 1976 939 2019 Apuleii‚

76 2017 161 2049 illius
183 2019 333 2056 editioni,
356 2020 454 2060 Lugd.
467 2022 499 2050 Β.
519 2027 593 2058 1588.
612 2020 804 2062 praemissae:
834 2019 938 2057 „Non

77 2064 175 2100 bene,
199 2066 320 2105 inquit,
344 2062 390 2093 illi
413 2066 504 2095 etiarn
529 2064 567 2095 de
592 2063 662 2095 stilo
688 2063 803 2106 filoque
826 2067 939 2095 oratio-

77 2109 124 2138 nis
133 2107 320 2150 Apuleianae
337 2109 474 2138 iudicare
491 2109 648 2146 videntur,
673 2112 728 2150 qui
742 2110 778 2140 ab
795 2120 831 2140 eo
841 2108 937 2140 Ascle·

77 2154 165 2194 pium
188 2154 342 2183 Hermetis
365 2152 559 2192 Trismegisti
583 2164 600 2183 e
627 2164 736 2192 graeco
756 2156 789 2184 in
808 2153 937 2184 latinum

79 2196 261 2226 conuersum
285 2195 413 2233 volunt,
447 2198 591 2238 interque
613 2200 677 2227 eius
700 2197 809 2240 scripta
833 2208 938 2228 nume·

77 2250 146 2270 rare
162 2249 198 2271 ret
218 2241 370 2271 excudere
390 2251 452 2271 non
471 2241 629 2276 dubitant3
652 2252 720 2272 cum
742 2252 779 2272 eo
801 2242 938 2282 dialogo,

78 2293 227 2325 quantum
248 2285 285 2315 ad
310 2286 404 2315 verba
424 2293 454 2315 et
476 2285 513 2315 ad
537 2285 676 2326 phrases,
702 2288 753 2317 vix
768 2287 937 2327 quidquam

76 2330 111 2358 in
125 2337 187 2360 tota
201 2328 304 2368 lingua
320 2328 412 2359 latina
433 2330 526 2359 exstet
545 2332 687 2371 ineptius.
697 2334 720 2348 ‘⁵
765 2330 937 2363 Cudmortlz

78 2372 148 2403 loco
170 2384 259 2403 mem.
275 2374 458 2410 arbitratur,
483 2373 623 2412 dogmata
638 2375 729 2404 huius
746 2373 880 2414 dialogi,
899 2375 939 2405 ab

79 2418 210 2460 Apuleio
234 2417 327 2448 latine
349 2418 446 2454 νει-ἥ,
484 2417 542 2447 effe
571 2420 700 2457 originis
725 2420 937 2460 Aegyptiacae,

82 2474 118 2494 ex
139 2464 265 2504 quibus,
296 2470 444 2502 quantum
471 2460 579 2497 Plato,
611 2463 792 2501 Pythagoras
822 2462 940 2504 aliique

79 2509 190 2541 Graeci
206 2514 363 2551 acceptum
378 2505 494 2539 referre
512 2505 643 2538 debeam
657 2509 832 2550 Aegyptiis,
857 2506 938 2539 clare

196 1212 290 1249 Num
310 1222 417 1252 autem
445 1216 585 1251 mutum
594 1217 645 1266 sit
668 1216 837 1265 antiquior
856 1215 1027 1254 Lufflmtc'i
1047 1229 1145 1257 aeuo,
1173 1217 1264 1252 haud
1284 1216 1417 1263 definire
1439 1216 1492 1264 cst.
1544 1217 1669 1266 Sanefi
1689 1227 1799 1251 verum
1815 1211 1861 1261 est

1744 1268 1861 1316 faten-

996 1357 1048 1388 fiat
1067 1356 1271 1388 manifestum.
1319 1358 1487 1388 Enimuero
1508 1358 1642 1399 primum
1667 1367 1728 1386 non
1753 1364 1859 1385 omnes

996 1402 1116 1432 codices
1141 1404 1309 1444 praefixum
1335 1403 1468 1439 habent,
1493 1404 1538 1433 vti
1562 1401 1717 1437 vidimus,
1743 1409 1860 1429 nomen

995 1445 1120 1488 Apuleii
1138 1469 1148 1483 ,
1188 1448 1387 1488 interpretis:
1424 1446 1497 1477 dein
1526 1444 1673 1487 Apuleius
1703 1444 1740 1475 de
1770 1442 1860 1473 libris

995 1492 1179 1520 Hermeticis
1190 1514 1198 1527 ‚
1224 1499 1393 1532 eorumque
1411 1502 1479 1521 cum
1495 1489 1688 1532 philosophia
1703 1486 1860 1519 Platonica

996 1533 1190 1564 consensione
1212 1545 1379 1577 numquam
1402 1535 1535 1568 differit3
1559 1533 1643 1575 quod
1665 1544 1718 1564 cur
1739 1543 1802 1563 non
1816 1531 1860 1561 fe-

997 1581 1091 1615 cerit,
1115 1589 1153 1609 ne
1170 1579 1341 1609 diuinando
1356 1579 1482 1620 quidem
1505 1577 1639 1617 intelligi
1652 1578 1780 1620 poterit:
1806 1575 1858 1605 de-

997 1625 1111 1664 nique,
1138 1633 1193 1653 cur
1212 1631 1330 1653 veteres
1356 1622 1534 1664 scriptores,
1557 1630 1649 1663 atque
1671 1620 1734 1663 ipse
1756 1623 1858 1658 Augu·

996 1669 1107 1703 stinus,
1140 1678 1252 1698 nomen
1278 1666 1420 1708 Apuleii,
1448 1668 1466 1696 si
1491 1665 1594 1696 fuisset
1616 1667 1787 1707 interpres,
1810 1673 1857 1693 re-

995 1711 1159 1748 ticuissent,
1185 1711 1343 1754 perspec‘ku
1363 1713 1422 1741 erit
1438 1709 1573 1741 difficile.
1619 1710 1654 1740 Id
1669 1717 1769 1740 tamen
1787 1718 1858 1738 con-

995 1756 1165 1786 cedendum
1183 1757 1241 1792 est,
1267 1754 1437 1796 Asclepium
1454 1755 1491 1784 ad
1511 1756 1627 1796 prima,
1650 1764 1728 1795 quae
1742 1762 1858 1783 nomen

994 1802 1151 1830 Hermetis
1174 1803 1385 1835 mentiuntur,
1415 1799 1524 1840 scripta
1547 1801 1720 1841 pertinere,
1753 1798 1857 1827 aueto-

995 1855 1059 1874 rem
1083 1843 1166 1874 illius
1195 1855 1256 1874 non
1282 1843 1370 1874 fuiss'e
1392 1845 1579 1874 Christianae
1604 1841 1782 1884 disciplinae
1805 1840 1857 1871 ad-

996 1889 1130 1924 dietum,
1155 1899 1241 1918 more
1260 1888 1484 1929 propemodum
1503 1887 1617 1918 Plotini
1632 1897 1664 1916 ac
1691 1885 1857 1927 Porphyrii

996 1932 1104 1974 placita
1129 1933 1259 1962 reddere
1282 1930 1453 1974 platonica,
1484 1931 1609 1962 somniis
1634 1931 1771 1961 sei-orum
1792 1927 1856 1970 pla·

995 1980 1170 2008 tonicorum
1194 1976 1274 2007 haud
1305 1985 1472 2018 corrupta,
1509 1987 1565 2006 nec
1593 1974 1725 2005 multum
1746 1972 1856 2003 alienis

992 2021 1192 2063 opinionibus
1218 2028 1270 2051 aut
1296 2019 1404 2051 formis
1434 2022 1648 2051 contaminata.
1678 2017 1758 2049 conf.
1777 2017 1856 2049 Mei-

991 2076 1063 2097 ners
1081 2064 1101 2095 1.
1117 2077 1142 2095 c.
1160 2075 1304 2106 pag.244.
1321 2063 1384 2106 sqq.
1429 2065 1528 2096 Harl.

1029 2110 1070 2152 f)
1093 2110 1181 2140 Poffit
1204 2108 1315 2150 aliquis
1342 2107 1485 2150 suspicari
1523 2108 1687 2139 confletum
1715 2105 1773 2138 effe
1796 2105 1852 2136 sub

990 2154 1232 2196 Imperatoribus
1264 2154 1444 2184 Christianis
1478 2163 1495 2182 a
1533 2152 1667 2194 quodam
1701 2151 1853 2191 Aegyptio

992 2198 1139 2240 scriptore
1161 2198 1312 2234 Ethnico,
1345 2199 1400 2239 qui
1424 2198 1666 2228 Christianorum
1689 2193 1770 2225 sacra
1799 2194 1854 2224 do-

992 2251 1092 2282 gmata
1114 2244 1147 2272 in
1170 2243 1307 2283 Aegypto
1326 2243 1424 2283 recipi
1448 2240 1573 2283 explosis
1588 2242 1743 2281 Aegyptiis
1761 2247 1853 2277 aegre

992 2286 1098 2317 ferret.
1159 2287 1235 2316 sane
1260 2287 1318 2316 hoe
1345 2285 1491 2324 colligere
1514 2286 1591 2316 mihi
1616 2286 1726 2315 videor
1749 2294 1783 2313 ex
1805 2283 1853 2312 his

992 2330 1106 2370 dialogi
1129 2330 1246 2360 verbis:
1280 2330 1475 2370 Alienigenis
1492 2331 1572 2360 enim
1592 2331 1750 2370 rrgionem
1763 2327 1854 2369 istam

991 2382 1170 2416 terramque
1190 2373 1412 2415 complentibus
1434 2384 1492 2404 nou
1506 2372 1608 2415 solum
1630 2370 1784 2413 negleffits
1805 2380 1854 2401 re-

991 2419 1163 2460 ligionum,
1185 2416 1258 2460 sed,
1286 2418 1370 2459 quod
1388 2418 1425 2460 est
1452 2417 1579 2452 dorsus,
1612 2417 1697 2459 quasi
1719 2416 1757 2447 cie
1776 2414 1851 2454 Iegi-

993 2463 1049 2495 bus
1071 2472 1090 2494 a
1115 2463 1266 2502 religione
1290 2463 1409 2502 pietate
1440 2462 1583 2502 cultuque
1605 2461 1712 2492 diuino
1733 2460 1852 2503 stutue-

993 2512 1046 2539 την
1072 2504 1270 2549 praestrz'pta
1293 2515 1395 2548 poena
1418 2503 1602 2549 prohibitio.
1650 2505 1736 2538 Tunc
1760 2509 1853 2537 terra

1790 2547 1850 2592 ista
