2183 2747
122 158 307 197 vomam
772 162 1227 204 PYTHAGORICORVM.
1469 166 1543 202 Lib.
1555 166 1607 203 II.
1625 177 1700 213 e.13·
1810 174 1877 214 829

120 260 377 310 Aglaophemus.
408 259 471 296 vid.
491 259 612 297 Cellar.
630 262 662 296 in
678 261 810 297 Lexico.
838 263 1021 302 Heumann,

120 330 272 367 Albinus.
301 329 366 366 vid.
383 330 497 380 paullo
519 329 592 380 post
611 331 793 377 Longinus.
824 332 927 368 Harl.

118 400 272 442 meacm,
293 402 384 436 cuius
399 412 502 449 gener
520 410 550 435 ct
568 401 681 435 haeres
698 397 759 436 fuit
775 402 990 449 Pythagoras.
1019 399 1187 436 Iamblich.
1210 413 1281 450 cap.
1300 411 1357 444 30.

119 470 226 506 Ait-ias
245 471 494 517 Metapontinos
506 497 516 512 ,
543 467 623 512 siue,
645 481 679 504 vt
695 470 733 504 ab
752 469 865 504 illustri
882 471 1052 505 Obieehto
1070 468 1101 505 id
1116 472 1262 506 nominis
1279 470 1396 504 rectius
1413 469 1630 518 exprimitur,
1657 466 1788 504 Alceas.

118 539 331 576 Alcimachus
347 540 457 573 Parius
474 537 702 574 Aristocratiae
717 537 904 574 retinendae
921 540 1062 575 Crotoni
1081 535 1190 574 suasor
1213 553 1291 575 cum
1306 539 1496 580 Dimacho‚
1523 538 1664 573 Metonc
1684 547 1716 573 et
1738 538 1868 573 Demo.

219 589 309 627 cede.
362 589 446 626 Vide
470 591 642 627 Iamblich.
664 605 737 641 cap.
756 604 802 638 35.

113 667 320 707 Alcmaeon,
349 666 544 700 Crotoniata
562 667 698 711 iuuenis,
728 667 953 714 Pythagoram
970 664 1080 702 senem
1097 664 1222 702 audiuit
1236 665 1313 701 teste
1329 665 1502 700 Iamblicho
1516 678 1586 713 cap.
1603 677 1651 707 23.
1678 662 1768 714 quod
1787 677 1866 699 con·

219 720 332 755 firmat
349 716 540 763 Aristoteles
563 716 616 753 lib.
633 720 656 753 I.
679 716 868 768 Metaphys.
894 733 965 769 cap.
985 732 1009 764 5.
1064 718 1195 769 Scripsit
1210 715 1350 764 φυσικὲν
1367 714 1471 765 λέγον
1487 717 1526 753 ad
1547 719 1758 759 Bronfinum,
1782 719 1866 752 Leo-

216 785 295 807 nem
320 781 350 806 et
373 770 586 814 Bathyllum,
621 768 694 806 vide
721 772 834 806 anrs.
851 774 936 807 VIII.
959 778 1005 814 83.
1062 774 1221 807 Neminit
1240 773 1325 807 illius
1343 773 1411 807 libri
1435 773 1534 806 etiam
1554 770 1702 805 Galenus
1718 781 1802 805 tom.
1822 770 1864 803 V.

214 839 248 874 p.
267 837 291 859 1.
347 826 473 858 Contra
495 825 582 858 hune
600 822 841 859 Alcmaeonem
863 825 942 860 liber
959 823 1150 870 Aristotelis,
1168 824 1275 860 eidem
1294 827 1426 859 Laertio
1446 826 1485 859 V.
1506 837 1551 869 25·
1568 833 1790 865 memoratus,
1813 824 1861 856 in-

214 875 351 912 tercidit.
380 876 507 910 Fal-ric.
563 875 646 911 Vide
669 878 767 925 [³0er
784 879 928 913 Dieffion.
955 891 1026 911 voc.
1044 878 1249 920 Alcmaeon,
1276 889 1360 913 tom.
1379 878 1404 913 1.
1428 886 1459 912 et
1475 875 1607 912 cellarii
1624 877 1770 911 Lexicon
1784 887 1860 910 voe.

216 931 360 966 Alcman
385 939 415 962 et
440 929 637 964 Alcmaeon.
676 931 858 965 Heumann.
917 930 1041 965 Laudat
1063 945 1138 965 eum
1160 933 1257 966 etiam
1275 931 1456 975 Simplicius
1473 931 1506 963 in
1522 931 1547 964 Ι.
1561 927 1602 964 de
1623 931 1754 970 anima,
1780 936 1859 963 text.

213 994 264 1028 32.
301 980 447 1016 Endon-ia
471 984 502 1016 in
527 978 636 1034 Ἰωνιᾷ
659 996 688 1031 p.
705 994 750 1026 53.
773 996 812 1017 ex
835 984 989 1030 Diogene
1014 985 1119 1019 Laert.
1139 984 1226 1017 VIII.
1246 991 1296 1026 83.
1323 981 1375 1025 (ad
1401 995 1500 1031 quem
1520 980 1635 1016 locum
1658 980 1722 1017 vid.
1739 983 1858 1016 Mena-

212 1036 335 1084 gium.)
355 1031 408 1068 sua
427 1034 632 1082 coxnpilanS‚
654 1033 764 1070 laudat
782 1049 858 1070 eum
885 1046 1057 1084 tamquam
1082 1035 1252 1071 medicum
1276 1034 1343 1080 (τοὶ
1366 1035 1501 1074 mike»
1524 1030 1665 1085 ἷατξικοὶ
1691 1034 1804 1080 λέγω)
1824 1042 1857 1068 et

224 1086 474 1135 xhysiologum:
504 1090 650 1134 priunum
668 1087 764 1123 illum
783 1087 904 1130 videri,
933 1086 1112 1123 secundum
1137 1091 1339 1124 fauorinum
1366 1091 1398 1123 in
1416 1087 1560 1122 Historia
1583 1083 1747 1129 miscella⁷
1775 1098 1855 1120 con-

211 1102 366 1189 scrips-nse
383 1137 523 1187 φυσικὲν
539 1136 660 1186 λέγον,
687 1151 719 1176 et
741 1144 841 1176 animi
866 1142 1152 1176 immortalitatem
1176 1139 1355 1177 credidisse.
1419 1142 1578 1176 Meminit
1600 1141 1668 1174 eius
1691 1139 1855 1174 Fabricius

209 1196 308 1228 etiam
328 1192 393 1228 vol.
412 1193 495 1226 XIII.
523 1195 554 1226 in
578 1193 729 1228 Elencho
752 1193 964 1228 medicorum
987 1208 1016 1242 p.
1036 1200 1087 1237 48.
1129 1193 1212 1230 adde
1229 1196 1313 1229 dela
1332 1194 1451 1228 Nauzc
1474 1191 1515 1228 de
1538 1202 1640 1227 aetate
1662 1192 1758 1237 Pyth.
1781 1203 1854 1239 ger-

207 1248 336 1280 manice
354 1241 434 1280 vers.
453 1246 490 1280 ab
506 1243 707 1281 Hissinanno
727 1248 781 1281 in:
802 1248 961 1294 Magazin
982 1245 1036 1282 sin·
1050 1246 1102 1282 die
1118 1244 1330 1295 Philosophie
1347 1257 1430 1281 tom.
1445 1248 1482 1283 II.
1499 1259 1530 1294 p.
1548 1257 1608 1279 100
1619 1241 1663 1293 sq.
1696 1243 1852 1279 Bracker.

208 1298 293 1334 Hffst.
314 1301 384 1333 crit.
399 1297 481 1346 phil.
498 1300 521 1333 1.
547 1312 579 1347 p.
597 1310 660 1341 1¹31
678 1296 747 1348 sqq.
781 1300 902 1335 Stanlei
921 1299 1002 1335 Hist.
1022 1300 1103 1349 phil.
1128 1311 1210 1349 part.
1226 1301 1315 1335 VIII.
1341 1313 1374 1348 p.
1396 1311 1450 1342 435
1465 1296 1509 1347 sq.
1532 1296 1609 1332 edit.
1627 1300 1744 1332 Venet.
1771 1308 1851 1332 cum

207 1363 286 1386 nota
305 1351 439 1386 Olearii.
476 1351 628 1398 Meinas
645 1351 727 1389 Hist.
742 1350 848 1388 doetr.
867 1351 953 1402 apud
971 1354 1027 1389 Gr.
1045 1363 1077 1388 et
1094 1354 1198 1389 Rom.
1215 1355 1238 1388 1.
1254 1367 1285 1402 p.
1302 1355 1369 1398 556.
1385 1344 1456 1388 ηοῖ.
1497 1350 1698 1385 Ticdemann.
1713 1348 1735 1383 l.
1752 1361 1798 1382 m.
1812 1360 1849 1398 p,

201 1407 265 1448 267
283 1401 328 1453 sq.
359 1403 535 1452 Memfium
549 1402 588 1439 ad
605 1403 817 1440 Chalcidium
840 1419 872 1455 p.
888 1417 936 1449 33.
962 1406 1063 1444 Harl,

100 1476 288 1518 Alexander
304 1475 493 1521 Polyhissor
510 1478 540 1514 ἔν
560 1478 612 1530 τῷ
633 1477 709 1528 περὶ
728 1479 978 1531 πυθαγοξικῶν
1003 1476 1191 1531 συμβᾶλων
1215 1482 1333 1516 citatur
1353 1493 1371 1514 a
1385 1477 1509 1527 Cyrillo
1525 1479 1581 1512 IV.
1598 1485 1713 1512 contra
1727 1471 1849 1510 Iulian.

201 1545 232 1581 P·
253 1541 314 1574 ¹33·
342 1529 472 1563 E'bric·
500 1527 592 1566 COssf·
609 1531 714 1579 Πίος.
737 1534 851 1569 Lam-t.
871 1535 958 1568 VIII.
977 1546 1018 1577 24
1036 1554 1085 1560 —
1100 1537 1154 1577 36.
1197 1532 1426 1582 Temporibus
1444 1531 1553 1566 Sullae
1571 1529 1732 1564 inclaruit.
1775 1526 1846 1562 Pla.

202 1586 264 1618 cita
282 1583 575 1630 Pythagoreorum
591 1597 608 1618 e
623 1580 747 1633 scriptis
762 1589 914 1634 genuinis
931 1599 1187 1635 germanorum,
1215 1598 1419 1635 quamquam
1437 1582 1623 1633 posterioris
1640 1582 1762 1624 aetatis,
1783 1581 1847 1624 Py·

202 1637 443 1684 thagoreorum
461 1634 574 1671 hausit.
603 1634 694 1672 conf.
713 1639 868 1686 lIIeineaes.
888 1639 910 1675 l.
928 1653 972 1675 m.
990 1642 1013 1674 I.
1031 1654 1062 1688 p.
1083 1651 1150 1683 237.
1169 1636 1263 1688 supra
1280 1638 1332 1672 lib.
1354 1639 1394 1673 II.
1410 1651 1479 1685 cap.
1497 1648 1540 1671 12.
1561 1636 1590 1682 §.
1611 1636 1652 1668 V.
1678 1629 1762 1667 iufra
1786 1631 1844 1667 lib.

197 1690 254 1725 111.
282 1701 351 1737 cap.
376 1694 408 1728 8.
439 1687 506 1723 vol.
525 1689 564 1724 II.
591 1703 623 1739 p.
643 1701 708 1733 233.
734 1687 856 1740 scripsit
879 1705 1012 1742 quoque
1033 1691 1073 1727 de
1093 1691 1227 1727 ludaei..
1255 1689 1318 1725 vid.
1338 1687 1420 1725 infra
1447 1690 1498 1725 lib.
1518 1689 1572 1724 IV.
1598 1700 1668 1735 cap-
1687 1690 1717 1722 6‹
1745 1684 1776 1731 ᾗ·
1793 1690 1845 1724 ¹8·

198 1740 383 1777 Historicus
400 1743 509 1789 potIus
525 1752 556 1777 et
573 1746 824 1791 grammaticus,
852 1742 931 1787 (fuit
946 1748 1036 1780 enim
1051 1748 1189 1781 Cratetis
1204 1745 1412 1793 grammatici
1431 1739 1634 1789 discipulus‚)
1653 1750 1753 1787 quam
1770 1737 1845 1785 phi·

198 1790 359 1842 losophus
383 1789 478 1828 fuiss‘e
502 1792 638 1830 viderur.
693 1797 852 1834 Meminit
874 1801 942 1834 eius
965 1811 1099 1849 quoque
1122 1799 1269 1834 Photius.
1301 1795 1367 1832 vid.
1384 1791 1470 1831 infra
1485 1794 1541 1830 lib.
1558 1794 1600 1828 V.
1624 1804 1696 1842 cap.
1713 1796 1765 1834 38.
1787 1801 1843 1825 nr.

197 1851 269 1887 188.
298 1843 363 1882 vol.
379 1845 433 1880 IX.
459 1859 490 1895 p.
507 1858 582 1892 439.
612 1848 713 1884 Harl.

91 1914 303 1952 Alexicrates.
335 1911 500 1948 Plutarch.
517 1916 602 1951 VIII.
624 1928 655 1960 7.
672 1914 821 1968 sympos.

91 1984 271 2034 Alopecius
285 1984 549 2033 Metapontinus.

58 2076 61 2078 -
90 2055 263 2089 Amoenus
285 2054 406 2088 Parius.

54 2128 57 2131 “
89 2128 250 2175 Amyclas
267 2129 503 2175 Heracleotes,
531 2142 629 2178 quem
648 2131 731 2165 inter
746 2129 854 2167 claros
877 2141 1067 2181 geometras
1089 2129 1231 2166 celebrat
1245 2127 1382 2166 Proclus
1395 2140 1425 2164 2.
1440 2130 1475 2164 in
1487 2123 1684 2164 Euclidem:
1716 2123 1839 2170 Pytha}

192 2185 348 2230 goricum
376 2193 472 2218 vocat
490 2181 646 2217 Laertius
666 2183 720 2217 IX.
743 2195 797 2227 40.

87 2255 304 2297 Anatolium.
331 2269 369 2292 ex
385 2270 454 2306 quo
475 2258 591 2292 auctor
607 2256 978 2306 Theologumenorum
998 2259 1223 2294 arithmeticae
1240 2270 1309 2292 non
1326 2269 1432 2307 pauca
1453 2251 1639 2304 descripsit,
1666 2254 1834 2303 Pythago-

192 2311 299 2345 ricum
323 2307 418 2345 suilI‘e
439 2311 521 2345 mihi
539 2306 728 2358 persuadeo.

87 2383 265 2421 Anaxilaus
281 2382 480 2428 Larissaeus,
505 2383 547 2421 de
562 2399 630 2434 quo
647 2383 712 2420 dixi
730 2383 814 2420 infra
837 2388 870 2420 in
890 2389 1006 2422 notitia
1021 2388 1252 2427 comicorum,
1280 2385 1332 2421 vbi
1350 2383 1390 2422 de
1405 2384 1567 2422 Anaxilao
1586 2386 1730 2422 comico.
1769 2383 1833 2429 Py-

189 2439 399 2486 thagoricum
418 2450 450 2473 et
469 2440 610 2485 Maponi
631 2450 727 2473 vocat
742 2439 905 2485 Eusebius
921 2441 1094 2474 Chronico
1119 2437 1157 2475 ad
1178 2439 1319 2488 Olymp.
1336 2439 1576 2477 CLXXXVIII.
1604 2439 1653 2473 vbi
1676 2437 1751 2472 vrbe
1774 2439 1834 2471 Ita-

188 2488 300 2540 liaque
315 2491 354 2526 ab
370 2491 522 2541 Augusto
537 2489 672 2542 pulsum
689 2490 799 2528 refert.
829 2491 886 2540 [ff]
917 2494 1042 2527 Fabric.
1068 2494 1123 2541 qui
1145 2488 1229 2527 infra
1251 2491 1305 2527 lib.
1320 2493 1376 2528 Vl.
1403 2506 1476 2542 cap.
1492 2492 1545 2527 IX.
1573 2491 1641 2528 vol.
1660 2502 1704 2534 13.
1731 2503 1761 2539 p·
1781 2492 1835 2533 56.

933 2546 974 2581 M
990 2558 1025 2580 m
1053 2558 1089 2580 m
1102 2559 1137 2580 m
1154 2558 1190 2580 m
1217 2557 1235 2589 3
1734 2542 1831 2592 plura
