2183 2747
33 135 123 168 vom.
137 137 164 175 ῥ.
172 144 220 173 Μ

64 233 185 260 (ἶοΙΙιΠίο
198 234 248 261 A!-

33 270 98 296 diu
111 279 137 298 et
151 273 247 298 edilia·
272 287 306 322 P

33 318 94 335 nen·
127 312 245 346 reliqua-

31 355 93 374 m
108 350 198 379 index.

32 514 154 537 maenam
171 503 322 547 Pelusium
336 503 399 535 illas
414 503 526 535 fabulas
549 507 579 535 in
600 504 721 536 latinam
747 505 876 546 linguam

30 547 220 580 transtulisse:
245 549 318 579 hanc
333 559 406 579 vero
420 550 594 585 versionem,
604 560 692 591 quam
711 549 799 580 serius
816 551 876 581 for-

31 593 79 624 san
96 595 172 635 typis
187 591 244 623 esse
257 592 417 634 express'am
432 592 603 634 suspicatur,
626 593 719 624 abess‘e
741 594 839 624 scribit
861 606 876 624 a

31 637 84 668 suo
102 635 278 678 exemplari:
303 645 390 677 atque
407 637 485 678 apud
513 639 715 673 Maittariuiu,
734 640 807 668 Anu.
832 647 876 672 ty-

29 691 115 723 pogr.
133 683 183 710 IV.
200 689 273 721 part.
291 682 326 710 11.
347 691 376 721 p.
392 689 465 718 7⁴7,
488 679 539 710 vbi
555 681 624 710 haec
647 681 739 711 editio
765 691 876 711 memo—

29 733 124 759 ratur,
146 732 206 754 not.
223 734 251 759 4.
267 732 389 764 repetita
411 725 487 765 typis
511 725 550 754 est
570 723 733 765 praefatio:
764 727 796 755 in
817 735 876 766 qua

31 769 160 802 Bracius‚
185 769 300 799 „vitam
316 767 439 808 Aesopi,
471 770 528 802 ait,
551 767 664 797 fabulas
687 776 716 798 et
741 768 875 810 epistolas

30 811 191 842 Phalaridis
208 812 303 841 noster
316 810 444 841 Barthol.
462 810 720 852 Iullinopolitanus
738 814 829 841 vertit
845 814 875 842 in

29 857 167 886 Latinum
197 855 255 890 ita,
298 863 330 884 vt
359 854 483 883 vei-bum
511 854 546 883 de
572 854 665 884 verbo
695 854 874 896 expresserit.

29 897 170 940 §ior-siem
201 900 319 938 alioque
347 898 500 927 volumine
527 916 557 922 -
583 896 693 928 haberi
719 899 874 929 voluimus

30 942 154 973 Graeca
168 950 187 970 a
205 941 339 976 Latinis,
360 949 562 981 perpetuoque
579 940 683 970 ordine
701 950 729 970 et
753 944 871 982 pagina-

29 996 95 1015 rum
119 993 148 1014 et
178 983 314 1013 versuum
346 984 398 1013 libi
427 983 538 1022 lingula
567 983 778 1025 respondere.“
835 988 872 1016 At

28 1030 182 1060 Maittario
205 1026 280 1057 nihil
294 1029 423 1057 innotuit
438 1027 474 1057 de
490 1026 539 1057 illa
557 1028 705 1058 vernone:
736 1038 787 1058 nec
811 1040 870 1058 me-

28 1080 162 1104 moratur
178 1082 211 1100 ea
225 1073 255 1101 in
270 1070 406 1112 exemplo
429 1072 616 1107 Askeuiano,
644 1083 672 1112 p.
698 1081 741 1107 23.
763 1082 814 1102 nec
834 1073 870 1103 ab

27 1118 187 1152 Osmonto,
210 1113 228 1144 l.
253 1126 292 1144 m.
313 1125 364 1144 nec
382 1125 398 1144 a
419 1115 510 1144 Burio
533 1116 563 1145 in
587 1115 807 1157 Bibliographie
826 1118 869 1146 in-

27 1161 124 1190 stru&
146 1157 237 1188 Belles
253 1157 350 1188 lettres
365 1160 482 1188 tom.11.
498 1169 526 1188 n.
541 1167 616 1195 3571.
631 1161 682 1199 qui
698 1159 758 1189 duo
775 1161 868 1200 poste-

27 1206 121 1234 riores
144 1202 310 1237 adfirmant,
341 1201 531 1239 Priuilegium
547 1204 691 1232 Venetum
710 1203 868 1239 adnexum,

26 1257 52 1277 a.
72 1253 151 1282 1498.
167 1245 222 1275 ess‘e
238 1245 444 1286 subscriptum:
466 1255 494 1274 at
509 1247 649 1275 Goetzius
673 1245 746 1276 nihil
763 1246 799 1275 de
814 1247 866 1276 hae

25 1293 94 1321 mini
113 1294 141 1320 in
159 1289 319 1327 Priuilegio
344 1299 413 1319 nota
430 1288 592 1318 adnotauit.
644 1292 757 1327 Qiater
776 1291 867 1328 igitur

25 1343 92 1365 ante
108 1333 213 1363 Aldum
235 1331 352 1362 fabulae
368 1331 514 1372 Aesopcae
527 1343 646 1370 graecae
663 1332 800 1363 formulis
822 1342 864 1368 ty-

24 1378 213 1420 pographicis
234 1376 349 1406 siierant
365 1375 542 1417 descriptae,
578 1385 606 1406 et
634 1377 722 1418 ipsius
745 1376 866 1407 Aldinae

25 1431 55 1451 et
78 1421 258 1461 reliquarum
285 1420 450 1449 editionum
471 1430 562 1460 vsque
584 1419 620 1449 ad
641 1421 866 1461 Stephanianam

25 1475 50 1495 a⁴
71 1468 150 1501 1546.
175 1473 326 1494 contextus
347 1474 464 1500 graecus
481 1463 566 1492 fluxit
579 1473 615 1493 ex
638 1466 738 1504 priore
762 1466 866 1495 Accur-

24 1510 111 1545 nana,
135 1507 220 1538 nullis
235 1517 283 1537 aut
299 1506 396 1536 saltem
413 1506 575 1536 leuioribus
590 1508 802 1538 mutationibus
825 1507 867 1538 fa-

24 1554 94 1585 eun
118 1554 186 1582 teile
201 1551 379 1585 Tyrwhitto
397 1561 425 1591 p.
443 1560 472 1579 21
491 1549 530 1590 sq.

68 1596 185 1627 Latina
202 1597 281 1625 vitae
298 1603 325 1624 et
341 1593 506 1623 fabularum
523 1593 584 1623 Aes.
602 1595 696 1624 versio
717 1605 783 1623 cum
804 1596 865 1636 epi·

22 1638 94 1670 stola
112 1638 235 1670 Rimicii
253 1636 454 1669 Tradufforis
478 1636 522 1667 ad
542 1637 616 1669 Reu.
639 1637 731 1668 Patr.
756 1638 865 1669 Domi-

21 1692 97 1714 num
111 1680 509 1713 Antonium-Cardinalem
525 1691 561 1710 ex
581 1681 711 1711 editione
729 1690 803 1719 1479
819 1692 864 1711 re-

25 1728 115 1768 petita
131 1726 170 1754 est
188 1724 358 1755 Mediolani
374 1733 432 1764 per
455 1724 687 1755 Bet-nardinum
707 1723 744 1755 de
761 1725 866 1768 Caflil-

23 1770 104 1801 iiono
119 1773 148 1798 et
165 1766 342 1806 Philippum
358 1767 394 1797 de
410 1766 550 1808 Caſjano,
573 1777 594 1798 a
608 1767 793 1801 MCDXCI.
817 1767 865 1800 die

24 1811 90 1844 III.
105 1810 209 1842 mensis
225 1809 375 1845 Octobris,
397 1811 511 1845 (Saxius
533 1821 561 1850 p.
578 1812 654 1849 588.)

64 1853 178 1895 Aesopi
191 1853 328 1892 Apologi'
339 1852 392 1891 scu
411 1853 581 1893 myntologi
597 1864 663 1884 cum
681 1854 866 1896 quibusdam

23 1899 195 1930 carminum
213 1902 241 1926 et
252 1894 436 1936 fabularum
455 1895 667 1927 additionibus
692 1897 865 1939 Sebistiani

22 1943 137 1975 Brant.
155 1940 175 1970 s.
193 1939 210 1969 l.
228 1948 256 1969 et
275 1949 299 1967 a.
318 1949 346 1974 4.
361 1940 390 1968 in
415 1937 506 1968 Catal.
529 1938 666 1969 biblioth.
692 1941 863 1972 Vffenbach.

23 1993 97 2017 toiri.
112 1987 148 2016 11.
164 1982 294 2024 Adpend.
308 1992 336 2021 p.
351 1985 406 2011 116.
421 1981 472 2011 vbi
485 1991 520 2011 ex
542 1989 681 2023 typorum
704 1994 736 2013 ac
758 1985 865 2023 figura-

22 2040 89 2062 tum
108 2027 235 2059 ruditate
255 2025 422 2064 colligitur,
456 2025 528 2054 hanc
547 2026 617 2056 edit.
639 2026 673 2056 ad
696 2029 808 2069 primos
828 2029 865 2059 ab

22 2075 93 2106 nnis
108 2080 224 2114 typogr.
246 2072 416 2100 inuentione
431 2078 521 2098 annos
543 2068 600 2099 ess'e
614 2069 808 2101 referendam.

66 2116 172 2158 Aesopi
189 2115 255 2145 vita
271 2114 371 2143 latina
390 2115 418 2142 ct
437 2111 581 2143 Fabulae.
612 2115 643 2143 [n
661 2113 752 2144 ealce:
775 2134 791 2147 η
801 2118 863 2146 Me-

22 2159 134 2192 diolani
149 2168 202 2200 pei·
225 2155 405 2188 Guillcrmos
427 2154 453 2184 le
476 2156 610 2193 Signerre
630 2155 733 2187 fratres
751 2160 863 2189 Retho-

20 2202 178 2243 magenses‚
199 2212 276 2231 anno
299 2201 420 2229 Domini
441 2197 594 2229 millefimo
615 2201 862 2242 quadringentesi-

20 2258 72 2279 mo
104 2245 290 2283 nonagesimo
314 2244 434 2277 oetauo,
464 2243 578 2280 (1498.)
604 2244 652 2272 die
674 2247 737 2274 XV.
760 2246 863 2275 mensis

19 2290 207 2334 Septembr.“
238 2288 352 2321 (Saxius
372 2286 390 2315 l.
407 2297 446 2315 m.
463 2297 491 2327 p.
507 2289 588 2321 603.)
615 2287 780 2319 chat-atlete
801 2290 862 2318 Go-

18 2334 114 2370 thien,
135 2333 245 2374 absque
260 2332 389 2361 numeris
404 2331 586 2370 paginarum.

56 2375 235 2418 Mythologi
243 2373 336 2416 Ejbpi
345 2371 498 2414 clariffimi
505 2371 713 2414 fabulatoris,
723 2384 786 2405 vna
795 2385 862 2406 cum

21 2419 143 2455 Auiani
152 2423 181 2450 et
190 2418 318 2450 Remicii
327 2415 510 2458 quibusdam
519 2415 652 2455 fabulis,
664 2427 721 2457 per
729 2417 860 2461 Sebasti-

21 2473 115 2498 anum
124 2463 336 2503 Brantnuper
346 2459 451 2501 renisi:
475 2459 651 2501 additisque
661 2470 719 2500 per
736 2470 803 2493 eum
820 2472 859 2494 ex

64 2515 131 2549 Vni.
144 2515 173 2547 1.

18 2571 30 2589 0

543 135 696 176 simvl„
737 139 884 179 AESOP.
921 140 1284 181 COLLECTIONES.

1465 148 1536 186 Lib.
1550 152 1598 188 ῘῘ.
1607 166 1668 199 a}-
1720 161 1778 204 641

326 233 384 270 XI.
409 232 564 294 'Alteram
586 234 824 272 colledlionem
848 235 1035 275 fabularum
1065 239 1211 276 CXLIX.
1243 254 1319 277 eum
1343 245 1406 279 vita
1431 243 1562 296 Aesopi,
1587 263 1604 284 a
1627 251 1775 290 Maximo

307 287 423 322 lanude
454 284 582 334 scripta,
607 301 723 349 graece
756 301 786 325 et
812 289 910 351 latine
931 295 1058 340 primus
1090 291 1190 327 edidit
1206 293 1316 350 Aldus
1332 296 1522 342 Manutius,
1551 302 1666 340 Vener.
1689 318 1774 353 ¹505·

268 338 330 377 sol.
346 337 394 373 ⁸⁸)
420 337 560 384 testatus,
575 337 607 375 sc
625 354 659 376 iu
676 341 739 377 illis
755 342 916 379 vertendis
931 343 1076 381 multum
1092 343 1280 383 elaborasse.

1333 348 1436 393 Nam,
1462 353 1580 401 inquit,
1601 367 1680 403 quae
1703 368 1777 396 ante

1651 412 1776 447 tralata

928 510 1030 542 variis
1047 509 1214 543 autoribus
1231 514 1351 543 centum
1368 512 1493 546 circiter
1508 520 1539 547 et
1553 518 1773 563 quadraginta

930 554 1290 596 elegantiffimissabellis
1307 555 1396 588 dietis
1413 562 1443 589 et
1459 560 1595 601 veistbus
1611 573 1648 594 ac
1665 568 1773 600 mundi

928 597 1121 640 nionstruofis
1138 597 1345 639 compluribus
1362 604 1526 634 creaturis.
1542 605 1771 644 Bafil.1501.fol.

972 639 1051 671 Alias
1066 642 1212 672 vernones
1233 641 1337 673 latinas
1363 654 1523 687 earumque
1537 648 1681 682 editiones
1696 657 1771 686 anti-

929 685 1076 725 quissimas
1096 684 1197 726 paullo
1219 687 1283 727 post
1306 686 1510 720 indicabimus.
1562 694 1773 731 Neueletanag

929 736 1026 758 autem
1043 728 1193 765 editionis,
1215 731 1297 760 cuius
1320 731 1467 763 Fabricius
1487 737 1667 769 mentionem
1691 740 1761 773 facit

928 771 1079 813 inscriptio
1095 771 1179 813 plena
1196 773 1265 803 haee
1282 774 1340 807 οὓς
1760 766 1770 780 ¹

975 815 1109 846 Fabulae
1135 817 1296 847 variorum
1321 816 1499 856 aufforum,
1530 830 1634 864 nempe
1657 827 1771 870 Aefhpi

928 857 1067 889 Fabulae
1089 861 1352 899 graeco-latinae
1378 861 1566 897 CCXCVII.
1594 868 1770 909 Aplitlzonii

927 900 1087 944 Sophislae
1105 902 1241 934 Fabulae
1254 913 1307 944 gr.
1319 905 1373 935 lat.
1383 905 1454 937 XL.
1474 907 1614 942 Gabriae
1622 912 1697 945 Fab.
1714 925 1759 957 gr

925 946 981 975 lat.
1001 945 1131 977 xiiii.
1152 946 1289 977 nabi-iae
1307 947 1383 978 rab.
1396 958 1449 989 gr.
1468 951 1522 983 tat.
1540 953 1602 986 XI.
1620 943 1767 991 accedun}

925 987 1084 1029 Anonymi
1100 991 1213 1020 veteris
1231 990 1378 1028 Fabulae,
1396 993 1495 1023 latino
1513 999 1649 1030 carmine
1666 1003 1767 1035 reddi·

925 1036 978 1062 tae
997 1031 1065 1063 LX.
1086 1042 1124 1063 ex
1141 1034 1282 1072 casloletis
1299 1034 1483 1067 editionibus
1499 1042 1529 1068 et
1547 1042 1611 1072 cod.
1630 1043 1702 1076 MS.
1721 1046 1764 1078 lu.

924 1076 951 1106 ci
967 1076 1118 1106 redditae.
1166 1076 1252 1108 Haec
1268 1079 1372 1109 onmia
1395 1088 1436 1110 ex
1452 1079 1642 1116 Bibliotheca
1670 1088 1766 1121 Pala-

923 1120 1001 1149 tina.
1069 1119 1272 1151 Adiiciuntur
1305 1120 1427 1162 insuper
1458 1123 1599 1158 Phaedri
1629 1129 1766 1165 Fabulae

921 1161 986 1193 XC.
1013 1161 1128 1194 Animi·
1147 1163 1284 1194 Fabulae
1304 1164 1407 1196 XLII
1410 1166 1435 1196 Ι.
1455 1167 1602 1209 Alastcmii
1628 1173 1765 1208 Fabulae

922 1204 1127 1237 CXCVIIII.
1139 1216 1231 1246 opera
1248 1213 1275 1238 et
1277 1207 1307 1248 st
1311 1208 1379 1238 udio
1396 1208 1498 1250 Isaaci
1507 1212 1632 1247 Nicon-i
1640 1217 1762 1251 ll'eucle-

920 1250 956 1285 ις’,
975 1259 1042 1280 cum
1060 1251 1140 1280 notis
1153 1251 1284 1281 n'usdem
1301 1251 1332 1282 in
1343 1253 1474 1291 easdem,
1493 1265 1558 1286 cum
1566 1258 1689 1299 figuris
1700 1263 1762 1304 lig-

920 1293 993 1324 neis.
1017 1293 1230 1334 Francofurti,
1246 1295 1332 1330 1610,
1357 1300 1396 1331 et,
1413 1303 1534 1329 niutata
1551 1304 1672 1333 tantum
1689 1307 1762 1337 titu-

919 1337 940 1367 li
953 1338 1086 1377 pagina,
1105 1337 1192 1367 1660.
1208 1342 1238 1373 8.
1292 1340 1412 1368 Nouam
1436 1340 1544 1372 dedisse
1566 1348 1760 1380 recenlionem

918 1387 946 1410 et
955 1391 1123 1418 graecarum
1139 1380 1305 1411 fabularum
1323 1382 1467 1414 editarum
1483 1397 1637 1419 numerum
1653 1393 1761 1423 auxisse

919 1423 1057 1454 Neuelet.
1075 1427 1132 1454 iam
1149 1423 1234 1465 supra
1249 1428 1428 1456 monuimus.
1452 1430 1666 1470 Saepenumero
1681 1436 1759 1467 haud

918 1469 1031 1509 ineptas
1052 1469 1233 1498 coniee‘turas
1250 1470 1279 1498 in
1294 1472 1371 1499 notis
1387 1470 1500 1502 adtulit.
1524 1473 1616 1505 Harl.

961 1517 1026 1551 gg)
1060 1514 1167 1552 Neque
1202 1511 1306 1541 Aldum
1343 1516 1472 1553 primum
1502 1517 1620 1548 edidisse
1649 1520 1761 1553 fabula:

919 1555 1074 1596 Aesopea5‚
1096 1554 1143 1584 sed
1159 1565 1273 1593 graecas
1290 1556 1325 1584 ab
1347 1559 1480 1588 Accurlio
1501 1561 1660 1600 publicatas
1683 1568 1760 1607 tvpic

919 1597 1082 1639 repetiiffe3
1106 1609 1200 1639 neque
1222 1597 1300 1627 illam
1315 1599 1517 1632 colleffioncm
1535 1604 1590 1634 ell'e
1603 1616 1617 1636 a
1634 1596 1760 1639 Plaiiude

918 1640 1094 1683 profeRam,
1111 1642 1146 1671 ad
1161 1641 1340 1683 superiorem
1358 1647 1571 1687 paragraphum
1587 1650 1702 1681 abunde
1712 1653 1759 1683 de-

918 1686 1110 1715 monstratum
1130 1687 1186 1718 est3
1212 1688 1298 1715 etiam
1314 1686 1350 1715 de
1367 1689 1478 1718 Rinutii
1493 1692 1623 1722 verlione
1637 1694 1760 1728 meliora

918 1728 1103 1758 tradidimus.
1139 1731 1267 1759 Manutii
1288 1738 1384 1760 autem
1406 1732 1508 1769 editio,
1540 1746 1614 1775 quae
1632 1743 1760 1779 perraris

918 1772 1106 1802 adnumerari
1126 1771 1198 1803 solet
1215 1771 1308 1809 libris,
1333 1774 1404 1804 hanc
1422 1776 1508 1807 habet
1524 1778 1759 1822 inscriptionem:

983 1814 1151 1847 Habentur
1172 1815 1227 1846 hoc
1242 1817 1393 1848 volumine
1409 1818 1483 1851 hacc
1498 1822 1645 1855 videlicet.
1682 1827 1762 1858 Vita

920 1863 949 1889 et
969 1858 1113 1890 Fabellae
1133 1858 1244 1901 Aiybpi
1271 1869 1337 1890 cum
1361 1862 1618 1902 interpretatione
1646 1868 1760 1910 latina,

917 1903 964 1932 ita
979 1907 1093 1937 tamen,
1114 1907 1148 1932 vt
1160 1903 1312 1943 separari
1329 1913 1349 1934 a
1368 1914 1486 1944 graeco
1505 1909 1593 1951 poffit
1610 1921 1670 1951 pro
1690 1915 1759 1945 vni-

918 1946 1062 1987 cuiusque
1083 1945 1235 1982 arbitrio,
1273 1947 1383 1987 quibus
1405 1947 1608 1984 traducendus
1628 1956 1758 1988 miiitum

919 1994 999 2020 certe
1014 1988 1252 2020 elaborauimus.
1278 1999 1350 2020 nam
1373 2000 1451 2031 quae
1470 1998 1543 2024 ante
1562 1997 1685 2030 tralata
1704 1999 1758 2033 lia-

918 2031 1083 2068 bebanlur,
1110 2032 1208 2074 infida
1224 2033 1389 2064 admodum
1404 2041 1513 2074 erant,
1545 2041 1628 2080 quod
1641 2041 1757 2084 facilli-

916 2085 999 2106 mum
1016 2077 1075 2106 erit
1090 2075 1259 2116 conserenti
1278 2075 1463 2118 cognoscere.
1507 2082 1757 2128 Gabriaefabel-

917 2119 965 2150 lae
987 2124 1050 2150 tres
1073 2123 1102 2149 et
1129 2119 1345 2159 quadraginta
1370 2130 1410 2151 ex
1432 2124 1583 2158 trimetris
1605 2129 1746 2163 iambicis

915 2167 1044 2202 praeter
1059 2163 1200 2193 ultimam
1217 2171 1256 2191 ex
1270 2162 1436 2201 Scazonte,
1457 2176 1523 2198 cum
1544 2170 1644 2203 latina
1664 2155 1757 2206 inter³

914 2206 1100 2245 pretatione.
1152 2204 1239 2245 Quas
1263 2205 1376 2237 idcirco
1395 2207 1442 2239 bis
1462 2215 1641 2246 curauimus
1660 2217 1755 2259 insor-

916 2248 1068 2294 nmndas,
1099 2248 1173 2288 quia
1194 2249 1336 2287 priores,
1376 2251 1426 2282 vbi
1446 2254 1580 2287 latinum
1600 2267 1620 2289 a
1637 2269 1754 2300 graeco

905 2292 1032 2332 seiungi
1045 2291 1151 2333 potest,
1175 2291 1342 2323 admodum
1367 2303 1459 2334 quam
1481 2299 1645 2333 incorrest'e
1665 2314 1754 2337 excu-

907 2333 965 2375 sae
971 2334 1106 2375 fuerant
1124 2336 1256 2374 exempli
1271 2337 1369 2376 culpa.
1393 2348 1493 2380 quare
1513 2342 1595 2375 naffl
1614 2349 1753 2381 emenda·

914 2382 979 2408 tum
995 2379 1176 2418 exemplum,
1193 2388 1304 2419 operae
1316 2384 1451 2419 pretIum
1466 2385 1562 2426 visum
1578 2389 1627 2430 cst,
1642 2391 1754 2425 iterum

914 2421 1111 2452 excudendas
1127 2431 1249 2457 curare,
1271 2428 1306 2454 vt
1318 2433 1359 2455 ex
1362 2426 1508 2464 secundis
1523 2432 1629 2471 prima
1639 2443 1753 2475 queant

913 2465 1042 2504 corrigi.
1088 2463 1285 2505 Phar-nutus,
1299 2465 1370 2508 stu,
1391 2475 1426 2502 vt
1439 2472 1514 2514 alii,
1539 2473 1696 2510 carnutas
1717 2480 1754 2513 de

998 2509 1039 2546 M
1053 2522 1089 2544 m
1116 2522 1152 2547 m
1165 2521 1201 2547 m
1637 2527 1756 2558 natura
