2183 2747
0 133 85 163 Uul-¹·
102 129 263 167 mathi&
481 128 545 165 DE
594 119 961 164 INCREDIBILIBVS.
1142 124 1217 162 Lib.
1232 126 1262 162 I.
1289 137 1312 161 c.
1322 123 1432 162 XXI.

1685 137 1754 178 ¹85

0 230 135 273 'nm-um,
161 231 218 280 qui
237 240 317 263 cum
335 224 454 268 Suida‚
481 225 602 262 Coelio
620 222 836 274 RhodiginO,
860 221 1031 270 Gyraldo,
1060 223 1107 270 [et
1124 224 1208 259 Tito
1229 225 1378 273 Popma,
1404 221 1444 259 ad
1462 225 1615 260 Curtium
1638 240 1668 275 p.
1686 228 1752 274 54]‚

0 296 82 334 opus
109 282 151 319 dc
180 279 421 317 incredibilibus
452 276 598 314 referunt
631 277 672 313 ad
697 277 934 325 Palaephatum
960 278 1092 312 Parium
1118 275 1184 312 siue
1204 279 1396 320 Prieneuni,
1439 290 1541 327 quem
1566 280 1751 317 Aitfflrxis

0 335 202 386 emporibus
226 331 371 370 floruiil'e
393 335 472 368 item
491 331 605 367 suidas
627 333 745 367 audior
769 329 822 366 est.
891 331 1007 377 Longe
1030 331 1195 365 iuniorem
1220 332 1308 365 enim
1332 327 1394 366 esse
1417 341 1568 380 oportet,
1607 330 1629 367 si
1651 331 1751 369 suci-it

0 389 242 440 Peripateticus,
269 397 324 423 aut
347 384 370 421 sl
384 386 513 422 Stoicos
538 381 637 421 fuerit
660 381 809 426 secutus,
833 391 868 418 vt
890 382 988 418 tradit
1007 383 1148 418 Tzrtzm
1171 381 1210 418 ad
1228 385 1491 433 Lycophrouem
1513 398 1543 419 v.
1563 388 1652 421 1206.
1678 385 1752 422 licet

0 455 36 480 ιο
56 444 91 478 in
111 440 191 478 loco
213 438 318 476 codex
335 439 554 475 Baroccianus
579 451 650 473 non
665 436 754 487 legat
768 431 1018 485 Παλαίφατος
1035 433 1066 468 ι’)
1090 434 1104 474 ὁ
1121 437 1270 475 Στωϊκός
1289 433 1340 472 sed
1367 435 1382 476 ὅ
1405 434 1555 488 ἱζοςηκός.
1612 442 1654 474 At
1669 440 1752 475 Stoi-

0 507 73 532 mm
94 505 126 531 et
145 497 182 533 ἐκ
197 493 354 533 xmae&
379 493 427 533 τῦ
449 493 551 539 Ὑένες
570 490 715 541 appellat
736 492 836 526 etiam
854 491 900 524 Ιο.
923 490 1063 525 Tzetzes
1083 489 1172 525 Chii.
1191 503 1217 526 2.
1243 505 1271 524 v.
1288 496 1360 534 838.
1387 491 1474 526 Chil.
1493 504 1523 537 9.
1541 505 1570 526 v.
1587 499 1663 537 408.
1681 504 1750 536 4¹4-

0 558 29 586 ετ
43 559 114 595 445.
139 558 170 584 et
186 546 274 584 Chil.
294 560 342 583 ιο.
359 559 390 582 ν.
408 548 483 590 426.
508 545 560 581 vbi
583 539 712 595 ἱςοφκέ
732 540 937 579 vocabulum
962 545 1077 592 reponi
1096 556 1165 578 non
1187 546 1309 592 patitur
1326 539 1435 579 versus
1451 543 1576 594 politici
1594 547 1694 588 ratio,
1718 556 1754 582 vt

0 611 218 654 praeteream3
245 598 335 651 quod
356 598 529 650 postremo
550 597 628 634 loco
651 600 750 633 etiam
765 593 942 642 Phyficum
966 594 1203 645 Palaephatum
1224 595 1311 632 dicit.
1365 599 1402 632 111
1426 611 1660 648 quamcunque
1684 612 1757 647 par-

0 664 65 692 km
85 664 198 691 autem
219 667 281 689 nos
299 663 487 695 vertamuS,
515 650 556 687 de
576 652 712 688 auctore
737 660 768 686 et
790 659 942 698 tempore
963 648 1046 683 nihil
1067 651 1144 684 certi
1166 651 1388 699 reperiemus,
1415 663 1493 686 cum
1515 649 1629 686 Suidas
1649 651 1754 688 alium

0 718 163 760 praeterea
178 717 288 743 narret
300 708 507 756 Aegyptium
522 703 588 741 siue
604 699 856 745 Atheniensem,
880 712 914 737 vt
936 704 997 744 ait,
1026 702 1294 738 Grammaticum
1310 702 1566 752 Palaephatum,
1591 708 1643 740 cui
1663 719 1755 754 prae-

0 771 47 799 tet
59 762 207 803 Troica,
232 758 274 795 de
289 760 405 810 quibus
429 761 496 795 iam
512 757 598 800 dixi,
624 753 837 807 Hypotliescs
850 753 917 791 siue
929 756 1072 790 themata
1088 757 1121 790 iu
1135 754 1345 791 Simonidem
1358 785 1368 799 ,
1394 757 1628 807 Theologiam
1646 761 1757 807 Aegy.

0 817 144 866 ptiacam
167 823 199 849 et
219 812 390 849 historiam
412 811 569 861 singulari
590 810 675 847 libro
697 807 880 859 expositam
903 808 1032 850 tribuit,
1074 807 1226 856 μυθικῶν
1249 807 1394 853 Βιβλίαν
1417 805 1462 849 οἱ,
1501 821 1532 846 et
1552 806 1667 850 λύσεις
1689 812 1756 850 τῶν

0 867 151 918 μυθικῶν
174 863 365 916 εἷςημένων,
392 867 446 915 qui
471 864 555 901 tituli
574 877 644 900 non
660 876 779 914 parum
804 861 969 897 affinitatis
983 874 1061 896 cum
1079 859 1200 912 scripto
1216 861 1422 912 Palaephati,
1450 862 1540 914 quod
1557 863 1675 908 exstat,
1703 866 1758 900 ha.

0 922 76 957 bere
97 919 258 955 videntur.
315 917 460 969 Qando
483 929 593 954 autem
611 918 725 952 vixerit
746 917 801 950 hic
815 913 1028 963 Palaephatus
1049 927 1119 949 non
1144 913 1251 950 docet.
1305 917 1461 966 Qisquis
1485 927 1597 953 tamen
1621 916 1664 953 esi
1681 918 1760 970 περὶ

5 970 141 1014 intem
164 969 314 1021 scriptor,
329 969 557 1007 vetussissimus
573 969 635 1012 esi,
663 982 764 1019 quem
789 965 886 1003 secuti
902 965 1132 1016 Apollodorus
1153 978 1184 1003 et
1196 966 1367 1004 Diodorus
1383 969 1511 1005 Siculus
1534 981 1668 1007 notante
1687 972 1761 1007 Sca-

0 1026 128 1076 ligero,
151 1024 264 1060 laudat
281 1023 453 1072 Virgilius
473 1026 506 1058 in
529 1025 598 1058 Ciri
622 1036 652 1058 v.
671 1028 725 1063 88.
753 1017 926 1070 respiciens
947 1018 988 1055 ad
1014 1033 1071 1062 ea,
1097 1033 1181 1070 quae
1203 1019 1244 1056 de
1267 1021 1379 1066 Scylla
1398 1021 1524 1059 dixerat
1545 1023 1760 1074 Palaephatus

3 1093 74 1130 cap.
90 1091 136 1114 21.
151 1075 191 1112 ¹).
244 1078 353 1113 Etiam
372 1074 460 1126 apud
478 1075 622 1111 Plinium
646 1077 679 1110 in
694 1072 806 1109 Indice
822 1072 910 1109 Libri
926 1074 1045 1108 XXIX.
1069 1075 1152 1109 inter
1173 1070 1346 1124 scriptores
1369 1085 1540 1119 externos,
1566 1080 1649 1112 terni
1670 1077 1761 1113 codi-

3 1143 56 1168 ces
75 1143 178 1166 manu
202 1131 322 1164 exarati
344 1141 428 1178 quos
448 1124 587 1178 inspexit
608 1124 823 1169 Harduinus,
864 1138 928 1175 pro
954 1125 1169 1171 Philopatore
1189 1126 1306 1176 legunt
1330 1127 1514 1174 Phalapnto
1537 1128 1622 1166 vnde
1646 1131 1762 1166 Palae-

0 1184 101 1231 phato
122 1179 209 1218 forte
227 1179 410 1229 legendum
434 1177 710 1230 scribendumque
730 1181 865 1216 coniicit
887 1180 936 1214 vir
953 1177 1195 1214 eruditissimus.
1250 1181 1300 1216 Ab
1319 1180 1378 1217 illo
1397 1181 1476 1233 περὶ
1496 1178 1631 1223 alutem
1646 1196 1759 1233 opere,

1 1248 69 1287 quo
89 1233 163 1285 post
178 1233 356 1283 Melfflm,
385 1247 487 1285 quem
508 1232 640 1277 laudat,
667 1232 876 1274 Euboicum,
902 1241 933 1266 et
950 1232 1101 1266 Samium
1117 1229 1150 1268 ,’)
1173 1229 1300 1268 fabulas
1321 1243 1352 1270 et
1375 1233 1580 1271 incredibiles
1600 1238 1761 1272 narratio-

1 1300 58 1330 nes
73 1287 115 1324 ad
130 1284 260 1323 sensum
276 1300 394 1323 verum
410 1285 602 1337 physicum,
626 1284 822 1323 historicum
836 1283 888 1320 vel
905 1283 1074 1320 moralem
1090 1283 1245 1320 reducere
1257 1298 1394 1322 conatus
1410 1287 1466 1330 est,
1494 1290 1527 1322 in
1542 1289 1760 1337 prouerbium

2 1338 121 1386 ‚deinde
137 1340 232 1383 abiit,
258 1350 314 1384 vt,
341 1343 530 1391 quicunque
551 1342 620 1376 eius
646 1338 804 1388 exemplo
824 1335 1026 1374 incredibili-a
1049 1336 1134 1372 belle
1153 1337 1349 1382 incrustare,
1377 1339 1428 1375 vel
1448 1340 1542 1375 rebus
1564 1338 1708 1377 absurdis
1729 1352 1763 1377 et

1 1391 158 1431 fabulofis
173 1392 325 1429 colorem
341 1391 460 1429 addere
475 1392 536 1441 [lf]
548 1403 579 1429 et
595 1389 915 1428 verifimilitudinem
932 1387 1050 1433 nosset,
1066 1392 1091 1425 is
1104 1402 1207 1426 nouus·
1217 1390 1353 1441 quidam
1366 1391 1588 1440 Palaephatus
1601 1392 1663 1429 effe
1677 1393 1762 1430 dice-

2 1456 110 1488 retur,
151 1448 244 1482 cuius
269 1447 438 1497 prouerbii
462 1448 618 1482 meminit
638 1448 767 1496 primus
796 1442 886 1481 forte
907 1446 975 1479 eius
1000 1444 1136 1487 auctor,
1172 1443 1339 1482 Athenion
1363 1447 1524 1482 Comicus
1549 1445 1638 1497 apud
1662 1448 1763 1483 Athe.

2 1512 125 1538 aueum
147 1496 205 1535 sub
233 1511 423 1536 extremum
444 1500 531 1535 Libri
551 1500 640 1535 XIV.
657 1513 689 1549 p.
709 1501 782 1534 661.

382 1576 477 1607 Καινὰ
498 1576 552 1617 yx'f
573 1579 625 1606 ἰςιν
645 1574 724 1606 ἕποι’
742 1573 939 1612 Παλαίφατος.

1676 1627 1765 1663 Ρνο-

46 1718 80 1756 ὅ)
103 1719 252 1749 Meurfius
267 1719 299 1749 in
315 1716 392 1749 Bibl.
409 1719 505 1748 Attica
523 1722 608 1759 putat
623 1715 787 1755 legendum
802 1726 854 1743 mz-

3 1763 145 1798 λωᾰφατος
166 1764 298 1800 Τρωϊκιΐ-,
321 1764 416 1793 Cuius
436 1763 536 1804 operis
558 1760 718 1803 septimum
739 1759 853 1791 librum

4 1804 113 1846 allegat
127 1806 232 1837 Suidas
247 1808 278 1836 in
303 1808 531 1846 μακροκέφαιλος,

50 1851 84 1885 k)
108 1849 218 1880 Versus
241 1850 289 1881 hie
306 1851 360 1880 est:
387 1849 487 1881 Doffa
509 1847 700 1891 Palaephatia
723 1846 854 1890 testatur

5 1902 78 1925 voce
100 1903 251 1935 papyrus.
293 1892 379 1925 Nolo
400 1894 448 1924 hic
472 1892 571 1923 aliena
591 1893 718 1924 tranare
740 1901 793 1921 nec
817 1890 854 1920 de

7 1938 132 1968 auetore
154 1937 237 1968 illius
264 1940 425 1975 carminis,
462 1947 517 1967 nee
539 1937 576 1967 de
601 1936 732 1967 leftione
752 1933 857 1973 altera,

7 1987 76 2012 unte
97 1982 242 2012 Parrhasii
265 1982 508 2012 emendationem
531 1989 561 2011 et
586 1981 754 2011 editionem
775 1977 858 2008 Aldi-

3 2023 79 2057 ⁴mm
104 2034 192 2064 ¹5173
226 2024 366 2065 vulgata,
391 2024 626 2065 Palaepaphiae
649 2023 699 2055 vel
726 2023 859 2063 Palepa-

6 2069 102 2111 phiae
129 2071 193 2111 post
220 2069 334 2110 Hcynii
360 2068 439 2100 V.il.
468 2067 660 2109 diligentiam
697 2066 858 2109 disputare.

10 2113 45 2144 Id
59 2122 158 2144 tamen
179 2113 260 2154 quod
285 2115 345 2143 iam
361 2124 378 2143 a
398 2115 474 2144 viris
496 2113 591 2144 doc‘tis
613 2110 858 2142 animaduersum

7 2156 70 2194 ist,
100 2158 251 2194 monebo,
275 2168 344 2193 eos,
370 2159 424 2199 qui
445 2158 501 2188 hoc
522 2155 590 2187 loco
614 2157 652 2187 ad
674 2155 766 2186 fidem
791 2153 858 2184 suae

10 2203 171 2242 opinioni,
196 2200 363 2239 Virgilium
385 2202 414 2231 h.
430 2200 450 2231 l.
471 2200 622 2242 respicere
644 2200 681 2230 ad
700 2198 860 2240 Palaepha-

10 2251 75 2275 mm
96 2255 160 2287 cap.
182 2256 211 2275 21
225 2268 233 2281 ,
256 2243 446 2282 faciendam,
481 2245 660 2281 abutuntur,
685 2246 787 2274 vineta
809 2242 859 2272 sua

13 2288 150 2319 caedere.
193 2291 273 2320 Nam
289 2288 484 2330 Palaephatus
499 2289 579 2331 apud
596 2286 760 2327 Virgilium
777 2286 861 2316 fabu-

12 2329 73 2366 [ιιι
88 2331 202 2368 Scyllae
225 2332 354 2374 explicat
369 2333 406 2363 de
428 2335 588 2364 meretrice
602 2332 733 2373 quadam
748 2329 860 2366 Scylla;

13 2376 47 2406 in
68 2385 131 2418 cap.
163 2386 264 2407 autem
284 2386 325 2409 21.
349 2375 458 2413 libelli,
499 2387 590 2418 quem
609 2385 701 2406 manu
723 2377 860 2410 terimus,

15 2419 117 2460 inepta
138 2428 166 2450 et
181 2420 300 2451 diuersa
313 2423 420 2461 vtique
441 2423 560 2451 ratione
584 2422 709 2462 exponit
729 2419 766 2449 de
791 2421 863 2448 naui

14 2462 251 2497 Tyrrhenorum
266 2466 401 2507 piratica.
448 2466 550 2502 Qare
565 2463 614 2495 vel
637 2464 743 2495 πᾶσι·
759 2465 863 2493 tarmi—

60 2522 127 2554 Vol.
141 2523 168 2555 I.

908 1716 955 1744 nis
978 1715 1056 1744 Ciris
1079 1715 1265 1756 permutauit
1285 1713 1441 1749 austeres,
1467 1716 1550 1748 (nam
1573 1712 1652 1755 apud
1669 1716 1764 1744 Hera«

908 1757 1014 1788 clitum
1038 1759 1096 1797 περὶ
1125 1757 1223 1787 ‹in-Im
1246 1759 1286 1788 est
1312 1755 1412 1787 similis
1440 1759 1663 1798 interpretatio,
1691 1758 1766 1789 vide

909 1813 980 1833 mox
995 1801 1021 1843 ὗ.
1046 1805 1110 1838 VI)
1131 1801 1180 1832 vel
1197 1801 1338 1832 colleffio
1354 1800 1460 1831 talium
1478 1799 1650 1832 fabularum
1673 1810 1764 1843 atque

909 1849 1136 1882 narrationum,
1161 1845 1232 1876 licet
1256 1845 1358 1887 plures
1377 1844 1572 1886 diuersosque
1593 1846 1764 1877 habuissent

909 1892 1066 1927 auctores,
1093 1892 1219 1920 minime
1243 1900 1316 1919 vcro
1338 1887 1575 1926 consentientes,
1603 1889 1642 1919 ad
1666 1901 1763 1924 vnum

910 1933 1123 1976 Palaephatum
1144 1936 1175 1964 in
1191 1933 1346 1964 codicibus
1370 1932 1536 1970 interdum,
1559 1932 1764 1971 referebatur,

911 1979 942 2009 id
958 1979 1042 2020 quod
1057 1977 1168 2008 fabulis
1179 1977 1294 2018 Aesopo
1310 1977 1432 2007 tributis
1449 1975 1522 2007 olim
1538 1976 1676 2008 accidisse
1693 1989 1762 2008 con-

911 2025 981 2056 stat3
1012 2020 1062 2053 vel
1083 2034 1136 2052 nos
1159 2032 1267 2051 verum
1289 2020 1501 2063 Palaephatum
1523 2031 1584 2051 non
1607 2022 1761 2052 habemus.

913 2069 1005 2103 Hinc,
1017 2064 1270 2103 reor,Fischerus‚
1295 2068 1344 2096 vir
1357 2064 1611 2104 diligentissimus,
1632 2065 1668 2095 ad
1684 2064 1762 2096 illud

913 2109 1084 2151 Palaephati
1108 2119 1197 2151 caput
1221 2120 1274 2139 nec
1299 2111 1483 2140 memorauit
1497 2120 1551 2139 nec
1573 2111 1762 2151 comparauit

913 2154 1038 2194 Virgilii
1055 2153 1164 2184 locum.
1188 2155 1225 2183 At
1241 2155 1300 2183 iam
1317 2153 1544 2194 antiquioribus
1560 2154 1760 2194 temporibus,

913 2199 1006 2235 (vide
1022 2197 1134 2238 §.V1.)
1151 2199 1319 2227 inueterata
1339 2197 1431 2228 fucrit
1454 2199 1578 2238 opinio,
1602 2196 1762 2238 Pilicpha-

913 2251 978 2273 tum
998 2241 1161 2283 quemdam
1182 2240 1239 2272 esse
1264 2241 1380 2278 libelli,
1419 2244 1471 2282 qui
1492 2251 1508 2269 a
1533 2241 1620 2270 nobis
1639 2244 1760 2277 teritur,

913 2288 1077 2316 auetorem.
1116 2285 1209 2316 Harl.
1236 2303 1275 2308 —
1319 2286 1364 2316 Ad
1379 2287 1457 2315 hunc
1476 2284 1594 2314 versum
1611 2285 1690 2314 haud
1708 2285 1761 2315 du-

913 2331 964 2360 bie
989 2329 1110 2370 respicit
1128 2329 1323 2365 Dodwcllus,
1347 2340 1442 2370 quum
1465 2331 1496 2358 in
1519 2328 1584 2361 diss.
1602 2329 1638 2358 de
1660 2338 1762 2369 parma

917 2375 1048 2415 equestri
1069 2373 1329 2403 Woodwardiana
1357 2372 1381 2414 §.
1411 2376 1463 2404 IV.
1492 2382 1558 2414 pag.
1585 2383 1612 2409 9.
1646 2372 1761 2410 scribit,

917 2417 1130 2458 Palaephatum
1147 2418 1341 2447 vetustiorem
1357 2417 1413 2448 esse
1423 2415 1565 2455 Virgilio.
1591 2416 1765 2449 Hsimiatm.

961 2463 990 2498 l)
1013 2461 1085 2491 vide
1100 2460 1179 2491 infra
1197 2460 1249 2492 lib.
1266 2463 1303 2492 11.
1320 2471 1383 2504 cap.
1398 2471 1441 2499 23.
1457 2470 1523 2503 pag.
1541 2466 1607 2494 280·

1129 2517 1185 2552 Aa
