2183 2747
143 143 330 178 veiim-:33
563 143 796 183 HGMERVS
827 142 891 180 AD
927 141 1147 178 lMlTAND.
1181 142 1478 183 PROPOSJTVS.

1556 141 1629 180 Lib.
1641 141 1694 179 ῙῙ.
1712 154 1737 179 e.
1747 153 1777 186 7.
1844 155 1907 192 549

137 241 383 296 πραγματεὶοι
402 244 480 298 περὶ
497 246 558 289 τῆς
573 244 623 284 ‘ris'
636 244 842 293 Σοφοκλέες
854 243 999 286 κλοπῆς,
1016 253 1204 278 memorata
1215 241 1358 290 Eusebio
1373 243 1413 277 X.
1431 253 1460 285 3.
1478 241 1738 290 praeparationis
1749 241 1901 288 Euange-

137 297 230 334 licae.
285 289 468 344 Aeschylus
486 312 620 348 quoque
638 295 704 347 ipse
723 297 940 347 profitebatur
955 294 1043 346 apud
1061 296 1261 330 Athenarum
1279 297 1369 331 Vlll.
1387 309 1420 344 p.
1438 307 1509 339 347.
1533 292 1721 343 tragoedias
1743 290 1813 328 suas
1839 299 1899 331 Tg-

137 347 248 401 μα’χη
267 346 346 399 εἶναι
363 351 429 390 τῶν
444 348 575 402 Ὀμνῖξε
589 347 756 400 μεγάλων
775 345 923 388 δείπνων.
977 350 1056 385 Non
1072 346 1349 398 praetereundum
1367 361 1446 384 vero
1463 347 1526 390 est,
1555 345 1645 398 quod
1663 344 1752 382 haud
1769 357 1898 381 tantum

137 406 173 440 in
191 403 435 450 Sibyllinorum
452 403 562 448 libris,
588 417 671 454 quos
690 404 869 445 hab-mu&
895 399 948 438 sed
970 411 999 437 et
1026 404 1059 436 in
1084 402 1174 445 aliis,
1202 415 1285 451 quae
1311 401 1397 451 apud
1424 402 1573 436 ethnicos
1597 397 1769 450 scriptores
1786 397 1898 434 ferun-

136 466 211 499 tur,
239 458 380 492 oratum
394 455 579 507 frequentia
595 467 627 493 ct
642 453 815 492 manifesta
832 457 1024 491 imitationis
1048 456 1250 491 Homericae
1273 455 1406 503 vestigia
1434 453 1488 489 sibi
1514 454 1675 491 notabunt
1699 448 1894 502 φιλὲμηξοι.

136 519 172 544 vt
188 523 227 544 ex
244 510 421 558 gentilium
437 507 592 546 sententia
613 523 682 545 non
699 509 891 544 hominibus
905 507 1032 550 modo,
1059 505 1113 544 sed
1129 506 1203 558 ipsis
1221 510 1320 544 etiam
1336 510 1409 544 Diis
1431 509 1605 543 Homerus
1629 505 1668 542 ad
1692 503 1894 546 imitandum

0 602 8 614 ,
136 560 285 597 videatur
307 561 496 613 propositus
518 560 623 601 suill'e.
678 561 769 607 [vid.
789 563 819 597 I.
838 562 972 596 Eadm·
994 558 1076 596 Diss‘.
1109 560 1255 596 indicans
1284 561 1414 611 vessigia
1450 557 1587 610 poeseos
1620 561 1825 596 Homericae
1861 569 1893 594 et

0 617 15 647 {⁴
134 612 323 651 Hefiodeae
351 619 384 651 in
412 617 554 652 oraculis
577 615 746 660 Sibyllinis
776 617 808 649 in
837 614 977 661 Stoschii
1001 610 1123 649 Museo
1150 609 1245 650 (3111.>
1264 615 1291 658 1,
1316 615 1342 658 1,
1368 628 1444 664 pag.
1462 617 1499 650 16
1517 611 1563 663 sq.
1588 613 1699 658 Beck]
1776 612 1889 660 Qam

0 648 25 710 il
133 663 325 717 frequenter
352 682 390 704 ac
419 666 560 704 feliciter
588 666 733 703 eundem
763 681 781 702 e
812 667 924 702 latinis
946 666 1062 701 Poetis
1092 668 1216 702 horum
1246 669 1396 718 princeps
1412 653 1572 702 ‘imitatus
1598 665 1636 702 sit
1659 664 1831 712 Virgilius
1847 661 1890 707 ⁶),

131 719 207 770 post
243 720 385 756 Gellium
408 722 464 757 IX.
494 734 527 767 9.
577 721 782 756 Man-obium
802 718 859 754 lib.
880 721 922 756 V.
951 718 1112 757 Saturnal.
1151 719 1542 767 CaesaremScaligerum
1571 729 1602 755 et
1627 718 1675 753 H.
1692 717 1889 763 Stephanum

132 770 232 808 docet
260 776 412 823 egregius
442 776 503 808 Vir
530 773 671 808 Fuluius
694 771 842 820 Vrsinus
873 774 908 807 in
934 771 1078 820 Virgilio
1115 773 1321 808 Graecorum
1357 770 1554 823 scriptorum
1595 770 1775 807 collatione
1815 768 1889 804 illu·

133 825 232 861 strato
260 828 432 876 Antwerp.
462 829 552 872 1568.
588 833 618 867 8.
668 825 785 874 [repet.
812 837 891 860 cum
919 822 1152 860 accessionibus
1192 824 1387 874 quibusdam
1419 825 1504 860 Lud.
1539 824 1636 874 Casp.
1666 823 1887 861 Valckenarii,

130 891 162 913 n.
185 877 332 927 Epislola
365 878 404 914 ad
434 880 628 920 Rouerum,
667 876 759 913 Iliad.
782 879 891 913 Hom.
917 876 972 913 lib.
995 878 1098 912 XXII,
1127 891 1205 912 cum
1235 875 1364 914 scholiis
1390 880 1565 927 Porphyrii
1597 887 1657 913 etc.
1689 886 1721 911 ct
1748 872 1816 911 disfi
1845 873 1887 910 de

131 929 246 966 codice
277 929 425 966 Leidenss
456 942 518 967 etc,
555 930 719 967 Leouard.
750 942 842 975 1747.
881 929 930 975 8.]
968 930 1106 965 Iacobus
1135 930 1261 966 Tollius
1291 934 1396 981 capite
1418 931 1504 966 xm.
1540 928 1779 970 fortuitorum,
1822 928 1887 962 Re-

130 990 230 1018 natus
244 981 389 1032 denique
405 984 556 1029 Rapinus
570 985 605 1019 in
620 983 801 1020 collatione
819 981 952 1032 Virgilii
967 995 1045 1018 cum
1061 983 1220 1019 Homero
1232 1013 1242 1027 .,
1270 998 1353 1034 quae
1371 983 1443 1034 post
1460 986 1585 1019 iteratas
1605 981 1747 1018 Gallicas
1773 976 1885 1028 [Parifi

130 1037 225 1080 1667.
243 1047 290 1072 12.
306 1037 341 1070 in
357 1038 425 1071 eius
441 1036 577 1086 Operib.
594 1035 661 1072 vol.
681 1037 705 1072 1.
720 1049 796 1085 pag.
812 1048 848 1081 91
868 1033 938 1084 sqq.
964 1033 1186 1072 Amsserdam.
1211 1049 1294 1084 1725.
1311 1037 1370 1084 12.]
1395 1035 1554 1073 editiones
1578 1035 1616 1070 ab
1641 1030 1883 1083 elegantissimo

129 1086 360 1124 Brouckhusio
376 1088 477 1124 latine
495 1085 586 1125 versa
602 1087 683 1124 vidit
696 1087 809 1124 lucem
823 1089 972 1124 Traieffi
992 1087 1031 1123 ad
1050 1089 1159 1123 Rlien.
1176 1093 1269 1133 1684.
1289 1102 1333 1126 12.
1363 1090 1410 1136 [it.
1426 1092 1460 1124 111
1476 1090 1542 1124 Iar.
1561 1088 1718 1123 Palmcrii
1741 1099 1760 1120 a
1778 1085 1884 1120 Gren-

129 1143 277 1178 temesnil
294 1157 441 1192 κριτικογ
456 1157 673 1193 επιχριξιημω
684 1170 694 1185 ‚
721 1139 828 1190 Lugd.
844 1142 955 1176 Batau.
973 1153 1067 1185 1704.
1085 1141 1132 1187 4]
1147 1151 1178 1177 et
1193 1155 1245 1177 an.
1267 1155 1357 1187 1704.
1374 1157 1391 1177 a
1406 1143 1488 1176 Lmo
1506 1141 1651 1176 ,Τὴν-11110
1669 1137 1822 1175 adiuncta
1838 1135 1884 1172 est

129 1194 284 1230 Palmerii
301 1195 490 1244 Apologiae
508 1209 570 1244 pro
590 1198 726 1231 Lucano
742 1206 773 1230 et
792 1191 918 1243 scriptis
935 1194 1032 1228 huius
1050 1197 1179 1242 generis
1204 1194 1284 1230 aliis.
1341 1193 1542 1244 [Qomodo
1569 1192 1727 1242 Virgilius
1749 1192 1881 1226 Home-

128 1260 206 1282 rum
226 1245 264 1282 sit
281 1249 444 1290 imitatus,
472 1246 613 1284 ostendit
629 1249 796 1295 Fraguier
819 1249 1016 1291 iirComm.
1033 1243 1101 1282 soe.
1119 1260 1185 1296 reg.
1206 1244 1301 1282 Paris.
1335 1245 1433 1282 inser.
1453 1257 1536 1282 tom.
1551 1247 1594 1284 ¹11,
1620 1266 1672 1272 ——
1695 1247 1881 1292 Compara-

128 1302 236 1336 tiones
252 1301 395 1336 Homeri
413 1310 511 1350 atque
529 1301 657 1349 Virgilii
672 1297 747 1336 sunt
760 1313 895 1350 quoque
915 1302 951 1334 111
968 1298 1070 1347 Boffii
1085 1298 1204 1336 Traite'
1223 1298 1267 1335 du
1287 1313 1409 1349 pocmc
1431 1301 1570 1349 e'piquc,
1607 1295 1699 1333 Paris.
1725 1300 1812 1341 1675.
1837 1307 1880 1331 12.

128 1354 164 1388 in
182 1353 224 1389 Ρ.
244 1353 283 1389 L.
305 1353 475 1401 Thonufin
489 1352 643 1389 Maniere
657 1352 689 1388 d'
706 1352 834 1389 e'tudier
849 1353 895 1389 les
911 1362 1035 1401 poetes.
1062 1349 1158 1388 Paris.
1175 1355 1261 1394 1681.
1277 1360 1309 1394 8.
1335 1355 1370 1387 111
1393 1354 1439 1387 Io.
1458 1353 1575 1387 Boim'n
1595 1348 1751 1386 Discours
1772 1345 1824 1383 sur
1846 1347 1878 1383 la

130 1405 278 1455 querelle
294 1416 386 1441 entre
399 1406 445 1442 les
460 1403 617 1455 partisans
633 1405 666 1442 d’
683 1403 840 1441 HomEre
855 1415 886 1441 et
899 1404 940 1440 de
954 1404 1101 1453 Virgsse,
1127 1408 1162 1440 in
1180 1407 1319 1440 Comm.
1343 1406 1415 1441 Soc.
1434 1418 1502 1453 reg.
1520 1401 1617 1442 Paris,
1650 1400 1747 1438 Inscr.
1766 1400 1833 1436 voi.
1852 1400 1878 1435 1.

126 1469 205 1507 pag.
221 1461 280 1503 176
299 1455 368 1508 sqq.
393 1469 425 1494 et
439 1459 508 1494 aliis
524 1459 624 1495 libris.
676 1459 822 1494 Paullus
839 1459 964 1494 Benius
979 1461 1187 1507 comparauit
1202 1455 1387 1494 Taffonem
1411 1472 1489 1493 cum
1504 1460 1661 1493 Homero
1672 1484 1682 1498 ‚
1709 1457 1758 1497 (in
1781 1453 1880 1494 libro,

71 1521 76 1528 ·
127 1509 304 1560 inscripto,
329 1513 601 1561 Comparazione
623 1511 656 1547 di
685 1509 791 1548 Taffo
815 1525 881 1547 con
903 1513 1034 1547 Omero
1057 1513 1136 1558 etc.)
1159 1509 1299 1553 Paduam,
1327 1513 1414 1554 1614.
1442 1523 1473 1554 4.
1500 1531 1553 1537 ——
1581 1511 1774 1545 Homerum
1801 1518 1880 1540 cum

128 1562 280 1599 Hesiodo
305 1575 481 1614 comparat
502 1565 591 1601 Dan.
609 1566 772 1606 Haemos,
797 1566 831 1599 111
854 1565 1048 1606 Humanis,
1082 1577 1131 1598 nr.
1149 1570 1198 1604 82.
1223 1574 1255 1599 et
1278 1577 1355 1599 cum
1383 1563 1538 1604 Platone,
1576 1563 1668 1596 Guil.
1691 1559 1823 1605 Msffira
1844 1559 1880 1592 in

128 1618 340 1652 Commentr.
358 1614 424 1653 soc.
442 1630 511 1666 reg.
527 1614 624 1653 Paris.
654 1614 753 1653 inser.
774 1616 840 1653 vol.
860 1619 899 1652 ll.
918 1630 1002 1665 quae
1017 1619 1209 1665 germanice
1228 1613 1337 1652 versae
1358 1613 1430 1651 sunt
1450 1629 1467 1650 a
1483 1612 1714 1653 Gottsthedia,
1740 1609 1879 1660 Lipsiae,

127 1679 213 1714 1754.
231 1669 298 1705 vol.
315 1670 354 1704 11.
372 1684 405 1719 p.
423 1683 435 1706 1
452 1667 520 1721 sqq.
548 1670 668 1716 Iz'arL]
718 1672 746 1706 E
760 1671 992 1705 recentioribus
1006 1683 1110 1704 vuum
1127 1667 1329 1704 feliciffimae
1344 1670 1488 1704 Homeri
1506 1668 1695 1702 imitationis
1713 1663 1879 1700 adducam

128 1721 323 1771 exemplum
350 1725 501 1758 Iacobum
529 1723 586 1757 Da
615 1724 778 1770 Portum,
803 1725 895 1758 cuius
916 1720 1122 1772 Metaphrafi
1146 1724 1270 1758 Graeca
1293 1719 1501 1757 psalmorum
1527 1718 1680 1762 nauidis,
1713 1717 1879 1753 librorum

129 1773 415 1810 Salomoneorum
438 1786 469 1811 et
492 1776 562 1811 Iobi
586 1775 669 1811 nihil
693 1775 817 1811 exstare
830 1772 1117 1826 Ὁμηςικώτεξον,
1141 1788 1278 1816 omueS,
1302 1777 1357 1824 qui
1381 1776 1575 1810 Homerum
1598 1770 1800 1808 familiarem
1823 1771 1879 1804 ha-

128 1827 258 1862 buerint
273 1837 306 1862 et
321 1827 467 1878 Duporti
479 1827 581 1864 libros
596 1827 755 1877 legerint,
785 1828 934 1864 lubenter
955 1825 1155 1864 fatebuntur.

1105 1888 1130 1921 Z
1145 1899 1164 1921 z
1178 1899 1196 1921 z
1223 1898 1241 1929 3

1697 1882 1737 1918 11.
1764 1882 1882 1931 Singu-
1902 1864 1905 1867 .

38 2327 48 2578 l

11 2579 89 2747 il·-

174 1950 206 1990 b)
229 1952 338 1992 [Super
365 1950 483 1987 fruEtu,
518 1962 608 1993 quem
634 1954 780 1993 interpres
806 1951 934 1981 Homeri
964 1961 981 1981 e

128 1995 250 2035 Virgilii
273 1994 399 2024 leetione
419 2005 522 2036 capere
546 1995 650 2037 possit,
682 1994 795 2026 differit
815 1996 838 2024 Ι.
854 1996 888 2024 C.
907 1994 980 2025 vol-

127 2039 229 2070 borth.
255 2040 388 2077 Gotting.
408 2047 492 2076 ¹777·
509 2038 620 2077 Harl]
666 2041 802 2070 Homero
817 2037 980 2077 Virgilium

129 2082 301 2126 praeferunt
325 2081 428 2112 Caesar
453 2081 597 2121 Scaliger,
620 2084 685 2114 Ioh.
701 2085 840 2114 Dunaeus
863 2083 892 2112 in
915 2083 980 2113 sca-

128 2136 217 2158 zonte
231 2125 370 2156 aduersus
386 2126 513 2168 Lipsnnn
532 2137 587 2167 pro
604 2126 750 2166 Scaligero
767 2125 979 2157 fiueVindiciis

128 2169 320 2209 Virgilianis‚
343 2175 427 2211 (quas
449 2170 568 2200 exhibet
584 2171 742 2211 Georgius
758 2169 927 2201 Hackmuill
948 2172 979 2201 in

132 2224 220 2255 opere
234 2213 384 2255 praeclaro
401 2214 436 2243 de
450 2214 658 2251 Prouidentia,
681 2213 793 2253 anglice
808 2212 888 2243 edito
912 2225 978 2255 pag.

131 2263 183 2290 288
200 2257 240 2299 sq.
267 2257 394 2298 deniqne
410 2257 541 2288 Carolus
556 2258 746 2289 Peri-nultus
765 2258 797 2286 in
821 2256 978 2287 collatione

131 2308 265 2331 veterum
280 2312 347 2331 cum
364 2301 547 2337 recentibus,
572 2300 683 2331 Gallice
697 2301 826 2339 vulgata.
871 2299 978 2331 Saltem

131 2355 190 2374 non
213 2347 244 2374 in
264 2344 401 2374 omnibus
424 2343 497 2374 locis
519 2347 591 2375 vicit
614 2348 797 2380 Homerum,
833 2346 884 2385 qui
910 2352 979 2374 tunc

131 2397 249 2430 quoque
265 2391 315 2418 vix
337 2391 447 2430 poterit
461 2387 559 2419 vicisse
584 2388 659 2426 dici,
681 2388 799 2430 quando
821 2386 900 2417 illius
916 2387 977 2417 sen-

130 2434 234 2462 centias
250 2434 417 2462 cxomauit.
463 2435 573 2471 [Qam
587 2441 670 2463 caute
690 2434 723 2463 fit
742 2436 772 2463 in
788 2431 841 2461 hac
857 2442 977 2473 compa-

133 2477 246 2506 ratione
265 2475 476 2513 iudicandum,
513 2475 672 2519 aliquoties
699 2478 760 2508 iam
786 2477 978 2509 monuimus

1032 1959 1121 1994 atque
1151 1951 1186 1983 cl.
1202 1954 1308 1988 Heyne
1335 1954 1366 1983 in
1398 1952 1447 1983 sua
1468 1952 1588 1993 Virgilii
1618 1952 1748 1983 editione
1779 1953 1879 1994 paffim

1033 1996 1169 2027 ostendit.
1205 1996 1330 2028 Woodii
1343 1996 1512 2028 sententiam
1530 2009 1584 2028 nos
1603 2008 1723 2039 quoque
1741 1999 1800 2027 iam
1817 2007 1878 2026 me-

1032 2043 1226 2070 moi-animus.
1241 2040 1316 2070 adde
1324 2042 1439 2070 Homer
1453 2041 1508 2071 and
1517 2040 1612 2080 Virgil
1627 2049 1679 2071 not
1694 2049 1724 2071 to
1738 2041 1784 2070 be*
1798 2051 1878 2070 com-

1032 2083 1124 2125 pared
1147 2085 1220 2114 with
1245 2085 1295 2114 the
1319 2092 1379 2114 two
1400 2085 1534 2115 Artliurs.
1558 2084 1704 2121 Londini‚
1727 2093 1813 2123 1700.
1837 2085 1879 2121 8.]

1031 2130 1068 2158 At
1083 2139 1148 2157 cum
1164 2139 1306 2168 nusquam
1322 2130 1489 2158 meminerit
1506 2130 1643 2165 numeri,
1657 2127 1882 2172 ingrattffimus

1032 2170 1117 2201 fuisse
1139 2174 1273 2209 arguitur
1295 2181 1373 2211 erga
1399 2182 1483 2208 cum,
1507 2173 1556 2203 cui
1571 2172 1721 2203 nihilnon
1738 2172 1882 2206 debebat,

1032 2222 1066 2245 vt
1087 2217 1128 2245 ait
1145 2214 1343 2256 Casnzcbouus
1364 2214 1398 2243 ad
1419 2215 1590 2246 Strabonem
1607 2216 1659 2246 lib.
1675 2218 1753 2246 xlv.
1771 2227 1797 2257 p.
1817 2220 1881 2251 236.

1033 2260 1162 2288 Miratur
1176 2269 1294 2299 quoque
1314 2254 1432 2287 Fuluius
1446 2261 1566 2290 Vrsinus
1580 2272 1608 2301 p.
1620 2270 1682 2295 149.
1702 2259 1820 2297 Virgilii
1838 2276 1881 2282 —-

1034 2300 1150 2336 collati,
1176 2313 1265 2341 quum
1284 2301 1454 2342 pracsertim
1478 2305 1602 2344 Orphei,
1620 2302 1744 2339 Musaei,
1759 2302 1879 2334 Hesiodi

1032 2353 1061 2375 et
1083 2345 1241 2374 Theocriti
1264 2347 1450 2382 meminerit,
1482 2349 1648 2378 Homerum
1676 2354 1772 2377 tamen
1796 2356 1880 2388 prae-

1032 2390 1151 2418 teritum
1181 2389 1216 2417 ab
1250 2399 1303 2424 (⁴0,
1333 2391 1385 2430 qui
1412 2389 1571 2421 Homerus
1595 2392 1792 2422 illantuanus
1822 2401 1882 2420 non

1030 2433 1182 2462 immerito
1209 2443 1225 2461 a
1249 2432 1424 2472 quibusdam
1447 2434 1609 2476 adpellatus
1633 2435 1684 2471 cst,
1713 2435 1794 2476 quod
1817 2435 1881 2464 Ho-

1030 2486 1144 2507 merum
1159 2475 1221 2507 fere
1237 2483 1333 2507 totum
1347 2476 1397 2508 sua
1410 2479 1538 2509 Aeneide
1553 2477 1733 2522 expreffcrit.
