2183 2747
634 173 834 210 SCHOLiA
868 173 1009 210 CODD.
1051 174 1223 211 VENET.
1428 174 1563 211 LibJJ.
1583 187 1645 220 225.
1745 188 1807 222 397

57 268 205 307 multum
220 266 442 305 differentibus
461 266 592 312 seruari,
618 279 712 305 notat
731 270 764 304 K
766 267 851 316 iister
865 270 899 305 in
913 267 1047 304 historia
1061 272 1173 306 critica
1188 272 1332 306 Homeri
1347 283 1376 319 p.
1402 282 1464 314 n4.
1487 280 1518 306 et·
1542 270 1749 320 leomasimts
1771 275 1805 307 iu

57 323 222 372 Catalogo
237 323 334 359 MSS.
353 335 437 371 quae
452 324 484 357 in
500 322 703 357 bibliothecis
725 323 857 358 Venetis
873 332 1062 360 occurrunt,
1080 335 1110 370 p.
1131 336 1186 368 39.
1203 321 1345 358 recenset
1360 322 1463 358 libros
1480 338 1497 358 a
1520 322 1695 358 Cardinale
1705 322 1806 359 Bersa-

56 377 152 410 rione
169 373 396 410 illul'trillimae
412 376 618 410 Venetorum
637 375 832 423 reipublicae
845 373 997 410 donatos.
1009 380 1025 394 ‘⁴
1080 376 1117 410 111
1139 377 1265 412 Graeca
1288 374 1338 412 D.
1363 376 1472 410 Marci
1494 376 1692 411 Bibliotheca
1716 376 1805 414 codd,

57 427 252 463 RISSIorttm
267 427 306 462 ab
325 429 478 462 Antonio
494 429 543 462 M.
562 429 698 462 'Lanetto
715 438 746 462 et
766 431 887 463 Anton.
905 429 1166 476 Bongiouannio
1181 426 1276 471 edita,
1305 441 1339 475 p.
1358 441 1420 474 242
1440 430 1533 476 prior
1557 429 1664 463 codex
1687 427 1730 463 sle
1751 428 1805 463 de-

56 478 218 529 figuatur:
243 478 376 521 „codex
394 477 528 515 infolio
542 481 682 521 maiore,
709 480 990 522 membranaceuS,
1017 478 1181 516 foliorum
1203 488 1278 524 338.
1302 479 1420 516 saeculi
1444 482 1573 515 circiter
1591 483 1646 517 XI.
1675 480 1806 528 pulcer-

55 534 161 568 rimae
178 542 294 568 notae:
320 533 463 568 Homeri
479 533 551 567 llias
573 545 651 568 cum
678 530 801 580 duplici
825 529 1032 568 scholiorum
1058 533 1288 583 marginalium
1306 531 1382 569 serie
1399 537 1489 569 etc-..⁴¹
1515 532 1704 581 posterioris
1727 531 1803 569 cod.

55 597 136 631 454.
166 586 244 620 haec
259 586 378 620 notitia
395 598 426 634 p.
445 597 517 629 344.
534 584 650 620 datur:
675 587 733 623 ..in
751 582 848 624 folio,
877 585 1157 630 membranaceus,
1185 585 1350 622 foliorum
1376 599 1445 631 3²7-
1470 583 1585 621 saeculi
1609 588 1737 621 circiter
1762 587 1803 622 X.

55 635 262 673 nitidiffimae
277 647 386 673 notae.
443 637 515 672 llias
532 650 607 672 cum
627 635 756 672 scholiis
776 638 1011 686 marginalibus
1024 644 1111 673 etc.“
1163 637 1256 674 Idem
1273 649 1382 674 tamen
1391 640 1667 687 Bongiouannius
1681 637 1805 688 possen,

53 687 112 726 sub
130 689 232 726 finem
256 687 371 725 saeculi
389 690 444 726 IX.
465 700 519 725 aut
537 691 575 724 X.
593 691 737 733 initium,
765 693 863 738 atque
878 689 961 726 adeo
979 688 1034 725 diu
1058 701 1132 726 ante
1156 690 1310 727 Eussathii
1334 701 1505 740 tempora,
1541 693 1690 739 priorem
1715 690 1807 726 codi-

53 756 128 778 cem
142 753 312 778 exaratum
328 739 433 788 fuisse,
461 741 633 778 contendit
647 753 679 778 et
694 741 794 778 edidit
808 755 847 777 ex
863 742 935 785 illo,
958 743 1082 778 Scholia
1095 746 1128 778 in
1145 744 1198 779 lib.
1213 746 1242 780 Ι.
1256 745 1369 779 Iliadis
1383 757 1398 778 e
1413 744 1477 778 cod.
1494 744 1634 783 Veneto,
1656 756 1724 778 cum
1735 755 1805 779 vcr-

44 796 136 845 fionc
151 802 182 829 et
197 796 304 833 notin
330 795 446 830 Vener.
471 807 556 840 1745.
578 807 612 840 4.
631 815 679 822 --
708 796 893 831 Enimuero
916 794 1026 830 nossra
1048 795 1186 832 demum
1209 806 1312 831 aetate
1338 797 1477 844 contigit
1504 794 1612 832 lludio
1634 793 1806 846 fingulari,

55 861 133 883 cura
144 858 175 883 et
191 845 361 895 diligentia
378 846 577 896 Siebenkeefii
591 859 622 883 et
641 847 843 895 Villog'sonii,
861 849 934 883 VV.
952 847 1003 883 Cl.
1018 847 1059 884 cl.
1078 858 1112 884 vt
1132 860 1163 884 et
1184 848 1409 898 praestantiam
1431 848 1570 884 illorum
1588 847 1741 884 codicum
1760 858 1805 883 at-

55 913 119 947 que
134 901 306 934 vtilitatem
322 902 462 935 curatius
479 898 742 948 cognoscamus,
769 911 800 935 et
822 899 862 935 de
886 901 1205 937 commentatoribus
1227 903 1412 949 criticisque
1432 901 1577 936 Homeri
1603 903 1746 950 antiquis
1769 914 1807 936 ac

54 950 153 1000 {ignis
169 964 317 987 veterum
335 952 443 986 multo
458 953 551 1000 plura
566 950 706 987 sciamus
722 964 753 987 et
769 955 920 989 certiora.
975 954 1152 988 Sicbmlrecs
1168 956 1267 1003 igitur
1285 954 1478 1002 perdod'lam
1495 964 1527 989 et
1546 952 1732 989 adcuratam
1750 965 1806 989 co-

53 1003 134 1039 dicis
151 1016 227 1050 454.
247 1004 399 1038 notitiam
425 1004 572 1051 praebuit
594 1007 627 1039 in
648 1004 834 1040 Bibliothek
857 1003 915 1040 der
939 1004 1023 1041 alten
1041 1006 1214 1041 Litteratur
1230 1005 1295 1041 und
1311 1005 1411 1041 Kunst
1427 1015 1506 1054 part.
1523 1008 1548 1041 1.
1574 1019 1607 1053 p.
1626 1009 1664 1045 63
1680 1026 1732 1033 -—
1751 1015 1807 1052 89.

53 1057 124 1104 (vbi
141 1069 174 1105 p.
191 1058 247 1100 64.
274 1067 412 1090 aetatem
438 1055 521 1090 illius
545 1054 675 1091 confert
691 1059 726 1091 in
740 1055 905 1092 saeculum
925 1058 965 1093 X.
982 1069 1037 1092 aut
1054 1060 1128 1099 xi.)
1155 1070 1186 1093 et
1203 1069 1283 1106 part.
1309 1060 1363 1093 111.
1394 1071 1425 1106 p.
1446 1065 1541 1104 58—
1555 1070 1611 1102 72.
1629 1060 1679 1093 vbi
1696 1071 1729 1105 p.
1747 1062 1804 1103 69.

53 1121 157 1157 pauca
174 1105 294 1143 dillerit
312 1106 352 1143 de
367 1106 442 1143 cod.
461 1120 532 1154 453,
555 1110 610 1157 qui
627 1119 712 1144 caret
727 1107 825 1158 siguis
842 1111 971 1151 criticis,
999 1121 1030 1144 et
1047 1110 1195 1146 eiusdem
1212 1115 1321 1146 aetatis
1337 1111 1376 1146 ab
1391 1123 1433 1146 eo
1450 1118 1481 1149 (a
1498 1108 1702 1146 Villoisonio
1719 1108 1802 1146 saec.

51 1162 128 1204 xl.)
153 1161 298 1197 habetur.
355 1160 521 1207 Villoson
533 1171 658 1205 autem,
686 1164 776 1196 cuius
790 1175 884 1196 curae
907 1172 939 1197 et
962 1160 1150 1210 diligentiae
1171 1165 1204 1198 in
1225 1161 1441 1198 describendis
1464 1175 1499 1198 ac
1519 1161 1720 1211 publicandis
1739 1162 1803 1197 illis

51 1213 219 1250 codicibus
236 1225 285 1248 res
299 1212 428 1262 publica
440 1212 594 1248 litteraria
611 1213 752 1248 infinitas
768 1212 861 1250 debet
874 1217 1006 1263 gratias,
1034 1212 1168 1250 saliuam
1185 1213 1321 1251 thesauri
1339 1215 1426 1251 illius
1443 1214 1632 1263 acquirendi
1649 1224 1805 1251 mouerat

51 1272 84 1303 in
102 1265 248 1316 Epistola
262 1263 301 1300 ad
319 1264 539 1301 Wielandum
556 1268 588 1301 in
604 1263 781 1302 deutschen
796 1269 940 1303 Mereor.
958 1279 1050 1312 ¹779·
1081 1265 1193 1304 mense
1209 1269 1351 1314 Martio,
1386 1270 1417 1303 in
1435 1270 1549 1316 primis
1571 1270 1605 1302 in
1623 1267 1803 1303 Anecdotis

51 1322 188 1369 graecis,
216 1320 374 1361 Veneriis,
398 1326 481 1363 ¹78¹·
501 1330 531 1363 4.
555 1328 639 1355 tom.
655 1319 696 1354 ΙΙ.
725 1331 757 1366 p.
776 1327 829 1362 183
846 1317 915 1369 sqq.
940 1319 992 1354 vbi
1015 1322 1049 1355 in
1072 1322 1159 1355 uotis
1177 1319 1216 1355 de
1239 1319 1301 1355 illis
1320 1318 1452 1356 scholiis
1475 1318 1574 1355 fufius
1597 1323 1664 1369 egit
1686 1333 1719 1368 p.
1737 1321 1803 1354 266

50 1371 124 1421 sqq.
143 1381 174 1407 et
189 1369 360 1459 igi-indice,
385 1384 418 1407 v.
439 1372 615 1407 Homerus.
669 1369 745 1407 Post
768 1371 915 1422 longum
939 1374 1100 1423 temporis
1123 1372 1336 1409 interuallum
1363 1385 1448 1423 opus
1475 1370 1582 1422 ipsum
1599 1371 1805 1422 praeclarum

0 1470 7 1473 ‚
49 1424 160 1461 lucem
174 1439 192 1460 a
229 1425 334 1473 pexit:

154 1501 286 1554 Ὀμηξε
301 1509 400 1542 Imm
415 1519 475 1541 συν
489 1518 561 1542 τοις
575 1511 744 1552 oxomam.
796 1503 936 1538 Homeri·
949 1503 1032 1538 Jlias
1047 1503 1093 1538 ad
1115 1505 1233 1539 veteris
1254 1503 1366 1540 codicis
1386 1504 1506 1541 Veneti
1517 1503 1618 1552 fldem
1644 1503 1805 1554 recensita.

51 1555 176 1591 Scholia
191 1559 222 1590 in
238 1568 305 1590 enm
321 1557 542 1602 antiquiffima,
557 1569 597 1590 ex
611 1559 714 1591 eodem
730 1556 831 1591 codice
844 1556 976 1603 aliisque
992 1568 1075 1592 'tunc
1083 1558 1228 1602 primum
1244 1557 1342 1591 edidit
1357 1569 1425 1591 cum
1440 1556 1622 1605 Asteriscis,
1655 1555 1806 1602 Obeliscis

52 1609 183 1656 aliisque
186 1609 296 1659 fignis
312 1610 439 1650 criticis,
455 1610 506 1643 Io.
523 1607 675 1655 Baptista
695 1608 824 1655 Cnspar
838 1607 980 1656 d'Anſj‘e
995 1609 1034 1643 de
1059 1609 1098 1644 V
1097 1609 1242 1656 illotson,
1271 1609 1312 1644 V
1307 1608 1471 1659 psalienfis
1497 1610 1582 1645 acad.
1596 1610 1710 1658 societ.
1733 1609 1807 1642 lati·

52 1671 109 1695 nae
130 1660 248 1709 lenens.
267 1671 329 1696 etc.
342 1660 481 1708 sodalis.
509 1663 571 1696 An.
587 1661 937 1697 MDCCLXXXVIH.
951 1661 991 1697 V
990 1663 1112 1705 enanis,
1138 1664 1224 1710 typis
1239 1672 1271 1696 et
1285 1658 1444 1696 sumtibus
1459 1658 1599 1698 fratrum
1610 1661 1730 1698 Coleti.
1743 1657 1805 1696 fol.

153 1745 321 1784 Praemisit
334 1745 518 1784 doctissima
535 1747 790 1798 prolegomena,
818 1749 851 1783 in
870 1747 984 1798 quibus
1001 1746 1042 1784 de
1057 1747 1156 1798 signis
1171 1750 1326 1797 notisque
1344 1759 1490 1785 veterum
1509 1750 1626 1784 criticis
1635 1748 1652 1791 ,'
1679 1747 1719 1784 de
1747 1761 1804 1784 co-

53 1800 177 1837 dicibus
194 1799 255 1835 illis
273 1812 305 1835 et
322 1803 514 1836 memoratis
524 1802 682 1837 veteribus
699 1803 816 1837 criticis
826 1810 923 1850 atque
941 1802 1167 1850 interpretibus
1181 1801 1316 1851 aliisque
1330 1803 1423 1837 rebus
1437 1803 1624 1850 antiquariis
1632 1815 1669 1837 ac
1682 1800 1804 1836 littera.

51 1856 106 1890 riis
126 1851 197 1888 scite
214 1851 412 1901 copioseque
427 1850 630 1902 disputatum
656 1853 694 1889 ad
713 1867 794 1902 quae
808 1856 873 1888 iam
888 1851 1012 1903 saepius
1029 1857 1299 1903 prouocauimus,
1351 1856 1405 1890 De
1427 1854 1582 1890 contextu
1597 1855 1741 1890 Homeri
1767 1856 1802 1888 in

53 1908 114 1942 hac
130 1905 274 1941 editione
287 1905 387 1954 paulo
406 1903 492 1940 infra
508 1908 542 1940 in
558 1904 690 1941 recensu
706 1905 894 1942 editionum
910 1903 1022 1941 sumus
1036 1908 1150 1943 aeluri.
1205 1909 1358 1954 Princeps
1375 1905 1478 1942 codex
1490 1935 1500 1950 ,
1529 1904 1629 1956 lignis
1652 1917 1802 1942 veterum

53 1962 243 1995 criticorum
261 1971 297 1992 ac
312 1959 610 2006 grammaticorum
630 1957 775 2007 stipatus,
801 1959 860 1994 Nr.
879 1958 1090 1995 CCCCLIV.
1107 1962 1140 1994 in
1157 1957 1286 1994 scholiis
1308 1957 1493 2007 designatur
1509 1959 1615 1996 littera
1635 1959 1682 2001 A,
1709 1960 1801 1994 cuius

53 2012 168 2048 auctor
183 2012 321 2050 critices,
347 2012 511 2045 variarum
527 2010 712 2046 lediionum
731 2021 827 2060 atque
841 2009 1127 2053 emendationum,
1153 2010 1358 2060 potissimum
1375 2011 1485 2047 habuit
1501 2015 1686 2058 rationem3
1720 2011 1802 2046 alter

0 2066 2 2072 '
51 2077 132 2100 vero
145 2064 251 2099 littera
266 2064 301 2098 B.
354 2063 406 2097 Ex
422 2064 489 2098 hoc
505 2062 654 2099 vberiore
670 2061 830 2113 excerpsit
845 2060 1063 2099 Villoisonius
1079 2078 1116 2099 ea
1143 2067 1277 2107 omnia,
1311 2077 1394 2112 quae
1418 2078 1435 2099 a
1462 2062 1537 2100 cod.
1555 2076 1626 2109 454.
1656 2067 1800 2106 aberant,

6 2139 8 2141 v
52 2129 114 2152 nec
135 2112 268 2167 prorsus
289 2115 364 2150 luce
391 2113 524 2164 indigna
544 2114 755 2159 videbantur,
795 2119 937 2164 exceptis
957 2116 1159 2164 paucissimis
1184 2114 1326 2151 absurdis
1350 2115 1576 2165 quorumdam
1597 2114 1798 2152 insulsorum

0 2199 5 2210 .
51 2169 282 2216 graeculorum
301 2167 529 2216 etymologiis.
585 2170 649 2203 Hic
666 2167 772 2204 codex
790 2170 825 2204 Β.
846 2181 922 2203 cum
938 2171 1053 2216 prioti,
1077 2170 1123 2205 A.
1141 2173 1174 2204 in
1189 2168 1299 2203 multis
1315 2166 1488 2210 consentit,
1516 2172 1549 2205 in
1568 2169 1720 2218 plurimis
1745 2182 1798 2204 ve·

0 2248 2 2254 »
51 2234 92 2258 ro
106 2235 181 2257 cum
198 2217 347 2256 Leidensi
363 2231 392 2254 et
408 2219 614 2268 Moxquenfi.
668 2223 694 2256 E
709 2220 783 2257 cod.
798 2233 857 2265 453
878 2218 1002 2255 scholia
1016 2220 1136 2256 codicis
1156 2234 1228 2266 454,
1245 2234 1326 2268 quae
1346 2219 1438 2269 saepe
1455 2225 1671 2265 conueniunt,
1685 2234 1797 2256 emen-

54 2272 143 2310 dauit
159 2285 190 2309 et
205 2286 316 2308 veram
345 2285 380 2306 ac
403 2285 597 2320 germanam
620 2272 798 2309 lectionem
816 2277 849 2308 in
869 2286 988 2307 eorum
1006 2284 1093 2308 textu
1112 2272 1344 2309 constituendo
1361 2271 1485 2323 selegit,
1512 2289 1572 2310 nec
1593 2286 1664 2309 non
1688 2273 1797 2322 exple·

51 2328 100 2362 uit
114 2326 246 2362 lacunas
262 2323 406 2360 eiusdem
424 2323 547 2360 codicis
563 2337 633 2370 454.
647 2328 736 2360 cuius
752 2324 914 2361 nonnulla
928 2323 1010 2359 folia
1026 2328 1206 2361 recentiore
1233 2338 1332 2360 manu
1350 2328 1394 2360 ita
1409 2324 1555 2375 suppleta
1576 2324 1664 2366 sunt,
1694 2337 1726 2360 vt
1745 2323 1798 2361 so-

3 2407 9 2411 .
52 2377 104 2414 lus
119 2377 255 2426 quidem
269 2388 470 2425 repararetur
484 2387 599 2422 textus,
628 2376 748 2413 scholia
763 2391 841 2414 vero
861 2375 1126 2420 desiderarentur,
1143 2392 1170 2412 v.
1191 2377 1344 2427 Prolegg.
1367 2391 1399 2427 p.
1416 2380 1514 2417 XLV,
1569 2382 1696 2414 Auc'tor
1719 2377 1795 2413 cod.

51 2430 87 2466 B.
100 2427 306 2466 scholiorum
324 2428 521 2464 Christianus
538 2427 630 2464 fuiffe
649 2429 788 2470 videtur,
816 2427 908 2480 quod
922 2428 960 2464 ad
978 2429 1065 2464 Iliad.
1083 2426 1120 2468 κ’.
1136 2442 1208 2474 204.
1235 2431 1260 2467 ε’.
1277 2443 1353 2476 449.
1371 2444 1410 2466 ex
1429 2430 1577 2466 versione
1594 2432 1690 2467 LXX.
1705 2444 1797 2479 grae·

53 2495 89 2519 ca
107 2493 139 2518 et
156 2497 174 2520 e
194 2481 296 2519 Paulli
314 2481 450 2531 epistola
469 2481 508 2518 ad
528 2484 632 2520 Rom.
653 2495 685 2529 7,
706 2495 757 2528 24.
790 2480 1122 2571 quaeilDagidprofert,
1151 2481 1213 2520 nifi
1237 2495 1273 2519 ea
1296 2481 1359 2520 siut
1380 2487 1601 2535 a-rccentiore
1621 2495 1721 2573 ¹„an
1741 2482 1795 2518 ad-

996 2545 1016 2578 3
1684 2546 1796 2586 cripta.
