2071 2747
10 87 71 118 '0¹-
81 87 102 117 1.
112 89 292 124 momen
453 125 456 127 Α
645 91 898 129 HERODOTI
926 91 1096 129 PLVRES
1310 95 1383 131 Lib.
1399 97 1448 132 II.
1469 108 1491 132 c.
1509 96 1596 133 XX.
1701 111 1760 144 347

0 181 151 235 inscript.
166 185 236 222 vol.
251 185 436 222 XXXVIII.
459 183 554 222 Parifi
572 199 661 232 1777.
688 209 741 215 —
775 188 991 225 Herodotum
1017 203 1096 226 cum
1123 188 1247 226 Iustino
1271 202 1451 241 comparat
1471 192 1528 227 ccl.
1549 194 1706 229 Gattmr
1724 198 1756 231 in

0 237 154 288 'fflimh‘
171 238 284 274 histor.
306 250 390 275 tom.
407 241 446 273 H.
461 254 492 289 p.
511 252 554 283 25.
582 260 632 267 —-
655 242 693 276 ln
710 241 858 276 Annales
871 244 915 277 οἰκ
931 245 1061 285 monde,
1089 241 1204 292 depuis
1227 245 1257 279 le
1281 243 1402 293 deluge
1423 248 1528 293 jusqu'
1550 260 1590 281 aii
1608 249 1756 283 Gouver-

0 302 140 346 ‘emeat
169 290 200 326 d·
219 292 403 332 othoniel,
437 295 584 342 premier
605 294 689 342 Juge
711 293 767 329 des
789 293 945 330 lsi-aelites
968 306 1028 331 etc.
1063 296 1248 344 Strasburg.
1280 304 1369 340 1788.
1391 306 1421 339 8.
1453 298 1584 334 historia
1613 297 1754 348 profana

4 337 81 389 ¹usin
98 340 202 386 sacra,
229 343 380 393 adeoque
396 348 598 382 narrationes
613 345 781 382 Herodoti
805 358 836 383 et
852 347 979 384 Ctesiae
999 348 1238 384 conciliantur:
1262 347 1378 385 saltem
1402 349 1432 384 id
1459 355 1596 387 tentauit
1625 355 1753 393 auctor,

2 408 110 447 neque
126 409 206 432 vero
224 394 376 433 satisfecit
388 400 515 434 criticis.
542 395 633 434 conf.
647 398 786 442 Journal
801 400 977 449 encyclop.
997 401 1133 437 Octobr.
1151 407 1242 447 1789.
1271 412 1354 438 tom.
1369 405 1397 437 V
1402 405 1439 438 ΙΙ.
1457 414 1540 452 part.
1555 407 1577 439 Ι.
1594 418 1641 439 nr.
1659 417 1684 448 3.
1700 426 1752 433 —-

2 445 301 499 hquaessionem,
327 463 410 485 num
430 452 607 487 Phoenices
632 449 814 488 secundum
839 454 1005 489 Herodoti
1033 457 1258 490 narrationem
1280 458 1640 504 circumnauigauerint
1665 455 1751 493 Afri-

3 513 95 543 am,
130 504 284 551 inquirit,
317 516 458 553 eamque
480 502 636 539 adfirmat
659 506 721 541 Fr.
739 506 841 541 Micli.
863 506 1056 541 Vim-thaler
1086 509 1138 542 in:
1173 504 1443 556 Philosophisclie
1468 506 1663 545 Gescliichte
1692 509 1750 546 der

2 551 184 591 Menschen
199 553 266 590 und
285 556 432 598 Vfflker,
459 556 655 605 Salisburgi,
683 570 777 605 ¹790·
807 557 873 594 vol.
889 559 943 594 IV.
971 572 1002 608 p.
1019 571 1055 602 4¹
1072 556 1140 609 sqq.
1172 580 1224 586 —
1250 559 1311 594 Du
1327 562 1471 610 Fresnoy
1485 564 1538 599 in:
1563 562 1596 597 la
1613 565 1749 599 Metho-

1 605 42 644 δε
64 620 150 657 pour
171 606 297 644 e‘tudier
316 608 516 652 l'Histoire‚
543 620 627 645 tom.
644 611 719 646 vn,
746 623 823 660 pag.
841 623 898 657 393
915 608 959 661 sq.
989 611 1087 648 Harl.

7 701 40 757 ζ’
101 703 141 738 X.
168 703 382 740 Concludam
402 702 605 754 praesentem
630 703 671 742 de
684 704 865 742 Herodoto
891 707 1119 743 trad'tationem
1139 707 1389 756 Epigrammate
1410 708 1618 747 Christodori
1634 712 1746 762 Copti-

1 765 68 799 ις,
93 754 184 806 qnod
199 756 300 795 exstat
313 757 398 794 libro
414 761 453 794 V.
468 757 716 808 Anthologiae‚
743 770 839 809 atque
861 762 904 795 ita
926 759 1026 796 latine
1049 759 1200 810 expressit
1212 758 1405 796 Salmasius:

419 835 488 868 Nec
509 840 540 867 te
560 835 759 880 Alicarnaffi'
785 838 886 870 Vates
906 837 1009 868 diuine
1022 835 1117 880 filabo

421 885 599 921 Hei-odote,
623 895 642 916 ο
655 885 803 927 sapiens,
827 896 885 928 quo
901 886 1008 928 fortia
1023 885 1115 927 saffo
1137 886 1279 917 virorum

422 933 579 976 Quicquid
599 934 631 965 in
653 934 786 975 Europa
811 939 904 976 atque
926 934 1002 975 Aſsa
1025 933 1199 965 tabentibus
1221 935 1314 965 annis

422 983 576 1024 Tempora
595 981 698 1024 prisca
721 984 835 1020 tulere,
864 994 973 1014 nortem
985 981 1136 1025 sacrante
1156 981 1319 1015 Camenis

416 1030 532 1064 Iunffa
552 1030 631 1062 Iudi
649 1034 752 1063 certat
765 1031 886 1073 florens
900 1030 1057 1073 facundia
1080 1030 1202 1071 lingua.

0 1077 94 1155 ijiud
116 1102 318 1139 Callimachi
340 1103 375 1136 in
397 1100 615 1138 Herodotum
637 1102 857 1151 Epigramma
884 1098 1014 1151 profert
1032 1099 1228 1136 Scholiastes
1253 1101 1385 1136 Comici
1409 1099 1448 1136 ad
1464 1102 1574 1138 Nubes
1596 1116 1671 1153 pag.
1686 1119 1738 1152 79

0 1148 40 1204 ῗν.
53 1155 133 1202 331.]
149 1165 181 1191 et
195 1154 310 1190 suidas
328 1156 361 1189 in
377 1155 528 1203 Λέσχη.
581 1156 741 1190 Ceterum
758 1156 791 1189 in
805 1165 953 1190 veterum
973 1151 1095 1203 scriptis
1119 1153 1227 1202 plures
1250 1165 1483 1189 memorantur
1498 1155 1661 1191 Herodoti
1682 1171 1738 1193 no-

51 1222 102 1251 ·e‚
127 1218 163 1244 vt
179 1207 292 1244 docuit
308 1208 434 1256 Ionssus
447 1207 532 1243 libro
548 1207 588 1242 Π.
604 1205 646 1242 de
662 1204 873 1255 scriptoribus
888 1207 972 1242 Hist.
989 1203 1180 1255 Philosoph.
1203 1218 1275 1253 cap.
1294 1218 1317 1241 1.
1341 1209 1432 1241 cuius
1455 1204 1631 1244 obseruatis
1655 1223 1738 1245 rion-

16 1283 29 1308 ,¹
65 1274 83 1296 a
96 1259 288 1310 adiungam,
341 1260 425 1295 Sunt
440 1262 541 1309 igitur
556 1266 591 1301 2)
609 1259 816 1300 Herodotus,
844 1261 1031 1295 Democriti
1046 1256 1163 1301 frater,
1191 1256 1320 1294 Aelian.
1337 1259 1394 1293 IV.
1417 1271 1469 1294 20.
1486 1261 1562 1295 Var.
1615 1261 1652 1306 3)
1669 1263 1737 1298 He-

22 1327 35 1340 ν’
53 1320 125 1349 otus
139 1313 350 1362 logomimus
361 1337 371 1350 ‚
398 1315 454 1362 qui
471 1311 559 1362 apud
577 1313 707 1362 Regem
725 1313 929 1348 Antiochum
944 1315 979 1347 in
997 1313 1129 1347 honore
1144 1309 1206 1346 fuit
1222 1309 1299 1346 teste
1310 1309 1475 1346 Athenaeo
1492 1311 1547 1348 lib.
1565 1313 1588 1348 l.
1622 1320 1658 1357 4)
1672 1315 1737 1351 He.

14 1373 24 1392 ἰ
40 1386 42 1388 v
58 1372 146 1409 tus,
179 1367 314 1415 Epicuri
337 1362 528 1405 familiaris,
553 1367 646 1400 cuius
667 1365 791 1402 librum
821 1363 861 1400 de
884 1365 1053 1415 pubertate
1075 1363 1162 1400 illius
1187 1361 1379 1412 Philosophi
1403 1375 1570 1400 memorat
1583 1365 1736 1402 Laertius

27 1438 48 1457 ι
61 1419 102 1456 X.
117 1417 192 1455 sedi.
209 1420 266 1454 lv.
293 1420 349 1467 qui
371 1419 472 1454 etiam
495 1416 751 1454 dee-Democrito
774 1419 857 1453 mihi
870 1417 996 1454 laudari
1012 1415 1141 1452 videtur
1159 1414 1246 1463 apud
1268 1414 1424 1451 eumdem
1440 1416 1494 1452 lib.
1510 1418 1564 1453 IX.
1588 1415 1662 1454 sec't.
1681 1431 1733 1464 34.

13 1463 235 1517 §Herodotur
254 1467 425 1507 Tarsensis
446 1469 514 1506 siue
537 1469 810 1519 Philadelphaeus
835 1472 922 1506 Arici
946 1471 979 1506 F.
998 1468 1151 1505 Medicus
1171 1471 1377 1515 Empiricos,
1416 1469 1502 1504 Sexti
1526 1482 1732 1521 praeceptor.

26 1515 79 1560 ’(1.
96 1527 129 1559 ἱη
147 1521 276 1575 Σέξτος·
297 1534 328 1559 et
351 1525 457 1559 Laert.
476 1523 529 1558 lX.
556 1525 618 1558 116.
670 1524 781 1557 Huius
805 1523 968 1558 Herodoti
990 1523 1115 1558 librum
1137 1518 1269 1571 Ἰατςὲν
1291 1519 1402 1556 laudat
1425 1521 1569 1557 Galenus
1588 1524 1628 1559 Π.
1655 1526 1688 1559 in
1711 1527 1732 1560 6

31 1590 140 1612 ··em.
160 1589 243 1612 tom.
259 1580 300 1612 V.
316 1590 348 1625 p.
364 1588 435 1622 472.
488 1578 523 1621 6)
540 1575 734 1610 Herodotus
748 1573 915 1618 Musicus‚
937 1573 978 1610 de
993 1586 1061 1623 quo
1078 1576 1204 1608 Aeneas
1220 1574 1367 1608 Gazaeus
1383 1574 1471 1623 epist.
1490 1586 1521 1617 7.
1546 1575 1643 1621 [Her.
1659 1578 1732 1612 Me-

35 1653 37 1660 ,
93 1628 130 1664 sis
148 1632 222 1664 vicit
239 1640 335 1665 cantu
354 1632 387 1663 in
405 1627 564 1678 periodo,
588 1628 643 1664 Ol.
663 1631 725 1664 inc.
745 1628 866 1663 Athen.
885 1629 924 1663 X.
939 1639 967 1671 3,
992 1626 1120 1661 Pollux
1137 1627 1191 1661 IV.
1218 1623 1321 1673 segm.
1336 1633 1390 1672 89.
1408 1639 1462 1671 90.
1487 1629 1572 1661 circa
1591 1629 1731 1679 Olymp,

36 1688 39 1711 ξ
80 1708 89 1717 .
116 1683 277 1717 Demetrii
303 1681 505 1716 Poliorcetae
528 1681 657 1726 aetate]
719 1680 753 1724 7)
771 1680 959 1715 Herodotus
979 1675 1163 1728 pracfcdtus
1185 1681 1219 1713 in
1250 1691 1355 1713 numo
1390 1680 1608 1723 Dyrracheno
1641 1681 1729 1731 apud

43 1756 57 1778 ,χ
76 1762 83 1770 .
97 1735 258 1784 Begerurn
274 1745 358 1769 tom.
375 1735 396 1768 Ι.
414 1731 553 1769 thesauri
570 1731 818 1781 Braizdenbuig.
842 1747 872 1782 p.
891 1744 958 1777 457.
1013 1733 1048 1775 8)
1064 1732 1254 1766 Herodotus
1278 1732 1432 1778 Agathini
1458 1729 1632 1781 discipulus
1655 1736 1729 1770 Me-

91 1790 329 1836 pneumaticus.
355 1786 468 1821 Galen.
485 1788 505 1821 1.
523 1785 563 1821 de
578 1783 688 1821 facult.
704 1784 844 1834 simpliC.
859 1796 890 1821 et
906 1787 961 1820 lv.
985 1781 1025 1818 de
1041 1781 1230 1819 differentiis
1252 1780 1407 1831 pulsuum
1418 1779 1472 1819 ff).
1526 1788 1565 1830 9)
1581 1785 1728 1822 Herodo-

25 1852 35 1865 ’·
67 1839 196 1876 -εἱῖἰὶἀίε
213 1841 245 1875 F.
268 1841 360 1874 euius
385 1841 537 1874 meminit
556 1837 752 1874 Herodotus
766 1834 1028 1873 Halicarnasseus
1054 1835 1108 1871 lib.
1125 1837 1212 1870 VllI.
1239 1849 1309 1883 cap.
1327 1847 1389 1877 ¹32.
1454 1839 1506 1881 io)
1523 1837 1726 1881 Herodotus„

35 1881 162 1928 ¹‘ttsidri
182 1893 397 1933 Ρτοῐεέῖοτῐε,
424 1894 479 1940 qui
499 1889 553 1926 sub
571 1893 655 1940 Imp.
674 1891 833 1925 Mauritio
851 1890 1018 1925 hissoriam
1034 1885 1173 1937 scripsit,
1200 1885 1310 1922 frater.
1363 1887 1452 1923 Suid.
1471 1892 1503 1923 in
1520 1887 1723 1942 Μέγρινδξος,

30 1966 45 1974 w
64 1946 123 1986 'o,
149 1947 219 1993 quis
235 1948 268 1980 iii
284 1943 430 1979 Malalae
445 1945 615 1979 Chronico
634 1955 716 1978 tom.
735 1945 758 1978 1.
781 1955 854 1992 pag.
874 1955 952 1978 200.
980 1937 1160 1991 ‘Heo‘cl'eroc
1177 1940 1191 1978 o‘
1209 1937 1450 1991 ἱ-τοριογξαῖφσς
1467 1940 1651 1990 adpellatur
1665 1945 1723 1981 ⁸⁵).

53 1991 235 2034 Herodotur
261 1997 495 2046 Olophyxius,
528 1999 584 2045 qui
609 1995 650 2031 de
675 1996 845 2045 Nymphis
869 2006 900 2031 et
924 1991 1085 2029 sacrificiis
1109 1992 1250 2043 scripsit,
1281 1991 1321 2028 de
1346 2006 1414 2042 quo
1439 1994 1552 2029 suidas
1578 1998 1610 2030 iii
1627 1994 1724 2036 ’0λᾶ-

92 2076 100 2084 .
126 2049 182 2098 [P]
209 2048 290 2097 [vid.
307 2047 403 2099 supra
418 2047 459 2084 ad
475 2049 529 2085 lib.
548 2049 585 2083 11.
611 2061 682 2097 cap.
697 2060 723 2083 1.
746 2049 776 2095 §
797 2047 841 2094 2]
896 2051 946 2091 12)
965 2046 1155 2081 Herodotus
1178 2046 1362 2081 Thebanus
1382 2045 1561 2081 celebratus
1583 2048 1725 2085 Pindaro

22 2103 47 2149 ᾖ·
66 2103 188 2139 ·‘onic.
207 2104 234 2139 1.
255 2113 294 2139 it.
355 2104 403 2147 ¹3)
419 2101 632 2147 Herodotus,
661 2097 816 2146 Brysonis
839 2099 1010 2149 Sophistac
1032 2110 1141 2148 pater,
1180 2111 1282 2148 quem
1307 2101 1383 2134 citat
1406 2097 1599 2144 Aristoteles
1615 2104 1671 2138 Vl.
1698 2115 1724 2148 ς.

20 2155 28 2165 ·
948 2152 979 2186 X
988 2163 1008 2187 x
1035 2164 1054 2186 2
1613 2156 1669 2192 (X.
1687 2169 1726 2194 11.

24 2278 77 2322 ἢ
91 2283 134 2314 ne
147 2284 204 2314 hoc
219 2292 247 2315 et
261 2283 326 2314 aliis
339 2281 514 2317 Hei-odoris,
528 2281 660 2318 medicis,
677 2280 824 2313 vid.infra
877 2277 1198 2322 constantinopolitanis
1209 2302 1216 2315 ,
1236 2286 1306 2308 tom.
1324 2280 1387 2311 XX.
1424 2281 1565 2323 Corporis
1590 2283 1723 2319 byzanti.

31 2358 33 2362 ,
73 2344 93 2351 -·
115 2327 155 2358 ho
169 2328 350 2358 medicorum
372 2326 432 2357 vol.
449 2328 527 2357 xm.
549 2337 578 2367 p.
599 2332 649 2362 184
666 2325 705 2367 sq.
731 2325 824 2357 Harl.
876 2327 924 2360 ni,
947 2335 1013 2366 pag.
1032 2328 1078 2354 26.
1094 2332 1142 2361 27.
1165 2322 1353 2353 Herodotum
1369 2326 1455 2359 citat,
1479 2327 1528 2366 qui
1543 2329 1639 2366 regiae
1661 2332 1723 2360 eius

30 2379 35 2398 ·,
61 2384 67 2404 ς
106 2370 191 2400 eonf.
212 2369 384 2413 Wzffeling.
402 2369 508 2400 differt.
525 2369 736 2405 herodotum,
762 2379 824 2410 cap.
875 2369 956 2398 vrbis
983 2379 1028 2399 res
1055 2370 1188 2408 antiquas
1217 2365 1375 2409 scriptione
1415 2367 1591 2410 exsequutus
1623 2371 1722 2404 fuerit.

49 2420 93 2452 ει.
107 2422 132 2449 ς.
145 2422 176 2445 et
191 2418 220 2445 6.
239 2418 291 2457 qui
311 2418 399 2445 etiam
413 2424 448 2444 ex
466 2413 580 2446 Codino
605 2413 641 2444 de
659 2413 824 2453 originibus
874 2412 968 2444 Harl.
