2183 2747
604 179 794 218 nomam
829 179 1080 218 EmTroNEs
1117 180 1340 218 GRAECAE.
1468 183 1680 228 Lib.zs.c.;.
1782 195 1841 228 423

93 277 190 328 supra
205 279 344 328 egimus,
372 289 449 314 cum
467 275 565 327 signis
585 279 702 313 criticis
718 276 756 313 ad
773 280 961 327 marginem
987 276 1116 327 positis,
1147 276 1191 313 est
1214 277 1366 314 adcurate
1388 282 1475 327 typis
1496 276 1688 328 descriptuS.
1746 281 1840 314 Aetas

93 343 203 367 autem
220 330 343 367 codicis
359 332 399 366 Δ.
416 329 551 366 difficile
566 333 684 379 poterit
702 330 842 377 definiri,
865 331 1026 379 quamdiu
1045 332 1084 365 ab
1104 330 1411 379 interpolationibus
1428 332 1567 366 liberum
1587 345 1663 366 eum
1681 330 1841 380 praestare

92 397 164 420 non
182 381 362 433 possumus.
417 382 490 419 Post
507 384 750 431 Porphyrium,
778 386 868 418 cuius
900 382 1102 432 quaestiones
1125 384 1271 419 Homer.
1297 387 1330 418 in
1353 381 1483 420 scholiis
1507 382 1628 433 saepius
1654 382 1840 425 laudantur,

93 438 264 473 auc‘lorem
279 434 402 471 codicis
418 433 541 478 vixisse,
585 439 650 470 iam
674 434 934 472 obseruauimus.
991 438 1041 471 Ex
1067 435 1125 471 illo
1149 435 1265 471 codice
1296 435 1456 485 quaedam
1484 435 1741 478 tantummodo,
1770 450 1842 473 non

93 489 178 525 adeo
193 489 319 529 multa,
346 487 471 524 nedum
489 491 603 524 omnia
629 489 780 527 vulnera.
817 502 900 537 quae
922 491 955 523 in
980 499 1136 524 contextu
1158 491 1322 538 poematis
1345 492 1447 524 varias
1470 489 1512 524 ob
1536 488 1657 525 caussas
1679 485 1841 523 remanse-

91 554 186 585 runt,
214 538 315 576 sanari
331 538 423 590 posse
438 552 536 590 patet.
592 543 656 590 Qi
675 538 782 576 versus
808 552 977 590 tamquam
1004 538 1121 590 spurii,
1148 544 1182 576 in
1205 539 1320 577 codice
1342 553 1435 578 erant
1459 541 1589 584 omissi,
1622 540 1839 591 quadraginta

91 605 123 631 et
137 598 281 645 quinque
294 603 523 629 numerantur.
579 593 663 628 Vide
684 592 796 629 doctas
812 592 960 629 censuras
984 597 1017 628 in
1038 595 1222 630 Bibliothek
1245 592 1304 629 der
1326 594 1413 630 alten
1439 597 1613 630 Litteratur
1638 593 1705 629 uud
1726 592 1840 635 Kunss,

91 657 174 698 part.
196 649 235 682 V.
255 661 288 696 p.
308 658 347 690 34
365 644 434 696 sqq.
455 659 485 682 et
508 649 541 681 in
558 648 710 694 Gotting.
727 645 932 695 ephemerid.
951 647 1087 682 litterar.
1115 653 1209 693 1789.
1228 647 1319 697 plag.
1336 660 1381 693 55.
1407 662 1440 697 p.
1457 659 1511 693 552
1534 645 1602 697 sqq.

197 700 336 734 Homeri
355 701 495 740 Iliados,
523 699 696 746 rhapsodia
713 701 758 734 A.
764 700 836 748 siue
850 700 930 734 liber
939 701 1085 746 primus,
1112 711 1181 734 cum
1196 702 1351 746 excerptis
1368 712 1407 734 ex
1421 699 1586 747 Eustatlzii
1608 699 1841 734 commentariis

90 759 121 788 et
136 753 270 800 stlwh'is
293 754 469 786 minoribus
490 754 523 786 in
546 752 638 799 vsum
647 751 838 798 fihelarum
860 752 1035 798 separatim
1059 752 1157 786 edidit
1175 753 1225 787 Io.
1245 752 1414 802 Augvfius
1430 753 1587 793 Mueller,
1615 755 1654 787 A.
1673 753 1724 786 M.
1742 762 1773 786 et
1791 751 1838 786 ill.

90 803 222 840 scholae
237 807 388 854 prouinc.
405 803 524 840 Misen.
542 805 700 840 Conrect.
721 803 808 853 (post
826 804 950 840 abitum
969 806 1130 840 Matthaei
1146 818 1235 839 nunc
1251 805 1403 850 Recton)
1421 802 1582 848 Mffenae,
1596 811 1685 849 1788.
1704 806 1782 839 mai.
1804 811 1838 845 8.

90 878 141 884 —
175 877 226 884 ——
261 857 448 904 Rhapsoclia
465 854 602 907 <1)'.fiue
629 857 708 891 liber
731 857 839 892 XXI.
864 868 926 895 etc.
958 856 1032 892 ibid.
1056 855 1130 893 eod.
1157 870 1257 893 anno.
1290 877 1342 884 --
1376 858 1568 906 Rhapsodia
1590 858 1630 893 X.
1653 855 1720 892 siue
1745 856 1840 891 Liber

90 910 193 945 xxii.
223 907 298 944 ibid.
328 916 423 956 1789.
1381 912 1383 914 ’

193 962 321 996 Textus
339 962 381 996 eil
399 975 438 997 ex
447 961 621 996 woman-a
636 960 780 997 editione
794 960 921 998 duc'lus.
958 960 1064 997 Miffis
1079 965 1177 1004 tricis,
1194 961 1323 997 vtiliora
1338 960 1495 1011 excerpsit
1515 962 1554 997 cl.
1565 961 1709 997 Mueller
1725 975 1764 997 ex
1773 962 1840 996 Eu-

89 1015 220 1053 ssathio,
248 1025 278 1050 et
296 1011 473 1049 immiscuit
487 1012 656 1049 'interdum
676 1013 838 1064 quaedam
853 1028 892 1050 ex
909 1012 1038 1050 scholiis
1055 1015 1249 1061 minoribus,
1276 1026 1306 1050 et
1321 1015 1402 1050 alios
1416 1017 1568 1050 excitauit
1584 1017 1670 1050 viros
1685 1013 1814 1050 dodios.

192 1066 294 1103 Initia
311 1068 483 1102 Homerica
496 1066 529 1113 s
544 1067 711 1114 Exceipta
737 1079 776 1101 ex
798 1068 903 1102 Iliade
919 1068 1075 1108 Homeri,
1103 1080 1171 1102 cum
1196 1068 1335 1103 locorum
1357 1069 1494 1102 omnium
1513 1079 1630 1112 graeca
1650 1065 1844 1114 metaphrast

90 1132 129 1155 nx
150 1120 239 1154 codd.
256 1119 443 1154 Bodleianis
464 1125 494 1153 et
516 1121 594 1153 noui
616 1120 742 1168 collegii
764 1119 816 1154 Μ.
832 1121 863 1154 S.
881 1121 912 1154 S.
933 1123 1082 1154 utmorem
1108 1122 1141 1154 in
1160 1127 1289 1165 partem
1311 1131 1390 1154 nunc
1406 1121 1551 1165 primum
1575 1121 1668 1155 edita.
1721 1119 1840 1154 Edidit

96 1172 157 1207 le.
174 1171 324 1220 Burgrff.
341 1171 382 1206 A.
398 1172 449 1207 M
479 1170 639 1213 Londini‚
665 1179 754 1217 1789.
795 1170 1031 1207 Similitudines
1050 1170 1255 1221 potissimum
1273 1182 1369 1220 atque
1394 1169 1537 1221 episodia
1558 1169 1691 1220 delegit.

193 1226 296 1259 Pauca
314 1222 432 1259 addere
451 1226 540 1258 iuuat
558 1220 694 1272 scripta,
720 1237 804 1273 quae
819 1223 859 1259 ad
875 1225 1052 1260 meliorem
1070 1225 1194 1259 Iliados
1211 1224 1464 1272 intelligentiam
1488 1221 1595 1259 facere
1614 1222 1756 1274 possint3
1783 1231 1840 1257 aut

87 1279 120 1312 in
140 1277 255 1326 quibus
270 1275 310 1311 de
327 1278 393 1311 hoc
409 1278 555 1311 carmine
573 1279 607 1310 in
623 1286 796 1326 Vtramque
811 1288 940 1326 partem
954 1274 1156 1327 disputatum
1171 1275 1224 1313 est.
1278 1275 1547 1314 Adolescentibus
1564 1279 1595 1312 in
1613 1279 1728 1327 primis
1745 1288 1838 1311 com-

84 1327 236 1366 mendari
257 1327 352 1364 debet
372 1328 501 1364 libellus
525 1331 672 1378 optimae
693 1326 816 1378 frugis:

188 1381 394 1416 Erkldrende
412 1382 665 1430 Aumerltungen
679 1393 757 1417 zum
774 1382 899 1416 Homer
914 1394 977 1417 von
991 1382 1057 1418 Ioh.
1074 1382 1191 1422 Heinr,
1207 1381 1278 1429 Just
1295 1383 1464 1428 Koeppen,
1492 1383 1647 1419 Diredtor
1661 1380 1720 1417 der
1734 1380 1837 1414 Schu-

85 1433 117 1469 le
134 1447 174 1468 zu
189 1431 410 1469 Hildesheim.
439 1433 664 1470 ErslerBand.
691 1436 890 1475 Hannover,
912 1441 1005 1480 ¹787-
1031 1442 1063 1476 8.
1096 1456 1149 1462 —-
1183 1437 1222 1470 11.
1241 1433 1345 1477 Band,
1373 1433 1449 1470 ibid.
1476 1443 1568 1482 1789·
1621 1438 1660 1470 In
1681 1435 1731 1469 his
1756 1431 1839 1467 duo-

85 1486 144 1521 bus
161 1489 281 1529 tomis,
309 1499 392 1535 quos
410 1487 525 1535 reliqui
539 1489 718 1536 excipient,
747 1486 925 1523 adnotator
945 1485 1158 1536 pe1·sequutus
1181 1487 1224 1522 est
1248 1489 1327 1523 odio
1346 1487 1448 1523 libros
1465 1487 1598 1524 Iliados,

197 1539 303 1574 Ueber
322 1537 461 1574 Homers
479 1540 566 1575 Ilias.
622 1541 704 1574 Eine
726 1551 790 1574 von
813 1541 873 1574 der
896 1540 1115 1588 Teylerischen
1135 1541 1290 1586 Stiftung
1309 1542 1342 1573 in
1366 1540 1525 1574 Haarlem
1547 1541 1704 1586 gelerb'nte
1731 1537 1839 1572 Preis-

76 1591 201 1638 schrift
224 1593 277 1625 des
302 1591 415 1627 Hcl'rn
437 1593 468 1627 I.
486 1593 524 1626 de
544 1592 620 1639 Bosae
629 1591 661 1628 le.
699 1612 748 1619 —
782 1592 858 1627 Aus
881 1594 948 1627 dem
970 1593 1225 1639 Hollc'z'ndaesclten
1250 1591 1415 1639 iihciselzt
1442 1604 1504 1626 von
1521 1593 1565 1627 E.
1582 1593 1630 1627 H.
1648 1590 1840 1626 Mutzenbe-

85 1645 174 1685 cher,
199 1644 389 1686 Zullichan,
419 1650 508 1686 1788.
541 1645 580 1679 Π.
599 1655 682 1681 tom.
701 1647 779 1681 mai.
798 1652 829 1685 8.
886 1647 1094 1694 Argumenta
1111 1643 1318 1695 singularum
1337 1641 1591 1694 rhapsodiarum
1610 1642 1699 1679 dedit
1721 1652 1752 1676 et
1769 1637 1838 1676 sen-

85 1693 156 1731 sum
174 1700 344 1745 poeticum
361 1708 415 1731 aut
430 1697 622 1732 historicum
647 1694 796 1747 exposuit
812 1699 938 1734 auetor.
1511 1737 1519 1745 ¹

195 1749 301 1783 Ucbci·
324 1750 381 1784 das
405 1751 554 1783 Studium
580 1751 634 1784 des
656 1753 794 1785 Homers
817 1752 851 1786 in
871 1751 1003 1786 niedern
1022 1752 1091 1786 und
1113 1749 1234 1786 lzblzern
1256 1749 1398 1786 schusen.
1425 1751 1536 1800 Leipz.
1563 1753 1652 1793 1783.
1681 1747 1838 1792 (autstore

85 1804 174 1850 Aug.
190 1802 297 1836 Henr.
314 1802 447 1842 Schott,
476 1799 565 1837 Prof.
583 1801 725 1852 Stuttg.)

189 1854 411 1888 Drelincmtii
425 1855 568 1890 Achilles
583 1856 795 1892 Homericus,
822 1853 930 1903 Lugd.
947 1857 1015 1891 Bar.
1041 1858 1135 1901 1694.
1158 1868 1190 1900 4.

187 1908 238 1942 Io.
258 1907 361 1940 Henr.
381 1908 540 1941 Leda-lini
554 1904 635 1956 disp.
654 1905 828 1956 (respond.
847 1908 919 1944 Vlr.
935 1908 1162 1954 Marbachio‚)
1179 1907 1219 1944 de
1235 1907 1356 1957 clypeo
1374 1906 1510 1943 Achillis
1525 1918 1563 1940 ex
1578 1906 1725 1940 Homeri
1741 1901 1834 1938 Iliad.

86 1965 125 1997 Σ.
142 1966 217 2003 478-
246 1961 468 2004 Argentorati,
498 1970 590 2002 1704.
616 1971 648 2001 4.
702 1961 832 1996 Notum
856 1974 935 1995 vero
964 1960 1008 1995 est
1032 1957 1183 1996 seuerum
1210 1961 1366 2008 Scaligeri
1387 1958 1564 2000 iudicium,
1596 1959 1741 1993 Homeri
1765 1956 1835 2000 cly-

82 2025 182 2062 peum
201 2009 322 2046 friuola
339 2022 370 2046 et
384 2010 521 2060 puerilia
537 2014 717 2048 continere.
771 2014 842 2047 Iam
860 2027 940 2048 vero
955 2011 1180 2062 antiquissimis
1199 2013 1403 2062 temporibus
1420 2014 1526 2046 variae
1551 2011 1834 2059 interpretationes

82 2074 194 2100 enatae
211 2061 294 2099 sunt.
339 2064 458 2103 Dama,
474 2075 558 2112 quae
574 2063 640 2098 filia
661 2065 869 2114 Pythagorae
885 2066 1033 2108 habetur,
1052 2065 1259 2108 existimauit,
1277 2069 1309 2100 in
1325 2065 1446 2113 clypeo
1463 2065 1607 2099 Homeri
1626 2063 1725 2097 latere
1741 2071 1772 2096 et
1788 2062 1836 2095 in-

82 2117 185 2165 telligi
201 2115 317 2152 debere
332 2113 478 2164 αι’νιγμα
496 2131 734 2165 κοσμογονιας,
753 2120 798 2163 (ν.
813 2117 981 2164 Ειψαίὴὶἱ
995 2129 1179 2154 comment.
1204 2132 1237 2166 p.
1256 2130 1326 2161 ¹¹54
1343 2114 1405 2166 sq.)
1427 2115 1569 2163 Iustinus
1585 2128 1664 2150 vero
1680 2114 1831 2161 Illartyr,

77 2173 113 2204 in
126 2167 274 2204 Admon.
289 2167 329 2204 ad
341 2169 464 2204 Gentil.
479 2181 561 2217 p.21.
580 2179 611 2204 et
624 2170 767 2206 Clemens
778 2170 959 2205 Alexandr.
975 2172 1100 2207 Strom.
1118 2171 1222 2206 lib.V.
1242 2184 1272 2219 p.
1290 2176 1361 2215 598.
1380 2179 1548 2218 putarunt,
1575 2169 1768 2203 Homerum
1785 2166 1832 2199 hi-

80 2221 214 2257 storiam
231 2235 341 2257 rerum
359 2233 543 2256 creatarum
558 2219 745 2257 Mosaicam
764 2225 797 2257 in
813 2223 933 2272 clypeo
949 2221 1140 2272 expressiss‘e.
1177 2225 1227 2257 De
1250 2220 1369 2257 codem
1387 2231 1497 2256 autem
1513 2218 1606 2256 scuto
1621 2222 1727 2254 varios
1742 2220 1831 2253 varic

81 2277 174 2310 omni
193 2284 346 2322 tempore
361 2271 528 2322 cogitasse,
547 2272 634 2308 haud
649 2277 774 2310 mirum
792 2274 847 2311 esi.
893 2275 1055 2323 Scaliger,
1077 2275 1250 2312 Perraltus7
1272 2271 1456 2320 Tmrason,
1478 2274 1509 2309 la
1529 2275 1640 2308 Motte
1655 2272 1831 2320 culparum

79 2323 333 2375 descriptionem
350 2328 579 2370 homeric2m3
603 2339 703 2375 quarn
718 2325 896 2363 laudarunt
909 2338 941 2363 et
956 2327 1161 2362 vindicarunt
1178 2337 1275 2376 atque
1299 2326 1528 2375 explicuerunt
1544 2325 1698 2361 Dacica-ia
1723 2322 1763 2358 ad
1781 2322 1831 2358 lo-

80 2393 157 2415 cum
176 2381 319 2415 Homeri
342 2382 374 2414 in
389 2377 537 2414 versione
551 2379 690 2427 gallica,
717 2382 850 2429 eiusque
866 2382 1003 2415 maritus
1019 2383 1053 2414 in
1071 2377 1255 2415 Obseruatt.
1273 2378 1312 2414 ad
1330 2378 1509 2414 Aristotelis
1523 2388 1627 2412 artem
1644 2378 1828 2426 poeticam:

79 2442 151 2468 tum
162 2431 223 2467 Du
231 2433 351 2466 Freme
366 2434 397 2465 in
409 2431 575 2465 Par-allele
590 2432 632 2465 n'u
645 2433 795 2467 Bouclier
809 2431 967 2468 d’Asln'IIe
981 2433 1061 2466 dans
1080 2432 1101 2465 l’
1110 2433 1213 2466 Iliade
1233 2432 1411 2467 ci'Homerc
1427 2438 1456 2466 et
1472 2431 1599 2464 l‘lliade
1614 2431 1652 2465 dc
1667 2429 1828 2463 lamone.

80 2485 118 2520 In
131 2486 246 2534 primis
265 2481 401 2533 suscepit
417 2481 560 2519 caussam
578 2485 743 2528 Homeri,
769 2495 866 2534 atque
882 2487 917 2520 in
933 2485 1090 2535 exemplo
1108 2484 1284 2535 tabulaque
1300 2482 1398 2527 scuti,
1427 2486 1492 2519 aeri
1507 2480 1626 2526 incisa,
1652 2480 1828 2532 probabili-

1725 2542 1828 2568 tatem
