2183 2747
1423 153 1562 190 Lib.11.
1590 165 1613 191 c,
1627 165 1653 187 2.
1758 162 1811 196 34¹

62 164 248 200 νο1.1.ρ.16ς
734 159 922 196 HOMERI
974 157 1142 194 HYMNL

165 260 307 312 Philipp.
322 257 567 296 Melanchthon
583 255 722 307 scopum
739 258 902 308 poematis
918 252 980 292 effe
995 254 1168 295 existimat,
1195 262 1228 288 vt
1244 250 1360 289 odium
1377 251 1549 286 turbarum
1563 258 1595 284 et
1612 244 1809 283 seditionum

60 317 178 350 animis
197 314 378 363 legentium
393 311 576 348 instilletur.
628 311 754 346 Petrus
768 323 847 346 vero
863 309 894 344 la
906 310 993 344 Scine
1007 307 1061 346 lib.
1078 305 1118 342 de
1134 307 1306 356 Nepeuthe
1325 303 1469 340 Homeri
1484 316 1554 352 cap.
1572 315 1595 337 1.
1622 315 1653 350 p.
1675 312 1743 344 ¹34¹
1764 296 1810 348 sq.

59 378 142 403 tom.
158 368 212 402 xl.
227 364 364 403 thesaur.
381 367 514 414 Antiqq.
530 378 579 413 gr.
595 365 823 406 Gronouiani‚
850 372 959 411 putat,
986 362 1180 396 Homerum
1200 358 1240 394 ud
1258 359 1358 394 ricius
1381 368 1545 406 potusque
1567 355 1808 389 continemini]

59 423 193 456 iuuenes
217 415 353 455 voluisse
380 415 573 453 informare.
628 417 746 452 Latino
769 417 927 451 Carmine
949 412 1075 449 reddita
1098 426 1115 447 a
1139 414 1263 447 Simone
1287 411 1439 445 Lemnio:
1474 419 1504 444 et
1530 422 1546 443 a
1572 408 1684 441 Iacobo
1706 406 1809 439 Jialde

58 469 173 508 Iesuita
184 501 194 515 ,
222 472 414 512 monachii,
443 472 504 505 An.
524 474 613 514 1637.
631 482 675 506 12.
730 469 841 505 Cas-oli
856 477 1022 517 praeterea
1033 467 1166 502 Arnim·
1182 461 1410 513 Metaphrassn
1426 462 1529 497 latino
1545 462 1702 496 Carmine
1717 471 1810 493 com-

57 523 199 575 positam
220 535 387 560 memorat
408 524 554 558 Labbens
570 537 598 572 p.
617 526 669 567 67.
686 521 765 556 Bibl.
780 534 861 556 nou.
875 521 971 556 MSS.
986 517 1073 570 apud
1090 532 1190 568 quem
1207 532 1237 567 p.
1252 528 1323 552 201.
1352 515 1440 551 male
1455 515 1594 562 Alfium
1610 512 1730 560 legitur
1749 524 1810 559 pro

56 581 205 614 Aretino.
234 577 302 624 [De
318 576 372 611 illa
390 579 455 611 iam
473 588 567 611 antea
589 574 744 620 differui]
799 573 994 620 Enstathi'us
1017 585 1151 621 quoque
1173 566 1475 606 Thess'alonicensss
1495 561 1809 614 Archi-Episcopus

54 631 477 676 Batrachomyomachiam
493 630 740 664 commentario
758 623 926 662 illustrasse
947 623 1071 671 sertur;
1099 621 1153 660 sed
1167 636 1286 673 parum
1305 633 1392 658 certa
1409 618 1513 659 fama,
1545 630 1576 654 vt
1593 620 1707 654 notaui
1723 614 1809 652 infra

55 697 127 734 cap.
142 695 170 727 3.
198 684 250 718 vbi
271 686 371 719 etiam
387 680 427 718 de
442 680 592 718 versione
614 680 878 716 Graecobarbara
896 679 1057 714 Demetrii
1074 677 1156 711 Zem'
1174 690 1192 712 a
1218 677 1369 712 Martino
1389 672 1508 709 Crusio
1530 671 1664 719 tulgata
1685 680 1716 706 et
1738 668 1809 704 illu-

56 736 172 779 strata,
199 735 401 785 Gallicisque
417 736 580 770 Macaum
595 744 626 769 et
643 734 808 781 Royln'eri.
864 733 902 767 ln
921 727 1070 780 Caspaiis
1089 731 1252 766 Dornauii
1277 729 1532 778 Amphitheatro
1553 722 1727 774 sapientiae
1753 723 1810 758 So-

54 792 194 824 craticae
214 785 412 828 iocoseriae,
445 800 514 837 quo
535 790 568 822 in
591 799 694 836 opere
718 783 835 835 scripta
860 780 1030 833 ingeniosa
1050 782 1091 818 de
1117 783 1211 818 rebus
1231 779 1365 817 ludicris
1388 779 1570 828 vilibusque
1590 790 1620 813 et
1642 774 1810 825 paradoxa

55 845 210 877 encomia
224 852 280 878 aut
295 843 552 890 vituperationes
567 837 744 887 congessit,
768 841 880 888 primo
898 837 1005 873 statim
1022 835 1100 871 loco
1114 836 1220 871 Tom.
1240 835 1261 870 1.
1282 836 1416 881 ponitur
1430 830 1810 875 Batrachomyomachia

54 905 88 930 et
104 894 429 939 Galeomyomachia
446 906 562 941 graece
575 902 605 927 et
619 890 719 927 latine
736 904 773 926 ex
791 889 934 926 editione
950 889 1072 924 Albam·
1094 889 1216 924 Torini.
1275 887 1373 922 Tum
1397 898 1519 934 poema
1542 881 1690 920 eiusdem
1713 894 1809 929 argu-

54 950 158 982 menti
177 945 300 982 Parisiis
319 959 349 989 4.
368 945 497 992 pridem
514 944 638 980 editum
655 946 790 980 auctore
809 942 908 988 Elisto
926 941 1105 983 Gzlentino,
1127 951 1158 976 et
1174 937 1391 988 Metaphrafis
1408 936 1811 981 Batrachomyomachiae

55 1000 260 1036 Homericae
277 999 317 1034 ab
337 998 444 1034 chr.
463 1000 581 1038 Smctio
595 994 712 1047 scripta
730 994 870 1032 versibus
893 996 1057 1031 Heroieis.
1093 995 1229 1029 Hanou.
1254 996 1345 1038 1619.
1359 988 1422 1027 fol.

92 1086 202 1120 Hymni,
273 1088 329 1122 lv.
367 1087 548 1121 HYMNI
584 1085 720 1119 xxxn.
737 1081 769 1115 ¹¹)
801 1083 982 1130 [XXXnn.
1005 1085 1040 1117 in
1061 1081 1102 1117 cl.
1117 1080 1239 1117 Wolssi
1267 1079 1439 1126 editione,]
1462 1089 1607 1127 quorum
1629 1085 1692 1112 tres
1718 1074 1810 1123 [qua-

53 1138 145 1183 tuor]
165 1140 263 1186 primi
290 1142 324 1174 in
344 1138 560 1188 Apollinem,
595 1139 806 1173 Mercurium
831 1149 868 1171 ac
891 1137 1059 1171 Venerem
1084 1136 1130 1182 [et
1154 1133 1328 1180 Cererem]
1350 1132 1545 1182 prolixiores
1570 1127 1661 1171 sunt3
1693 1127 1807 1176 reliqui

52 1189 238 1234 breuiores,
263 1203 374 1227 vtrum
391 1192 585 1226 Homerum
605 1192 776 1226 aut-'iorem
795 1189 954 1230 habeant,
979 1185 1129 1222 similiter
1143 1190 1210 1223 iam
1231 1186 1314 1223 olim
1333 1187 1528 1233 ambiguum
1546 1181 1608 1218 suit
1625 1179 1662 1215 ‘).
1706 1182 1808 1220 Nam,

1035 1242 1095 1275 Vv
1121 1251 1137 1283 3
1774 1242 1807 1265 Vt

95 1328 133 1367 d)
155 1328 322 1360 Persuasum
336 1331 464 1371 antiquis
479 1328 554 1366 fuit,
580 1331 659 1360 Deos
675 1329 793 1364 hymnis
809 1329 902 1366 magis

51 1371 208 1409 delefhri,
239 1384 327 1414 quam
352 1373 508 1404 sacrificiis.
562 1373 678 1404 Scholia
704 1373 740 1402 ad
769 1371 852 1403 Iliad.
871 1370 902 1408 α’,

50 1425 123 1454 477.
146 1413 352 1453 διδκπκὸμεθκ,
374 1413 417 1445 ’ἔτι
434 1419 514 1445 πλέον
528 1417 579 1452 τῷν
594 1417 692 1445 &urii-fv
715 1418 854 1455 τίρποντα]
879 1415 903 1443 οἱ

51 1459 120 1488 Θεοί
137 1464 190 1488 τοῖς
211 1455 283 1488 idion
304 1461 398 1489 ἵκεις-ος
412 1459 511 1494 tanais.
534 1461 660 1492 Fabris.
707 1459 784 1490 conf.
802 1459 904 1491 Gred-

52 1502 124 1535 deck
146 1503 166 1533 1.
189 1515 228 1533 111.
247 1515 275 1546 p.
296 1514 322 1540 ¹3
337 1504 397 1546 sqq.
422 1505 474 1535 vbi
497 1507 586 1535 etiam
607 1504 644 1534 de
664 1503 832 1534 discrimine
849 1504 902 1538 hy-

52 1558 191 1577 mnorum
207 1548 407 1589 Orphicorum
433 1557 520 1590 atque
537 1551 767 1579 Homericorum
788 1550 903 1586 agitur3

51 1599 140 1632 atque
161 1603 189 1632 p.
211 1602 258 1621 20.
276 1594 506 1623 Homericorum
529 1594 710 1628 hymnorum
733 1593 789 1622 hoc
810 1590 904 1622 veluti

51 1634 201 1676 peculiare
222 1646 254 1664 ac
278 1638 434 1677 proprium
457 1639 497 1667 ita
519 1639 722 1673 constituitur,
753 1644 785 1666 vt
808 1645 904 1666 vnum

51 1683 176 1709 tantum
198 1681 332 1710 miminis
348 1679 492 1719 finium,
515 1691 578 1712 vna
598 1680 716 1721 falmia
743 1679 788 1711 aci
815 1679 904 1710 dmm

48 1722 226 1762 pertinens,
249 1725 290 1753 ita
311 1732 464 1760 narretur,
499 1733 550 1761 vt,
581 1725 601 1755 fi
622 1726 770 1766 principio
792 1732 821 1753 et
844 1724 902 1752 fine

50 1776 167 1795 carmen
183 1768 300 1807 priues,
325 1776 440 1798 mancat
453 1767 516 1798 fere
529 1767 694 1798 absolutum
710 1778 802 1809 opus,
826 1766 901 1797 scili-

50 1817 96 1839 eet
109 1811 170 1846 rei,
193 1820 210 1839 a
224 1812 346 1841 numine
364 1812 474 1849 gestae,
498 1814 637 1842 continua
662 1814 810 1847 narratio,
839 1813 900 1853 epi-

51 1863 154 1883 torum
171 1860 326 1894 poetarum
343 1865 427 1884 more
443 1854 567 1896 prolata.
592 1855 686 1886 Harl.
824 1862 827 1864 '

95 1906 122 1932 e)
146 1899 189 1927 De
213 1898 330 1931 hymnis
351 1907 485 1927 veterum
506 1910 679 1937 graecorum
700 1898 770 1929 vide
795 1898 900 1929 Fride-

49 1941 106 1971 ric.
123 1939 303 1981 Snedorsin
319 1941 407 1971 doeio
423 1941 535 1978 libello,
559 1942 596 1973 de
610 1942 747 1983 Hymuis
761 1946 900 1972 veterum

47 1992 236 2025 graecorum
250 2007 258 2019 ‚
283 1984 409 2014 Hasuiae
432 1994 461 2016 et
484 1987 613 2027 Lipsiae,
639 1990 718 2023 1786.
737 1992 760 2019 ε.
785 1988 836 2026 qui
856 1994 898 2016 ta-

49 2034 117 2058 men
138 2028 305 2058 homericos
328 2029 454 2063 hymnos
477 2029 596 2071 prorsus
619 2031 743 2060 11113805
765 2028 898 2059 consulto

50 2070 189 2113 reliquit,
215 2079 243 2101 et
258 2083 333 2113 quae
349 2072 434 2114 supra
449 2074 486 2103 ad
502 2073 552 2103 lib.
567 2076 589 2105 Ῑ.
612 2084 674 2115 cap.
691 2080 729 2107 18.
744 2085 773 2115 p.
792 2082 839 2109 152
857 2073 897 2114 sq.

49 2114 188 2145 adnotata
211 2115 284 2146 sunt.
330 2118 431 2146 Nemo
451 2125 548 2147 tamen
569 2117 604 2147 de
629 2119 745 2152 hymnis
767 2118 898 2147 homeri-

49 2160 90 2189 cis
105 2159 210 2189 melius
225 2160 265 2188 est
279 2162 413 2196 meritus,
437 2172 524 2201 quam
541 2161 592 2191 cel.
612 2160 768 2192 Ruhnken.
786 2163 815 2191 111
831 2163 898 2203 Epi-

50 2201 121 2232 stola
136 2205 236 2232 critica
250 2206 271 2233 1.
296 2206 325 2233 in
349 2205 578 2234 Honieridarum
604 2206 729 2240 hymnos
753 2213 781 2234 et
795 2206 898 2234 Helio-

49 2243 137 2283 dunt,
161 2246 310 2285 (Lugduni
329 2248 390 2277 Bat.
408 2258 491 2286 1749-
509 2254 533 2281 8.
556 2260 644 2290 quam
666 2247 760 2279 multo
782 2248 896 2278 doctio-

82 2300 111 2319 m
139 2298 168 2320 et
196 2290 422 2332 locupletiorem
454 2292 554 2322 recudi
582 2291 652 2322 fecit
683 2294 748 2334 post
769 2295 896 2323 Homeri

80 2342 200 2367 ymnum
224 2337 254 2363 in
273 2337 429 2371 Cererem,
454 2336 546 2373 Lugd.
562 2337 623 2366 Eat.
640 2342 719 2374 ¹732·
743 2340 782 2371 8.)
807 2345 894 2377 atque

75 2398 83 2405 -
98 2376 216 2418 Gortsr.
231 2377 380 2420 Erneflus
396 2380 559 2416 Grodaek,
584 2382 612 2409 in
637 2382 894 2410 Commentatione

99 2422 288 2455 Hymnorurn
304 2422 525 2453 homericorum
549 2423 700 2465 reliquiis,
724 2420 893 2462 Gottingae,

63 2467 129 2500 786.
145 2471 170 2497 s.
216 2465 315 2494 Hodie
340 2476 412 2496 vero
433 2466 530 2507 plures
555 2468 698 2498 homerici
721 2468 823 2502 hymni
841 2479 894 2497 nu-

113 2516 215 2544 antur,
240 2519 329 2548 quam
343 2511 463 2541 ΧΧΧΠ.
497 2512 646 2542 Barmfius
663 2511 783 2552 quidem
798 2514 829 2541 in
845 2511 895 2541 sua

957 1327 1090 1358 editione
1117 1334 1252 1356 numerat
1277 1327 1412 1356 ΧΧΧῙΙΙ.
1438 1323 1484 1353 scd
1506 1322 1574 1352 vide
1591 1328 1692 1350 notam
1714 1317 1806 1353 illius,

957 1383 984 1414 p.
1005 1378 1050 1409 87.
1075 1378 1163 1413 atquc
1177 1371 1288 1400 Ernesti
1305 1371 1334 1398 in
1350 1368 1399 1399 sua
1414 1367 1546 1398 editione
1562 1363 1710 1399 vltimun),
1724 1361 1805 1403 quod

956 1415 1110 1445 addiderat
1129 1415 1298 1450 Barnefius,
1321 1412 1428 1442 omisit.
1474 1413 1510 1440 At
1531 1420 1546 1439 e
1567 1409 1668 1438 codice
1690 1406 1806 1437 Mosco-

956 1460 1048 1490 vienfi
1065 1458 1217 1489 sedulitate
1233 1457 1267 1487 cl.
1284 1455 1445 1488 Matthaei
1466 1462 1566 1484 erutus
1587 1454 1625 1482 est
1643 1451 1683 1482 H.
1706 1452 1737 1481 in
1761 1449 1808 1480 Io-

955 1513 1047 1540 vem,
1070 1503 1106 1532 de
1132 1513 1192 1544 quo
1215 1503 1315 1544 postea
1334 1499 1430 1531 sermo
1451 1500 1526 1534 erit,
1556 1507 1620 1527 cum
1643 1495 1808 1533 fragmento

957 1547 998 1578 H.
1014 1548 1046 1578 in
1062 1546 1234 1584 Bacch-imi,
1257 1555 1332 1586 quos
1352 1545 1463 1586 recepit
1483 1540 1536 1572 cel.
1553 1538 1646 1580 IVolf
1665 1541 1740 1569 inter
1753 1538 1806 1572 hy-

957 1602 1042 1621 mnos
1059 1591 1245 1625 homericos,
1270 1589 1305 1619 ad
1328 1587 1434 1618 calcem
1453 1589 1544 1617 Hom.
1560 1581 1721 1618 Odysseae,
1745 1583 1806 1612 Ha-

956 1634 1019 1671 lae,
1041 1641 1124 1672 1784.
1142 1641 1166 1668 8.
1188 1642 1215 1663 et
1231 1632 1343 1663 addidit
1367 1630 1448 1661 aliud
1461 1629 1582 1670 Hymni
1603 1629 1634 1658 in
1648 1625 1806 1658 Bacchum

957 1678 1174 1718 fragmentum,
1197 1688 1213 1707 a
1235 1677 1372 1708 Diodoro
1397 1674 1562 1709 seruatum,
1593 1669 1674 1712 quod
1702 1670 1807 1698 hucus-

957 1733 1014 1764 que
1030 1725 1107 1753 inter
1122 1724 1248 1752 Homeri
1265 1720 1426 1759 fragmenta
1442 1717 1536 1748 latuit.
1575 1717 1741 1745 Homerum
1759 1722 1804 1742 ce-

955 1766 1054 1798 cinisse
1069 1767 1212 1802 hymnos,
1237 1764 1322 1807 plane
1338 1764 1437 1801 negari
1452 1772 1511 1791 uon
1524 1759 1635 1802 potest3
1659 1756 1719 1793 scd,
1734 1767 1806 1786 num

926 1818 929 1819 ’
954 1821 1074 1847 omnes,
1098 1815 1143 1846 (vt
1157 1817 1273 1852 putarat
1289 1806 1422 1849 l’ausan.
1440 1808 1540 1835 Boeot.
1557 1814 1618 1844 cap.
1636 1805 1696 1837 30.)
1717 1800 1806 1830 adeo-

955 1865 1012 1896 que
1028 1857 1070 1891 ii,
1093 1857 1145 1895 qui
1164 1853 1253 1883 hodie
1269 1852 1320 1882 sub
1335 1862 1397 1881 eius
1412 1851 1530 1880 nomine
1546 1844 1805 1879 circumferuntur,

954 1898 1039 1929 illum
1068 1899 1225 1927 habuerint
1255 1896 1424 1930 aneton-m,
1454 1894 1581 1922 maxime
1608 1888 1803 1920 dubitandum

954 1943 1010 1977 est,
1033 1941 1179 1984 plurimos
1195 1949 1271 1970 certe
1287 1938 1341 1969 effe
1356 1937 1474 1968 serioris
1490 1937 1610 1970 aetatis,
1634 1935 1666 1964 fit
1678 1931 1802 1963 manife-

954 1987 1036 2016 stum.
1078 1988 1248 2024 Fragmenta
1268 1985 1464 2022 gemimorum
1480 1981 1606 2011 Homeri
1622 1978 1802 2012 hymnorum

953 2029 1042 2060 inesse
1061 2029 1194 2071 possunt,
1219 2038 1294 2069 quae
1319 2025 1370 2056 alii
1394 2027 1510 2060 hymnis
1532 2023 1588 2054 suis
1610 2022 1802 2055 intexuerim,

952 2084 1057 2115 atque,
1086 2072 1212 2103 feliciter
1235 2070 1379 2101 imitando
1401 2077 1429 2099 et
1449 2076 1573 2111 propter
1596 2065 1717 2104 longum
1734 2074 1800 2094 cum

953 2119 1072 2156 ingenio
1094 2117 1217 2157 stiloque
1241 2116 1366 2146 Homeri
1390 2113 1491 2149 Vsum,
1521 2112 1595 2142 bene
1614 2107 1801 2150 adsequendo

953 2172 1074 2191 veneres
1089 2164 1270 2200 virtutesque
1286 2159 1421 2188 carminis
1444 2157 1607 2191 humerici,
1631 2156 1670 2184 ita
1694 2150 1800 2184 retule-

951 2207 1011 2235 rint
1043 2205 1191 2238 formam,
1230 2212 1262 2233 vt
1290 2201 1335 2231 vel
1367 2200 1586 2242 antiquioribus
1615 2195 1799 2239 temporibus

950 2252 1038 2278 etiam
1061 2248 1222 2285 sagaciores
1245 2246 1358 2286 decepti
1380 2245 1596 2274 adducerentur
1622 2241 1658 2271 ad
1679 2240 1799 2270 creden—

949 2293 1038 2328 dum,
1073 2295 1239 2322 Homerum
1271 2290 1319 2319 vel
1350 2288 1562 2319 nonnullorum
1593 2285 1638 2316 vel
1666 2284 1798 2326 plurium

947 2335 1032 2366 fuisse
1047 2343 1206 2377 parentem.
1253 2335 1330 2364 Hinc
1344 2332 1443 2364 Lilius
1461 2330 1624 2373 Gyraldus
1646 2328 1681 2358 de
1703 2329 1798 2369 pecti-

948 2391 980 2409 ca
998 2381 1136 2415 historia,
1157 2377 1264 2416 dialog.
1283 2388 1309 2408 2.
1333 2378 1460 2411 hymnos
1483 2382 1605 2417 propter
1626 2372 1741 2402 dicendi
1764 2371 1796 2400 ti-

948 2423 1010 2453 lum
1025 2434 1083 2452 non
1100 2425 1196 2452 minus
1212 2432 1299 2463 quam
1314 2423 1450 2451 carminis
1470 2419 1647 2449 maiestatem
1663 2418 1797 2446 Homero

948 2466 1043 2496 censet
1059 2466 1282 2500 adscribendos,
1306 2465 1373 2500 etsi,
1397 2473 1429 2494 vt
1445 2466 1503 2499 ait,
1527 2459 1676 2491 nonnullis
1697 2462 1727 2489 111
1752 2457 1795 2487 10-

949 2513 989 2541 tis
1009 2509 1147 2541 mendose
1170 2519 1335 2553 parumque
1359 2509 1492 2546 castigate
1515 2506 1658 2544 legantur.
1719 2504 1795 2532 Hinc

1707 2555 1795 2576 ettam
