2071 2747
80 126 377 178 Q
680 124 923 162 ISOCRATis
955 123 1222 159 onix‘riotffis
1329 121 1465 157 Lib.l1.
1480 119 1664 157 amatr.
1769 125 1836 163 739

85 226 133 272 ις)
161 224 241 275 Περὶ
258 222 321 266 τῆς
336 216 558 264 almachio-scor,
582 218 650 257 siue
665 220 703 255 de
713 222 947 267 pro-mutatione
957 219 1179 267 facultatum,
1205 230 1282 252 cum
1301 231 1316 252 a
1331 215 1529 262 Lysimacho
1546 214 1613 249 dics
1629 212 1732 249 dit‘lus
1753 210 1832 248 esset

186 274 368 313 secundum
387 275 498 323 legem
515 271 748 309 Atheniensem
763 271 814 306 W)
830 272 880 309 vel
899 269 1195 323 permutandarum
1217 284 1292 305 Cum
1313 269 1510 314 Lysimacho
1532 264 1747 307 facultatum,
1775 264 1827 300 vel

184 326 374 370 obeundae,
409 326 514 376 (quod
535 323 640 370 fecit.)
661 328 877 362 trierarchiae.
937 323 1048 360 Multa
1065 322 1106 360 de
1127 321 1237 359 studiis
1262 319 1323 357 suis
1351 324 1380 357 in
1407 323 1466 356 hac
1492 322 1640 355 oratione
1661 315 1829 358 lsocrans,

185 381 292 417 multa
310 378 351 415 de
373 379 585 429 improbitate
602 376 896 426 sycophantarum.
950 379 1075 427 Scripta
1098 375 1171 426 post
1192 374 1388 422 Olympiad.
1404 375 1477 409 CV.
1505 371 1628 409 Fam-w.
1670 367 1762 406 cons.
1785 370 1825 404 cl.

189 433 292 477 W⁰lfi
309 432 504 482 prolegom.
531 430 571 467 ad
598 430 831 467 Demosthenis
857 440 941 467 orat.
963 426 1117 466 aduersus
1140 430 1313 476 Leptinen]
1334 441 1365 476 p.
1387 438 1448 469 ¹23·
1463 425 1504 461 de
1520 421 1680 467 antidosi,
1705 432 1737 459 et
1755 430 1827 458 not.

184 493 247 528 1¹8·
263 485 303 521 de
317 498 418 527 anno,
441 498 510 534 quo
526 481 642 533 scripta
657 483 701 519 est
718 485 799 520 haec
816 481 966 520 lsocratis
991 483 1116 524 oratio,
1143 483 1222 517 circ.
1241 481 1382 529 Olymp.
1401 480 1488 513 CV1.
1514 477 1614 513 Harl.

84 582 139 629 16)
167 582 249 632 fleg>
266 583 313 621 τέ
329 578 474 630 ζεόγες,
495 579 536 616 de
551 580 634 628 bigis
651 592 838 629 equorum,
865 575 956 628 quod
979 589 1031 613 eas
1048 579 1081 612 in
1103 575 1273 625 Olympiis
1289 589 1307 610 a
1327 576 1458 610 ciuitate
1477 575 1678 621 Argiuorum
1696 571 1825 608 emerit.

185 647 256 670 non
271 634 384 670 Tifiae
399 634 554 683 eripuerit
569 631 762 667 Alcibiades.
815 633 912 668 Dicta
929 629 973 666 est
988 643 1006 665 a
1022 628 1094 665 filio
1109 627 1302 669 Alcibiadis,
1325 629 1391 663 iam
1407 623 1551 662 defuncti
1565 653 1574 667 ,
1601 627 1691 659 cuius
1713 619 1826 657 defen·

182 684 314 722 fionem
347 700 385 721 ac
410 684 543 727 laudes,
575 683 759 734 populique
786 682 946 720 inuidiam
977 679 1189 732 persequitur.
1242 682 1371 716 Citatut
1396 693 1414 714 a
1440 678 1632 716 Plutarcho,
1661 672 1826 711 Alcibiade

182 751 261 789 pag.
280 741 351 786 196.
376 748 407 774 et
425 738 593 775 Athenaeo
610 740 653 773 V.
676 751 710 787 p.
726 749 787 785 215.
840 735 904 773 Sed
919 733 1006 787 apud
1023 736 1178 771 Photium
1195 731 1270 769 cod.
1287 732 1403 768 CLIX.
1419 733 1549 768 mentio
1565 730 1662 764 huius
1676 737 1759 764 orat.
1774 738 1828 762 ex-

182 790 271 828 cidit.

80 888 132 933 ¹7)
156 883 429 938 Τραπεζιτικός,
454 889 573 928 oratio,
600 899 617 921 a
632 886 751 934 Sopaei
767 883 832 921 siue
846 885 1012 933 Sinopaei,
1035 882 1106 919 filio
1120 880 1218 922 dieta,
1241 893 1304 930 pro
1320 877 1451 916 summa
1465 879 1592 927 argenti
1608 874 1696 927 apud
1710 877 1754 916 ⁴¹)
1769 875 1827 910 Pa.

181 939 324 982 sionem,
349 941 556 989 trapezitam,
579 937 744 989 deposita,
771 951 849 972 curn
870 947 961 986 pater
979 935 1066 987 apud
1088 936 1264 980 Satyrum,
1297 935 1392 969 Ponti
1418 933 1622 982 principem,
1656 927 1697 964 de
1721 939 1826 975 regno

183 989 340 1029 affectato
365 990 491 1028 delatus
514 989 609 1031 effet,
637 1004 739 1041 quam
765 989 856 1026 Pasto
879 989 992 1040 poslea
1019 984 1176 1038 accepiffe
1197 984 1230 1022 se
1250 988 1396 1034 negauit.
1458 985 1532 1019 Hac
1556 983 1707 1018 oratione
1726 981 1826 1015 vtitur

183 1043 366 1090 Dionyfius
383 1041 536 1080 aduersus
553 1043 763 1079 Aristotelem
783 1054 880 1092 atque
897 1044 1106 1091 Apliareum‚
1133 1042 1189 1090 qui
1204 1041 1369 1075 orationes
1386 1033 1534 1072 Isocratis
1558 1034 1638 1070 vllas
1659 1031 1826 1068 iudiciales

177 1094 274 1133 fuisse
289 1108 471 1146 negarunt,
498 1097 614 1146 quibus
628 1095 824 1132 contradixit
845 1093 992 1130 Isocratis
1016 1091 1193 1142 discipulus
1216 1089 1456 1138 Cephisodorus.
1515 1089 1553 1122 In
1576 1083 1651 1122 Isaei
1676 1085 1829 1121 oratione

181 1152 256 1186 VH.
279 1163 363 1200 quae
377 1149 421 1185 est
435 1148 475 1185 de
495 1151 627 1185 Cironis
643 1147 820 1184 heredirate
846 1147 902 1195 [if]
923 1157 955 1182 et
976 1149 1010 1182 in
1034 1147 1224 1195 trapezitico
1238 1141 1387 1178 Isocratis
1400 1140 1495 1191 plura
1517 1137 1634 1175 eadem
1653 1137 1741 1188 legi,
1767 1148 1829 1172 no-

180 1212 227 1239 tat
245 1204 448 1252 Porphyrius
463 1200 552 1251 apud
566 1201 737 1250 Etfibium
755 1202 792 1236 X.
806 1214 833 1246 3.
849 1203 1031 1250 Praeparat.
1046 1199 1098 1234 vbi
1117 1198 1205 1233 male
1223 1193 1374 1234 Κύλωνος
1387 1207 1450 1244 pro
1467 1194 1615 1243 Κῖξωνσς.

78 1298 131 1345 18)
158 1295 447 1351 ΠαξοιΎξοιφικὲς
461 1293 548 1348 πρὲς
564 1298 823 1346 Καλλίμαχον,
849 1306 963 1331 contra
985 1292 1233 1329 Callimachum
1255 1288 1456 1342 quemdam,
1487 1291 1543 1338 qui
1567 1294 1696 1337 praeter
1714 1282 1828 1331 Iegem

180 1350 353 1402 οἰμνηςιάς
369 1366 386 1387 a
402 1348 620 1396 Thrasybulo
635 1349 756 1392 latam,
779 1362 816 1384 ac
832 1359 960 1398 praeter
973 1344 1043 1389 sas,
1069 1343 1178 1381 nescio
1202 1347 1276 1385 cui,
1304 1343 1392 1379 diem
1415 1341 1541 1378 dixerat
1563 1340 1604 1375 de
1629 1338 1746 1386 ereptis
1768 1333 1825 1369 sibi

179 1402 237 1440 sub
256 1407 388 1453 triginta
403 1415 625 1449 tyrannorum
643 1404 785 1451 imperio
803 1403 957 1449 pecuniis.
1010 1400 1109 1434 Hauc
1124 1400 1311 1433 orationem
1329 1395 1414 1443 Isari
1429 1391 1504 1436 esse,
1529 1406 1568 1429 ex
1585 1389 1825 1438 Harpocratio-

179 1470 222 1492 ne
241 1459 273 1492 in
289 1456 391 1495 Ῥίνων
407 1452 556 1492 obseruat
571 1455 708 1489 Fuluius
720 1453 864 1499 Vtfinus
879 1456 910 1487 in
925 1451 1067 1500 Virgilio
1091 1464 1168 1486 cum
1183 1451 1308 1498 graecis
1325 1445 1533 1497 scriptoribus
1549 1444 1685 1483 collato,
1698 1454 1733 1490 p.
1752 1451 1825 1485 230.

179 1520 211 1545 et
233 1510 271 1544 ab
295 1507 458 1544 Isocrateo
483 1506 612 1543 dicendi
634 1519 755 1555 genere
778 1504 872 1540 valde
893 1503 1053 1540 diffidere.
1106 1501 1141 1538 ld
1159 1501 1269 1537 videre
1287 1499 1317 1536 se
1332 1511 1431 1550 negat
1447 1496 1730 1545 Schurzfleischius
1752 1503 1826 1539 cap.

179 1564 235 1598 111.
251 1559 435 1597 Obseruatt.
452 1559 491 1595 ad
511 1562 714 1608 Longinum.
765 1555 950 1594 Mauffacus
967 1555 1054 1605 apud
1072 1557 1373 1604 Harpocrationem
1392 1564 1454 1601 pro
1470 1550 1560 1597 Isaeo
1585 1557 1699 1584 contra
1719 1543 1823 1579 fidem

183 1612 338 1650 codicum
356 1611 498 1661 reposuit
518 1625 645 1647 nomen
661 1609 820 1653 Isocratis,
839 1622 870 1646 et
886 1606 1095 1645 Mautl'acum
1116 1605 1266 1656 sequutus
1281 1605 1324 1641 est
1341 1604 1666 1640 lacob.Gronouius.
1693 1594 1824 1645 [Schol-

179 1668 222 1705 ad
239 1666 467 1715 Aristophanis
484 1667 515 1702 N
519 1665 572 1701 ub.
592 1675 674 1708 1134.
693 1659 808 1699 diserte
825 1663 963 1710 Isocrati
978 1662 1087 1697 tribuit
1105 1659 1198 1696 illam
1215 1657 1429 1704 orationem]

73 1764 128 1814 19)
150 1759 370 1810 ΔῖῪινητικᾶς.
426 1763 564 1803 Oratio,
585 1758 674 1809 apud
690 1761 866 1808 Aeginetas
882 1756 987 1795 dicta,
1016 1769 1078 1805 pro
1101 1758 1210 1791 amico
1234 1765 1268 1790 et
1289 1752 1390 1790 adfini
1412 1747 1659 1796 Thrasylochi‚
1693 1747 1745 1780 cui
1767 1744 1824 1779 hic

178 1829 258 1865 opes
277 1813 345 1850 suas
362 1815 550 1862 legauerat‚
578 1813 679 1848 altera
693 1809 806 1848 sorore
822 1809 1061 1858 semigermana
1079 1811 1297 1857 impugnante
1320 1805 1562 1842 testamentum.
1618 1801 1743 1839 Locus,
1768 1795 1823 1830 vbi

177 1865 282 1904 deetl'e
299 1865 462 1902 nonnulla
480 1876 637 1900 notantur
655 1868 688 1899 in
706 1867 879 1912 margine,
907 1866 950 1897 ita
967 1861 1011 1897 est
1026 1860 1203 1909 legendus:
1230 1856 1289 1898 ’ὁτε
1305 1854 1337 1897 δὲ
1355 1859 1508 1896 Πασίνες·
1519 1849 1640 1902 παρών
1664 1850 1826 1890 κατ-ἕλοι-

180 1920 243 1965 βεν
259 1930 319 1955 etc.
373 1916 458 1953 Vide
480 1919 546 1951 Jac.
562 1918 765 1952 Gronouium
786 1915 825 1952 ad
843 1918 1042 1964 Harpocrat.
1064 1927 1096 1963 p.
1115 1915 1176 1949 106
1195 1909 1240 1961 sq.
1265 1923 1321 1956 134
1341 1908 1386 1960 sq.
1414 1910 1538 1944 Fam-ic.
1593 1905 1768 1940 Coi-rectio
1791 1909 1827 1936 et

180 1973 356 2024 explicatio
379 1972 444 2007 loci
469 1967 640 2004 cuiusdam
656 1971 816 2019 reperitur
833 1971 867 2004 in
882 1967 1007 2004 Histor-
1024 1964 1115 2002 acad.
1130 1962 1223 2001 Paris.
1244 1961 1390 2012 Inscript.
1410 1960 1487 1998 edit.
1506 1956 1644 1996 Amssel.
1665 1965 1751 1992 tom·
1763 1954 1824 1988 VI-

175 2040 252 2078 pag.
271 2037 333 2071 279
354 2044 399 2050 —
419 2030 491 2064 282.
524 2022 624 2056 Harl.

74 2124 131 2170 20)
158 2119 267 2161 Κατοὶ
298 2122 339 2160 r}
364 2120 522 2167 Λοχίτε,
553 2113 610 2152 sub
632 2113 770 2165 persona
792 2117 878 2159 eius,
908 2116 964 2164 qui
989 2129 1006 2150 a
1029 2115 1164 2149 Lochita
1187 2107 1335 2162 quodam
1357 2107 1544 2146 verberibus
1563 2103 1762 2142 mulctatum
1786 2096 1823 2136 se

175 2178 399 2223 conqueritur.
454 2173 569 2219 Neque
584 2171 651 2205 hoc
668 2166 843 2205 serendum
861 2165 925 2203 esse
943 2169 979 2202 in
1000 2165 1222 2204 democratia,
1247 2163 1325 2200 licet
1340 2171 1510 2213 pauperet
1531 2160 1634 2197 tenuis
1657 2153 1821 2192 conditio-

177 2232 226 2264 nis
247 2227 303 2270 fit,
335 2228 390 2276 qui
410 2223 592 2274 vapulauit.

877 2297 938 2347 Gg
954 2308 1006 2346 gg
1022 2308 1047 2345 g
1072 2306 1092 2339 ³
1531 2291 1580 2335 ιιι)
1605 2267 1830 2338 ’Λμοῖςτυςσὲ

112 2398 172 2451 pp)
190 2409 267 2441 Vide
283 2407 370 2439 Sam.
388 2405 523 2437 Petitum
543 2403 579 2434 ad
595 2402 673 2442 leges
689 2403 796 2434 Atticas
809 2412 839 2444 p.
855 2404 915 2439 269
1016 2399 1074 2441 qq)
1109 2400 1153 2429 De
1181 2397 1240 2427 hoc
1268 2396 1387 2428 Pafione
1420 2394 1632 2426 Demosthene·
1662 2397 1737 2423 orat·
1762 2396 1820 2430 pr·

70 2453 113 2499 sq·
133 2452 326 2496 S‘hefferum
339 2451 375 2481 de
391 2449 498 2480 mffi‘ssa
512 2446 612 2479 nauali
625 2449 678 2479 IV·
695 2451 724 2477 ⁶·
964 2444 1146 2478 Phormione
1161 2449 1191 2473 et
1214 2447 1291 2474 orat·
1306 2449 1409 2473 conti-a
1423 2437 1604 2481 Callippum.
