2183 2747
327 191 393 237 ·162
445 188 519 225 Lib.
530 188 579 226 ΙΙ.
596 199 620 225 c.
632 199 673 227 12.
725 183 1046 224 PYTHAGORAE
1079 183 1242 221 AETAS.
1292 184 1575 222 EPIMETRON
1603 185 1644 221 11.
1670 187 1729 222 ΙΙΙ.
1757 186 1832 222 1111.

329 284 459 324 scholas
495 286 643 322 habuerit
674 285 894 333 Pythagoras.
962 280 1037 316 Post
1062 278 1252 315 incendium
1275 280 1507 329 Cqunianum
1532 281 1628 318 illum
1651 280 1804 319 secessisse
1829 284 2085 333 Metapontum,

332 340 461 390 ibique,
489 338 677 384 (Cicerone,
709 335 749 372 de
765 337 868 372 Finib.
889 337 929 368 V.
945 346 972 369 2.
991 332 1127 382 aliisque
1144 332 1300 378 testibus)
1315 332 1403 368 haud
1419 334 1530 370 multo
1546 334 1639 384 post⁷
1668 333 1831 372 senectute
1855 346 1886 372 et
1913 334 2087 383 aegritudi-

332 407 376 431 ne
401 389 614 434 confee‘lum,
646 386 756 426 obiisse
783 387 872 424 diem
897 383 1090 435 supremum
1115 399 1203 421 anno
1235 387 1346 421 aetatis
1365 388 1511 423 Lxxlx.
1539 398 1612 430 aut,
1646 386 1828 424 secundum
1861 387 2089 435 Heraclidem,

333 447 465 482 LXXX.
484 460 500 480 a
518 459 547 495 p.
563 456 622 488 334
640 463 689 469 —
706 454 771 485 341.
788 439 935 476 indicatis
953 437 1098 475 aliorum
1113 439 1372 480 narrationibus,
1401 442 1552 476 euincere
1567 439 1683 478 studet.
1739 441 1841 491 Qod
1860 454 1941 477 vero
1958 440 2013 477 alii
2035 453 2089 476 ve„

332 508 416 535 teres
434 496 654 537 tradiderunt,
681 496 908 541 Pythagoram
928 490 1048 527 diutius
1067 488 1178 527 vixiss'e
1197 502 1229 527 et
1244 490 1295 527 vel
1313 505 1437 528 aunum
1455 495 1590 530 vau,
1605 492 1771 543 adtigiffe,
1801 497 1833 530 in
1858 508 1898 530 eo
1916 494 1968 530 vel
1991 490 2091 530 erras·

335 549 367 587 se
386 551 460 587 illos
476 561 592 600 putant
610 550 731 589 critici,
758 545 830 589 vel,
861 547 903 580 vti
921 543 1124 580 Dodwellus
1139 542 1329 586 contendit,
1356 543 1425 580 duo
1448 546 1653 596 Pythagoras
1674 545 1737 583 esse
1762 545 1938 589 consusOS,
1971 560 2090 582 anuos.

335 618 399 654 quc
422 606 557 639 iunioris
578 603 806 648 Pythagorae,
833 595 1004 646 discipuli,
1039 595 1275 633 adnumeratos
1299 594 1362 633 ess'e
1386 602 1481 634 aetati
1507 596 1653 636 senioris.
1706 599 1769 636 Sed
1794 613 1927 642 verens,
1953 612 1994 635 ne
2017 598 2089 634 lon.

336 660 430 707 giore
447 652 649 692 diuersarum
666 649 901 687 sententiarum
919 653 1155 699 rationumque
1168 652 1420 686 enumeratione
1437 650 1517 688 fiam
1532 651 1711 696 molestus,
1740 655 1793 688 hic
1810 650 1987 688 subfissmu,
2040 653 2090 686 Ex

335 713 372 746 iis
392 722 489 754 vero,
516 720 598 757 quae
616 704 738 751 adtuli,
760 703 902 739 ledtores
918 716 977 746 ea,
1003 716 1092 752 quae
1102 702 1266 738 Fabricius
1283 705 1317 738 in
1333 713 1491 741 contextu
1509 704 1646 754 adtigit,
1678 702 1775 740 facile
1793 705 1977 754 meliusque
1998 714 2090 754 pote.

334 773 412 799 runt
428 760 589 810 explicare
607 769 704 808 atque
725 754 914 794 diiudicare.
968 753 1136 808 Equidem
1161 757 1194 791 in
1216 752 1373 792 sententia
1397 754 1586 809 iudicioque
1608 756 1780 794 Meinersri
1803 770 1841 793 ac
1863 756 2089 793 Tiedemanni

322 811 551 866 .acquiescam.
577 811 681 847 Harl.

1594 907 1615 915 a

1013 913 1311 945 EPIMETRON
1347 915 1412 944 111.

436 986 620 1022 Thaletem
650 981 746 1021 suisse
770 984 982 1033 Pythagorae
1004 982 1220 1033 magistrum,
1248 983 1392 1033 vulg-«ris
1418 982 1553 1034 quidem
1570 982 1615 1019 est
1631 986 1766 1034 opinio:
1787 993 1837 1026 at,
1858 982 1949 1034 quod
1967 981 2007 1019 ad
2022 995 2091 1018 ma-

335 1042 551 1077 thematicam
568 1040 710 1089 pertinet
726 1039 869 1086 Pythag.
892 1034 1080 1079 scientiam,
1109 1037 1285 1072 Iamblicho
1302 1039 1334 1072 in
1349 1037 1454 1080 libro,
1479 1035 1519 1072 de
1541 1038 1776 1073 mathematica
1798 1039 1974 1073 communi
1999 1032 2091 1072 disci-

333 1094 446 1144 plina,
476 1095 531 1142 qui
548 1092 592 1128 est
611 1094 723 1128 tertius
739 1089 822 1126 liber
836 1089 984 1126 eiusdem
1005 1092 1343 1126 Commentariorum
1364 1088 1404 1126 de
1427 1091 1649 1138 Pythagorica
1674 1087 1776 1133 secla,
1804 1090 1843 1124 ab
1865 1089 1912 1127 ill.
1934 1087 2092 1137 Villoiso-

335 1148 390 1182 m'o
415 1149 448 1181 in
470 1144 637 1181 anecdotis
661 1146 806 1193 graccis,
834 1143 899 1179 vol.
917 1145 959 1178 ΙΙ.
982 1149 1096 1192 {2188
1114 1139 1184 1192 sqq.
1206 1145 1354 1191 primum
1379 1142 1502 1193 publici
1527 1145 1604 1178 iuris
1628 1140 1752 1183 facffus,
1782 1156 1815 1192 p.
1832 1155 1893 1178 211.
1916 1139 2092 1180 verifimile

336 1197 484 1241 videtur,
508 1200 737 1246 Pythagoram
753 1199 853 1232 etiam
871 1195 911 1231 ab
928 1198 1099 1245 Aegyptiis
1117 1206 1148 1230 et
1165 1193 1317 1241 Affinis,
1347 1195 1433 1246 apud
1459 1209 1541 1245 quos
1563 1198 1791 1232 mathematici
1814 1197 1995 1244 nuncupati
2016 1190 2092 1230 fuis·

336 1248 406 1288 sent
422 1249 600 1293 Chaldaei,
628 1247 766 1286 haussss'e
791 1258 966 1299 praecepta
981 1249 1228 1284 mathematica.
1282 1250 1371 1285 Cum
1393 1249 1542 1285 Thalete
1565 1249 1662 1284 illum
1686 1246 1747 1284 effe
1770 1245 1935 1284 versatum
1959 1249 2093 1298 eiusque

337 1301 511 1354 disciplina
535 1301 598 1340 effe
622 1301 811 1349 eruditum,
840 1302 1005 1337 Bructero
1027 1300 1154 1336 l.1n.1.
1182 1315 1215 1350 p.
1234 1313 1332 1338 1000.
1360 1301 1513 1351 aliisque,
1543 1301 1638 1338 valde
1659 1299 1844 1352 suspedlum
1867 1298 1930 1336 esse
1953 1298 2094 1339 videtur,

338 1356 430 1408 quod
447 1369 525 1392 cum
542 1355 680 1392 illorum
701 1356 862 1404 principia
881 1351 1113 1404 philosophica
1128 1356 1212 1390 mire
1228 1350 1431 1403 discrepent,
1459 1356 1563 1404 (quae
1578 1353 1714 1404 quidem
1736 1356 1820 1390 ratio
1841 1367 1909 1390 non
1924 1351 2008 1389 adeo
2022 1365 2096 1402 gra·

336 1412 386 1445 vis
411 1411 493 1445 mihi
515 1407 663 1444 videtur:
691 1405 816 1458 saepius
842 1409 932 1442 enim
952 1405 1091 1449 accidit,
1118 1416 1151 1442 vt
1168 1403 1319 1456 discipuli
1333 1405 1494 1456 ingeniosi
1512 1406 1610 1458 plane
1631 1404 1780 1443 deserant
1801 1405 1981 1443 dodtorum
1999 1402 2095 1452 syste-

337 1467 432 1505 ma),
459 1473 531 1497 tum
546 1465 580 1496 in
598 1463 714 1512 primis
731 1458 822 1510 quod
839 1462 897 1495 iter
913 1460 1054 1508 Pythag.
1073 1457 1113 1494 ad
1128 1460 1311 1496 Thaletem
1328 1474 1406 1496 cum
1422 1461 1547 1510 reliqua
1561 1460 1649 1496 illius
1666 1459 1798 1496 historia
1820 1473 1890 1496 non
1907 1460 2092 1496 cohaereat.

332 1515 390 1552 De
405 1514 537 1564 reliquis
551 1517 618 1550 eius
661 1513 903 1563 raeceptoribus
920 1515 986 1548 iam
1001 1510 1098 1562 supra
1114 1509 1314 1562 disputatum
1338 1513 1395 1549 est.
1448 1515 1489 1549 Et
1512 1512 1708 1560 filcinerjfius
1730 1512 1752 1548 l.
1774 1526 1822 1548 m.
1847 1509 1954 1548 scribit
1977 1525 2010 1562 p.
2026 1521 2091 1556 355.

335 1567 409 1605 fieri
425 1581 495 1603 non
513 1528 657 1617 potuissg
668 1580 727 1617 per
741 1568 905 1615 temporis
922 1563 1094 1606 ordinem,
1122 1575 1155 1600 vt
1169 1564 1380 1615 Epimenides
1397 1579 1474 1602 eum
1495 1565 1684 1602 institueret.
1736 1568 1764 1601 A
1784 1566 1879 1601 Zora
1902 1575 2014 1600 tamen
2029 1561 2094 1610 As-

327 1620 425 1670 syrio
440 1619 604 1656 nonnulla
620 1617 760 1662 traxisse,
776 1616 875 1655 refert
889 1616 1077 1654 Alexander
1091 1617 1282 1664 Polyhistor
1301 1617 1389 1668 apud
1406 1621 1431 1655 Ι.
1447 1620 1568 1655 Caium
1582 1632 1617 1668 p.
1627 1619 1694 1662 136.
1708 1616 1750 1653 de
1765 1617 1854 1652 libris
1867 1618 2023 1668 propriis,
2037 1612 2092 1651 ad-

334 1683 473 1711 notante
489 1673 639 1710 fabricio
653 1671 770 1709 nostro
785 1669 826 1708 ad
843 1684 940 1708 oram
955 1668 1002 1707 sui
1025 1670 1233 1721 exemplaris.
1258 1671 1362 1706 Harl.

1008 1781 1300 1812 EPIMETRON
1338 1782 1430 1812 1111.

438 1853 490 1891 Ad
506 1853 621 1891 locum
640 1852 744 1888 Prmii
757 1853 796 1887 11.
815 1858 846 1892 8.
867 1853 902 1887 in
916 1853 1032 1900 primis
1054 1861 1219 1901 prouocat
1232 1852 1272 1886 de
1287 1851 1319 1886 Ia
1337 1852 1456 1886 Nauze
1474 1852 1525 1894 (in
1541 1846 1730 1886 Hiffinanni
1747 1850 1921 1900 Magum,
1943 1856 2026 1898 part.
2045 1847 2088 1884 Π.

334 1919 411 1956 pag.
430 1909 496 1951 85.)
513 1917 544 1942 et
562 1903 751 1944 contendit,
777 1905 818 1940 ibi
837 1902 903 1940 fide
919 1902 1040 1939 codicis
1063 1902 1275 1953 antiquiffimi
1298 1907 1379 1952 regii
1400 1901 1494 1939 Paris.
1516 1904 1728 1953 aliorumque
1750 1914 1781 1939 et
1804 1902 1991 1938 editionum
2014 1910 2090 1937 ante

334 1959 551 1996 Harduinum
569 1955 782 1998 excusatum,
805 1955 985 2005 legendum
1005 1954 1068 1992 esse
1093 1956 1237 2007 Olymp.
1256 1958 1354 1994 xldu.
1377 1958 1428 2000 (h.
1446 1970 1472 1992 e.
1494 1970 1546 1992 an.
1562 1958 1603 1992 V.
1622 1958 1660 1992 C.
1684 1968 1751 2000 ¹42.
1781 1966 1855 1991 ante
1881 1956 1922 1990 C.
1939 1955 1981 1990 N.
2002 1955 2090 1999 612.)

334 2013 538 2048 Hardninus
556 2024 636 2047 vero
655 2024 672 2046 e
687 2008 785 2049 codd.
806 2012 840 2045 in
855 2008 962 2045 Plinio
981 2008 1080 2045 edidit
1097 2010 1230 2060 Olymp.
1249 2012 1374 2044 circiter
1389 2009 1565 2044 XXXII.
1589 2009 1731 2055 quifuit
1748 2009 1837 2043 vrbis
1849 2007 1972 2043 Romae
1984 2016 2089 2041 annus

335 2065 480 2101 CXIII.
502 2067 536 2100 in
563 2067 648 2100 notis
672 2074 784 2098 tamen
807 2074 904 2112 atque
927 2060 1107 2098 emendatt.
1131 2063 1226 2099 malit
1252 2062 1385 2110 Olymp.
1407 2064 1480 2098 circ.
1501 2061 1700 2097 XXXIII.
1729 2081 1778 2087 —
1803 2061 1893 2096 vrbis
1916 2060 1958 2095 R.
1984 2069 2088 2095 annu

333 2118 482 2153 XCIII.
507 2137 560 2144 —-
585 2116 711 2163 Simson
729 2118 761 2150 in
775 2116 904 2150 Chron.
922 2129 953 2164 p.
971 2117 1049 2155 686.
1065 2112 1190 2158 scribit,
1218 2116 1446 2161 Pythagoram
1469 2126 1621 2150 naturam
1646 2111 1846 2163 cursumque
1859 2113 1997 2148 Veneris
2017 2109 2088 2148 stel-

335 2168 386 2205 lae
401 2166 646 2219 deprehendiffe
665 2169 806 2216 Olymp.
827 2169 958 2203 van.
982 2181 1070 2202 anno
1086 2169 1125 2203 ab
1144 2170 1186 2204 V.
1205 2170 1246 2202 C.
1261 2168 1422 2203 CCXLH.
1454 2171 1497 2202 vti
1515 2181 1591 2202 cum
1611 2166 1753 2216 Capello
1767 2162 2006 2214 corrigendum
2024 2159 2089 2200 effe

334 2233 446 2269 putat:
475 2220 616 2257 diffentit
643 2235 721 2256 vcro
747 2220 936 2268 IVqffiHng.
961 2223 993 2255 in
1019 2231 1116 2262 nota,
1145 2217 1327 2270 suspicans,
1355 2221 1514 2262 Thaleti,
1543 2221 1748 2268 praeceptori
1769 2220 1969 2259 conuenire,
1994 2212 2086 2267 quod

334 2276 543 2322 Pythagorae
567 2270 769 2324 adscripserit
792 2273 925 2309 Plinius.
988 2274 1216 2322 Pythagoram
1243 2275 1393 2322 primum
1418 2269 1620 2314 obseruass'e,
1657 2269 1846 2321 Hesperum
1870 2281 1900 2306 et
1915 2270 2089 2319 Phosphoae

2006 2332 2085 2359 mm

332 2427 457 2469 amplius
474 2429 536 2469 post
553 2438 643 2456 annos
661 2429 805 2457 ‘Numae-i
831 2430 860 2457 in
877 2426 979 2457 vltima
1001 2428 1101 2458 Italiae
1116 2440 1180 2464 ora,
1235 2430 1322 2458 {tntu
1346 2429 1406 2460 vid.
1425 2426 1584 2460 Drnkenb.
1599 2426 1634 2457 ad
1653 2427 1729 2456 hunc
1746 2425 1862 2466 locum,
1886 2432 1915 2457 et
1929 2421 2080 2458 Deam!-

333 2475 408 2502 eirm
436 2474 638 2511 Metapontum
659 2471 891 2512 Heraclcmnque
916 2482 942 2500 et
968 2474 1110 2507 Crotona,
1134 2476 1178 2502 iu-
1233 2475 1357 2503 Excrcn.
1377 2476 1412 2504 U.
1437 2485 1466 2516 p.
1484 2477 1534 2512 176
1553 2472 1592 2514 sq.
1618 2471 1713 2503 Harl.

331 2526 441 2546 venum
468 2514 676 2544 aemulantium
707 2514 799 2544 nudis
827 2524 928 2545 coetu·
950 2516 1080 2546 habuiffe
1109 2527 1177 2546 con-
