2183 2747
23 99 120 129 Vol-¹·
143 101 216 135 v·⁸⁸
360 100 480 138 HORI
534 102 763 139 APOLLINIS
816 102 1200 141 HIEROGLYPHICA.
1310 105 1384 141 Lib.
1402 107 1430 140 J.
1458 119 1480 142 c.
1504 107 1611 143 XIII.
1740 122 1785 155 99

66 195 79 208 a
121 201 131 213 «
345 196 352 207 x
387 194 402 210 n
420 201 428 212 ,
463 194 471 205 ‘
627 199 634 213 η
698 197 706 207 ³
759 195 766 206 ³
844 203 853 214 9
964 202 970 213 ι
1097 201 1116 211 ’ν
1239 202 1246 215 ι
1417 202 1425 215 x
1494 203 1500 214 ι
1676 202 1682 211 ·
1758 202 1765 215 t

25 208 100 240 λωε
120 205 353 249 ιεξσγλυφικοι
374 216 400 236 α.
414 197 572 249 egnit-‘yne-
591 217 650 248 pet
678 215 786 238 αυτος
813 205 996 252 Αιγυπτιορ
1017 207 1134 248 φωιή,
1162 207 1369 251 μετεφρασε
1393 196 1425 239 de
1452 204 1632 241 Φιλιππσς
1654 221 1700 242 επ
1723 220 1783 248 την

22 247 166 292 ἰλλάδα
189 252 370 298 γλῶσσαν.
424 254 465 286 Et
486 254 624 287 iterum:
650 248 750 302 ”5258
772 249 995 291 Ἀπόλλωνος
1024 250 1160 293 Neam&
1190 253 1251 297 τῆς
1280 254 1345 291 τῶν
1366 252 1454 304 παρ’
1473 259 1675 301 Αἰγυπτίοις
1706 261 1783 309 ἱερο-

22 305 205 353 γλυφικῶν
227 300 457 355 γραμμάτων
478 306 653 354 ἑρμηνείας
677 304 822 348 ,ΒηΞλιόν
845 301 994 356 dcxix-few
1020 310 1045 324 ”¹
1055 303 1079 344 ).
1133 309 1213 356 Qis
1229 303 1330 341 fuerit
1347 306 1403 342 iste
1421 308 1611 353 Philippus,
1639 314 1693 358 qui
1710 313 1780 347 Ho-

22 370 99 393 rum
119 370 158 392 ex
183 360 390 406 Aegypti-aco
413 371 530 406 graece
551 357 766 400 transtulerit,
794 358 863 402 vel,
895 370 929 394 vt
950 362 993 394 ait
1015 360 1135 394 Pierius
1153 358 1345 394 Valerianus
1360 359 1527 395 lib.XV11.
1555 363 1781 412 Hieroglyph,

20 423 93 460 cap.
114 422 144 454 4.
168 407 355 460 fragmenta
401 408 541 445 uaedam
563 424 600 445 ex
624 411 883 461 lucroglyphico
906 411 1076 447 literarum
1098 414 1380 460 Aegyptiac-arum
1404 415 1580 462 interprete
1597 443 1606 456 ,
1640 418 1691 449 cui
1714 417 1782 450 Ηο-

20 463 212 510 apollinem
235 477 362 499 nomen
377 424 526 505 (iaciunt,
559 460 633 498 satis
649 462 776 499 curiose
794 463 986 513 collegerit,
1016 474 1046 500 et
1060 478 1180 513 graeco
1198 461 1350 500 sermone
1366 462 1481 514 scripta
1495 466 1674 514 posteritati
1688 481 1782 504 com-

19 513 248 558 mendauerit,
279 530 349 552 non
370 513 440 551 fatis
460 515 596 551 conflat.
652 515 753 552 Haud
781 515 876 553 valde
906 520 1080 567 antiquum
1100 515 1163 553 effe
1182 520 1336 553 coniicias
1359 531 1398 552 ex
1423 532 1463 553 eo
1482 547 1491 561 ,
1528 518 1618 568 quod
1639 522 1783 557 Graeco-

21 568 163 604 barbaris
185 568 386 619 quandoque
406 569 540 603 vocibus
562 572 679 611 vtitur,
711 580 745 605 vt
767 570 833 605 Lib.
851 572 889 605 11.
917 584 986 620 cap.
1005 583 1058 616 94.
1081 573 1142 613 ait,
1181 583 1278 618 grues
1299 571 1448 606 excubias
1475 584 1573 620 agere
1597 571 1681 611 κατ’
1702 570 1782 625 ἕξῶ.

19 637 71 660 νον
93 633 155 668 prr
180 622 280 664 vices,
319 620 408 671 quod
429 617 594 672 ἐναλλάξ
612 620 736 657 dixerat
762 622 949 658 Aristoteles
976 624 1042 659 Lib.
1062 624 1117 658 IX.
1146 623 1216 658 hist.
1245 622 1379 658 animal.
1399 637 1470 673 cap.
1488 636 1517 668 4.
1573 627 1651 661 Non
1674 631 1781 676 magis

19 685 132 710 autem
150 673 271 724 liquet,
299 677 370 724 quis
392 673 429 710 lit
451 677 564 710 Horus
586 673 643 709 ille
660 674 796 724 Apollo.
851 678 939 711 Nam
957 673 1147 711 Hoeschelii
1162 673 1348 718 sententiae,
1365 690 1466 725 quam
1479 676 1628 727 plerique
1642 677 1780 728 sequun-

18 737 92 769 tur,
120 729 172 761 vix
187 726 294 763 audeo
310 725 515 762 lhbscribeoe.
572 729 638 761 Hic
658 726 793 777 quidem
812 742 882 764 non
903 727 1046 771 dubitat,
1075 742 1154 764 eum
1170 725 1278 778 ipsum
1296 727 1358 764 ess'e
1376 730 1636 775 Horapollsnm,
1660 734 1780 768 Gram-

19 783 182 815 :naricum
210 780 485 826 Phenebythitem
503 809 514 822 ,
550 793 651 829 quem
674 779 788 816 Suidas
817 784 860 816 ait
887 778 944 816 sub
967 779 1167 818 Theodosio
1197 779 1343 817 docuiffe
1368 781 1588 819 Alexandriae
1614 788 1779 834 primum,

18 831 137 869 deinde
157 832 278 874 CPoli,
305 843 335 868 et
357 830 511 880 scripsiss'e
531 831 695 880 τεμενικοὶ
718 831 771 868 seu
785 832 826 869 de
847 832 989 870 delubris
1008 846 1039 870 et
1066 835 1146 870 locis
1166 831 1362 870 consecratis
1377 863 1386 877 ,
1425 846 1498 871 tum
1515 842 1779 875 commentarios

19 888 53 920 in
77 884 302 934 Sophoclem,
337 884 497 919 Alcaeum
521 896 552 919 et
573 887 776 921 Homerum.

830 886 894 921 Sed
917 887 1046 923 nullam
1069 887 1419 937 Hieroglyphicorum
1438 893 1645 926 mentionem
1663 893 1716 926 hic
1732 890 1779 927 fa-

20 941 63 974 cit
84 935 217 980 Suidas,
253 947 285 972 et
303 950 424 987 parum
448 936 630 974 verisimilis
646 936 679 971 ¹⁸)
713 938 840 976 videtur
859 942 1050 977 coniectura
1076 936 1222 977 eiusdem
1251 938 1461 984 Hoesthelii,
1491 943 1778 995 ffieroglyphica,

20 1103 41 1133 l.
55 1105 94 1134 11.
115 1114 139 1133 c.
155 1112 203 1140 24.
226 1113 289 1133 non
312 1104 436 1144 antiqua
464 1103 522 1134 esse
553 1104 708 1134 videntur.
757 1106 870 1134 Auctor

20 1147 132 1188 scripsit
151 1156 286 1187 tempore
302 1170 311 1183 ‚
348 1158 410 1188 quo
440 1146 574 1183 symbola
598 1150 657 1177 iam
679 1147 804 1178 fuerunt
826 1151 869 1178 ni-

20 1193 76 1221 mis
99 1189 313 1231 multiplicata,
351 1200 379 1220 et
397 1191 457 1230 12901'
479 1190 556 1226 λέγω
580 1193 643 1233 post
665 1191 817 1221 Herodoti
840 1200 869 1222 ct

18 1245 92 1265 vero
135 1234 264 1264 Diodori
295 1233 389 1264 Siculi
426 1243 554 1265 aetatem
584 1237 736 1265 aut-“tiores
765 1244 795 1265 et
831 1246 868 1266 ex

15 1276 202 1316 mythologia
224 1288 330 1317 graeca
351 1277 527 1320 locupletati
545 1279 756 1320 deprauatiue,
779 1287 808 1309 et
823 1279 867 1310 dii

13 1320 120 1362 resque
143 1322 267 1351 diuinae
285 1325 504 1363 Aegyptiorum
519 1325 696 1353 commentis
713 1333 802 1364 atque
820 1334 867 1353 or-

13 1367 160 1395 namentis
176 1368 380 1396 recentiorum
396 1367 476 1407 quafi
493 1370 623 1404 onerati,
649 1375 677 1397 et
692 1367 728 1397 ab
745 1369 868 1408 antiqua

12 1411 231 1448 cogitationum
252 1412 512 1451 inuentorumque
534 1413 643 1441 remoti
659 1409 866 1453 fimplicitate‚

12 1453 84 1483 vide
98 1452 152 1484 lib.
162 1456 200 1484 11.
212 1455 278 1484 init.
296 1463 359 1495 cap.
369 1465 391 1491 3.
402 1463 430 1484 et
448 1454 586 1496 pluribus
603 1453 691 1485 locis:
715 1465 749 1484 ea
763 1457 867 1485 omnia

11 1506 28 1526 a
51 1495 191 1539 Philippo
216 1499 271 1529 isto
297 1498 415 1528 adtexta
445 1498 556 1535 fuisse,
583 1496 744 1539 ‘opinatur
773 1501 864 1529 Corn.

9 1541 50 1571 de
73 1544 156 1571 Paw:
180 1550 208 1571 at
230 1542 267 1572 de
290 1551 373 1571 mera
390 1545 568 1583 incertaque
584 1543 770 1572 conithura.
806 1545 864 1572 Au-

9 1586 77 1615 ἑὶοτ
99 1587 199 1627 potius
222 1596 283 1615 non
306 1589 460 1627 praecepit
482 1587 518 1616 de
544 1585 691 1627 scriptura
712 1585 865 1625 hierogly-

11 1630 118 1670 phica‚
149 1627 232 1659 illius
254 1632 313 1659 iam
329 1638 467 1671 tempore
489 1629 623 1660 obsoleta
642 1642 696 1660 nec
713 1629 863 1672 explicatu

10 1671 109 1702 facili:
138 1672 206 1709 sed,
229 1683 307 1714 quae
328 1673 381 1704 suo
404 1681 541 1715 tempore
562 1673 678 1704 fuerint
699 1683 769 1704 nota
790 1673 864 1709 sym-

9 1715 80 1746 bola
101 1726 130 1746 et
150 1716 314 1752 symbolica
333 1718 461 1748 deorum
477 1728 642 1759 rerumque
659 1718 807 1748 sacrarum
824 1726 864 1748 at-

10 1761 142 1796 tributa,
166 1770 217 1791 aut
229 1760 370 1791 amuletis
384 1761 538 1803 inscripta,
560 1772 594 1792 ea
610 1761 758 1792 illustrare
779 1762 864 1792 adni-

11 1803 57 1834 sus
77 1806 132 1834 est:
157 1814 285 1835 venatur
305 1808 524 1844 originationes
541 1816 679 1844 graecas,
718 1806 755 1836 ab
778 1809 862 1836 omni

12 1847 187 1889 disciplinae
216 1847 397 1889 linguaeque
416 1852 607 1890 aegyptiacae
628 1852 745 1880 ratione
771 1860 862 1891 quam

8 1894 141 1922 maxime
163 1893 380 1922 abhorrentes:
421 1894 457 1922 fic
479 1893 562 1932 ’Ὦρον
591 1894 712 1924 deriuat
740 1892 795 1922 α’κό
827 1896 863 1922 τί

10 1936 61 1963 vir
83 1933 148 1974 (ἱρῶν
169 1937 289 1974 κρατεῖν,
315 1935 400 1966 lib.1.
419 1948 444 1966 c.
465 1947 506 1975 17.
531 1937 633 1974 (conf.
654 1941 721 1968 Paw
741 1941 861 1979 p.310.)

9 1988 40 2009 et
57 1980 94 2009 fic
121 1978 207 2010 alibi.
253 1979 346 2010 Facili
374 1980 501 2021 quidem
518 2004 528 2017 ,
562 1984 722 2011 maximam
746 1990 862 2023 partem

10 2023 167 2066 perspicua
184 2023 391 2065 fimplicique,
415 2035 493 2065 quae
509 2025 638 2067 prodere
655 2025 796 2056 videatur
811 2036 861 2054 an-

7 2069 202 2108 tiquitatem,
227 2067 350 2098 dicendi
373 2071 492 2098 ratione
507 2071 612 2099 vtitur.
660 2071 696 2100 At
718 2071 799 2099 euim
816 2080 862 2105 res

9 2110 72 2153 ipsa
103 2111 228 2153 eiusque
261 2113 406 2153 expositio
439 2123 501 2143 non
536 2112 670 2144 admittit
704 2123 862 2147 ornatuum

9 2163 74 2186 tum
96 2158 220 2195 antiqua
244 2154 296 2185 illa
317 2155 503 2197 limplicitate
531 2155 651 2187 liberali
678 2159 862 2198 venustaque

8 2208 90 2229 caret
116 2197 249 2228 libellus.
295 2201 407 2230 Contra
430 2199 533 2239 lingua
564 2200 625 2242 ipsa
651 2200 771 2231 redolet
795 2200 863 2231 vlti-

9 2253 89 2272 mam
111 2252 235 2282 graecae
260 2241 381 2281 linguae
404 2253 549 2274 aetatem:
593 2254 682 2285 atque
707 2244 862 2288 Caziffinus

9 2296 76 2328 pag.
92 2294 152 2324 238.
176 2287 224 2316 ed.
240 2289 319 2316 Paw.
364 2290 437 2323 „Is‚
460 2290 520 2324 ait,
545 2291 624 2318 Hori
641 2287 756 2319 Niliaci
772 2292 862 2319 inter-

9 2341 76 2372 pres
103 2331 320 2372 posterioribus
342 2330 430 2360 fuisse
444 2333 652 2373 temporibus,
675 2333 786 2373 quibus
802 2335 860 2362 iam

9 2373 39 2403 fi:
53 2374 251 2404 mundissimis
273 2377 459 2404 Graecorum
481 2375 639 2414 elegantiis
655 2377 809 2407 barbaries
828 2375 861 2406 il-

9 2416 145 2454 leuerat,
167 2417 258 2448 facile
285 2419 503 2460 comprobatur
532 2430 567 2451 ex
590 2419 674 2452 stilo:
705 2431 774 2451 nam
795 2419 862 2461 ’ἄρδι-

1106 994 1140 1030 Ν
1164 1005 1185 1029 2
1693 1011 1778 1048 quae

922 1117 961 1133 m
983 1116 1041 1147 pro
1062 1107 1196 1145 ordine,
1234 1108 1358 1148 κᾶτρωνοι
1385 1118 1442 1150 pro
1471 1112 1607 1148 patrono
1636 1108 1777 1151 vsurpat,

924 1157 953 1178 et
980 1148 1103 1187 similia,
1125 1162 1202 1193 quae
1224 1164 1286 1182 non
1305 1153 1359 1183 nist
1377 1152 1457 1194 apud
1480 1155 1665 1183 recentiores
1686 1157 1777 1184 Grae-

922 1203 971 1221 cos
993 1195 1172 1226 inuenias.“
1220 1197 1304 1227 Idem
1332 1196 1369 1226 de
1385 1195 1436 1226 vsu
1460 1207 1526 1226 voc.
1548 1196 1648 1235 ἐρανῐα,
1664 1200 1685 1227 1.
1701 1209 1725 1228 c.
1739 1210 1776 1229 11.

922 1246 987 1277 pag.
1004 1248 1075 1275 447.
1091 1251 1158 1269 voc.
1172 1241 1253 1279 τρίποι
1269 1250 1336 1282 pag.
1348 1251 1405 1275 251.
1424 1243 1504 1272 (Paw
1519 1249 1620 1270 tamen
1636 1251 1701 1282 pag.
1713 1253 1775 1279 303.

922 1279 1010 1310 valde
1033 1286 1267 1323 repugnante‚)
1290 1293 1319 1314 et
1342 1283 1468 1313 aliarum
1491 1283 1657 1314 formarum
1676 1285 1775 1316 obser-

925 1333 976 1353 uat
999 1325 1158 1368 Cauffinus
1181 1338 1249 1356 eum
1283 1326 1410 1367 reliquis
1437 1329 1664 1368 interpretibus.
1709 1329 1776 1361 Plu-

923 1378 970 1397 res
994 1365 1202 1406 soloecismos,
1233 1382 1320 1401 voces
1336 1370 1491 1400 inferioris
1513 1374 1700 1410 graecitatis,
1724 1381 1776 1405 aut

923 1414 1055 1453 poeticas
1079 1422 1130 1444 aut
1154 1413 1320 1451 obsoletas,
1351 1414 1470 1455 aliaque
1493 1414 1573 1445 clara
1595 1419 1774 1448 recentioris

919 1455 1018 1486 foetus
1040 1457 1200 1500 operisque
1222 1458 1376 1500 suppositii
1405 1459 1518 1488 indicia
1541 1458 1665 1498 collegit
1686 1472 1775 1503 expo-

919 1498 1038 1541 suitque
1063 1502 1201 1533 Meiners
1226 1505 1262 1533 V.
1281 1504 1314 1532 C.
1336 1505 1368 1533 in
1391 1502 1525 1533 Versuch
1551 1504 1627 1534 iiber
1650 1504 1699 1534 die
1719 1508 1775 1536 Re-

918 1542 1200 1583 ligionsgeschichte
1224 1546 1279 1576 der
1298 1545 1421 1576 'a'ltesten
1444 1545 1581 1583 volker,
1612 1547 1774 1580 besonders

919 1587 974 1617 der
995 1591 1177 1629 Aegyptier,
1201 1592 1308 1631 cap.X.
1333 1600 1398 1632 pag.
1417 1595 1478 1627 164.
1503 1589 1566 1632 sqq.
1590 1591 1667 1621 adde
1691 1593 1773 1624 Bru-

918 1632 987 1662 citer
1008 1633 1162 1662 historiam
1178 1636 1313 1663 criticam
1335 1633 1443 1675 philos.
1459 1642 1531 1664 tom.
1548 1637 1570 1664 Ι.
1593 1638 1700 1676 part.1.
1717 1635 1770 1667 lib.

919 1678 956 1705 11.
979 1686 1041 1717 cap.
1055 1686 1084 1715 7.
1107 1676 1170 1717 §.9.
1192 1688 1258 1718 pag.
1277 1688 1338 1716 27¹·
1355 1676 1396 1717 sq.
1426 1679 1475 1707 cui
1499 1680 1588 1707 etiam
1611 1679 1771 1720 probabile

919 1718 1017 1749 visum
1039 1721 1098 1756 est,
1123 1720 1261 1751 libellum
1285 1732 1319 1750 ex
1332 1723 1538 1751 recentiorum
1553 1724 1771 1764 Aegyptiorum

918 1762 1004 1793 libris
1033 1774 1207 1806 excerptum
1225 1788 1233 1801 ‚
1259 1775 1365 1806 parum
1392 1765 1464 1795 fidei
1486 1768 1616 1802 mereri,
1633 1767 1769 1798 eiusdem

917 1809 1062 1837 Brucker.
1088 1809 1217 1850 append.
1234 1808 1252 1838 s.
1269 1808 1330 1839 vol.
1349 1811 1399 1839 VI.
1423 1820 1450 1850 p.
1470 1820 1525 1839 121.
1544 1808 1584 1850 sq.
1609 1810 1772 1844 lablonski

916 1853 1020 1881 Panth.
1036 1862 1152 1894 aegypt.
1168 1856 1228 1883 P.1.
1253 1852 1351 1883 lib.11.
1373 1864 1400 1894 p.
1418 1863 1478 1882 221.
1521 1853 1616 1885 Harl.

960 1900 1008 1930 m)
1035 1899 1133 1933 Quam
1158 1898 1267 1938 ineptis
1290 1896 1400 1926 fabulis
1418 1897 1542 1926 historia
1559 1897 1702 1929 naturalis
1711 1902 1767 1930 Ae-

915 1942 1091 1980 gyptiorum
1113 1940 1208 1970 fuerit
1223 1939 1352 1976 trifena,
1377 1939 1503 1976 adfatim
1520 1941 1630 1972 docent
1652 1943 1714 1973 duo
1732 1943 1768 1974 li-

916 1982 991 2013 belli
1020 1983 1250 2025 Horapollinis,
1280 1986 1381 2025 inquit
1403 1984 1591 2025 Conringms
1618 1985 1703 2017 lib.1.
1729 1988 1766 2019 de

917 2027 1026 2057 medic.
1051 2031 1156 2058 Herm.
1176 2038 1240 2070 cap.
1258 2038 1299 2058 12.
1324 2038 1389 2070 pag.
1407 2035 1463 2062 ¹28.
1510 2028 1622 2060 Heum.

958 2077 997 2107 n)
1022 2072 1187 2111 Ambiguus
1209 2073 1313 2102 haeret
1341 2072 1457 2115 Voffius
1480 2071 1534 2102 lib.
1551 2075 1573 2103 I.
1601 2075 1764 2106 Aristarchi

916 2125 979 2156 cap.
996 2126 1041 2152 41.
1087 2116 1182 2146 Fabr.
1205 2117 1333 2147 Damnat
1355 2111 1478 2157 quoque
1500 2115 1672 2147 Hoeschelii
1702 2117 1764 2148 sen-

914 2161 1040 2189 tentiam
1068 2158 1159 2190 Corn.
1184 2160 1220 2190 de
1242 2161 1323 2192 Pam
1345 2162 1377 2191 in
1404 2159 1591 2201 praefatione
1619 2162 1655 2191 ad
1683 2161 1765 2192 suam

916 2201 1126 2243 Horapollinis
1149 2203 1332 2233 editionem:
1371 2212 1473 2244 putat,
1503 2205 1643 2234 eumdem
1668 2209 1765 2235 Hora-

914 2245 1084 2287 pollinem,
1123 2247 1159 2277 de
1191 2258 1252 2288 quo
1280 2247 1384 2278 Suidas
1412 2246 1465 2277 sub
1497 2259 1562 2278 voc.
1590 2247 1764 2285 Ὠμτιπὲλλων

914 2290 1062 2330 quaedam
1089 2291 1207 2327 tradit,
1239 2291 1295 2322 effe
1324 2293 1477 2321 annm-cm
1510 2291 1762 2334 Hieroglyphico-

914 2345 999 2369 rum,
1023 2343 1100 2374 quae
1124 2334 1177 2364 ille
1191 2337 1364 2376 aegyptiace
1382 2333 1547 2375 scripserit3
1572 2337 1643 2366 haec
1659 2340 1690 2367 in
1706 2335 1762 2366 lin-

915 2387 1002 2415 guam
1025 2387 1160 2416 graecam
1178 2378 1355 2409 transtulisse
1378 2378 1494 2414 censet,
1519 2379 1679 2419 quemdam
1696 2382 1762 2410 Phi·

913 2420 1052 2464 lippum,
1073 2425 1159 2454 cuius
1183 2423 1308 2466 quidem
1326 2423 1511 2465 versio-num
1534 2421 1631 2455 libera
1654 2433 1690 2453 an
1712 2424 1760 2453 ad-

1662 2469 1760 2499 strifim
