2183 2747
15 2073 18 2148 ἱ

15 2156 18 2178 l

15 2184 18 2235 l

16 2289 19 2302 ι

100 152 154 180 vor
167 152 186 180 I.
202 157 286 187 {³487
299 153 381 187 ‘⁴189

96 190 383 201 ———

313 417 382 454 ¹35

309 629 379 666 140

307 895 376 930 145

303 1158 376 1192 ¹50

301 1420 370 1457 ¹55

297 1675 367 1721 160

298 1936 365 1981 165

291 2094 360 2134 168
414 2092 530 2135 Cursu,
557 2091 711 2130 fruuntur
732 2094 910 2133 flaminum
934 2095 1100 2133 immenso
1117 2095 1242 2132 ordine.
1265 2094 1322 2141 [if]

123 2210 150 2228 v.
168 2207 225 2234 152.
248 2197 346 2238 ἅληχι
361 2204 420 2241 ιςᾳὶ)
445 2204 598 2235 Dcleillud
616 2206 671 2243 ῃ),
691 2205 771 2247 quod
787 2217 822 2236 ex
838 2218 922 2248 prac-

80 2241 198 2272 cedente
211 2243 318 2278 syllaba
334 2259 372 2282 χε
389 2248 578 2289 superuenit,
600 2249 680 2290 lapsu
704 2251 808 2280 vsitato
832 2258 859 2280 et
882 2251 923 2280 fa-

658 151 720 189 DF.
762 150 968 188 SFHAERA
1007 151 1311 196 EMPEDOCLIS.

442 245 560 286 Missor
582 245 712 298 sagittae
734 259 867 296 apparet
888 248 974 285 haud
1002 250 1170 299 ignobilis,

437 304 526 338 Nam
550 298 675 337 fruclus
700 305 810 337 omnis
831 303 961 350 iamque
985 313 1086 339 terrae
1109 307 1280 349 emittitur,

435 356 504 390 Iam
530 357 594 389 iam
617 355 743 390 retedtis
771 357 888 390 ventris
905 357 962 390 imi
986 357 1130 405 partibus

441 405 595 443 Crescens
617 407 755 443 nouello
783 421 841 456 per·
866 406 1005 457 superna
1027 412 1189 447 acumine.

488 464 532 496 At
549 461 769 509 Capricornus
793 473 934 509 corpore
948 461 1107 511 ambiguo
1131 465 1236 500 nitens

435 512 533 550 Sidus
557 524 737 556 remotum,
765 526 892 548 nomen
916 515 982 549 hoc
1000 517 1068 550 iure
1085 516 1228 554 obtinet:

434 567 547 602 Priora
569 567 718 601 membra
740 563 859 601 scilicet
882 565 1030 615 produnt
1054 571 1211 617 Capram,

435 617 559 655 Piscem
584 623 751 654 marinum
776 620 877 654 cauda
897 620 1063 667 postrema
1088 623 1205 671 arguit,

435 672 494 708 Illa
520 676 550 707 in
574 675 699 707 virente
723 673 805 707 viuit
823 672 1000 707 herbarum
1024 671 1111 715 solo,

433 727 526 760 Haec
547 723 685 760 aelluoli
709 726 846 774 gurgitis
872 734 958 760 natat
979 723 1058 768 salo,
1088 726 1144 774 [If]

429 779 552 813 Natura
574 775 677 812 fertur
694 781 806 812 omnis
831 779 895 812 hue
919 778 1126 821 mortalium,

433 832 601 879 Siccis-que
623 828 755 865 vescens
777 829 985 878 humidoque
1006 828 1129 880 spiritu,

487 887 527 918 At
554 880 736 919 vorticosae
760 880 839 918 sedis
864 881 1019 918 emansor
1039 887 1121 920 Puer

430 936 586 984 Obliquat
609 949 737 981 vrnam,
763 946 792 971 et
811 932 918 971 fundit
937 935 1038 971 vndas
1064 934 1219 984 desuper:

430 988 543 1023 Colles
566 989 734 1024 honorem
759 988 863 1024 turbat
883 989 1057 1024 hibernum
1082 1001 1237 1029 mouens.

429 1043 612 1090 Laticisque
636 1051 737 1077 terrae
759 1051 872 1089 raptor
896 1042 1077 1084 humentis,
1101 1044 1235 1090 nigram

427 1095 602 1137 Hiemem,
625 1093 785 1143 procellas
809 1105 907 1142 atque
928 1104 1043 1130 ventos
1070 1096 1209 1141 inuehit‚

428 1149 611 1196 Operitque
635 1145 802 1182 mundum
825 1145 911 1182 vesse
933 1157 1091 1196 tanquam
1112 1144 1260 1190 candida,

428 1201 472 1235 Et
495 1199 635 1235 obstinet
654 1213 718 1249 qua
740 1198 851 1234 circuli
878 1197 1008 1249 signum
1035 1209 1133 1249 patet.

423 1254 498 1288 Iure
520 1264 602 1300 ergo
623 1251 749 1301 Aquari
771 1262 896 1288 nomen
919 1254 998 1288 huic
1019 1250 1105 1288 sorte
1126 1252 1247 1302 obtigit

423 1303 543 1341 Sedem
572 1305 732 1340 obtinenti
757 1315 894 1354 propter
914 1303 1077 1341 vndarum
1102 1304 1235 1354 globos.

476 1357 551 1393 Post
573 1360 661 1394 hunc
685 1368 812 1393 rotator
837 1367 935 1407 gyrat
957 1371 1048 1394 auras
1070 1358 1214 1394 circulus

426 1411 620 1461 Ventosque
641 1421 758 1458 mutat,
789 1408 901 1446 forma
926 1410 1022 1461 longi
1043 1410 1191 1455 luminis,

422 1463 586 1506 Gemella,
614 1461 708 1499 cursu
732 1461 818 1499 versa
837 1462 896 1499 stat
917 1465 1104 1502 contrarioz

423 1513 549 1552 Auersa
573 1518 724 1565 quamuis
750 1513 844 1552 frons
866 1526 898 1551 et
922 1516 1080 1553 obstitum
1109 1525 1219 1566 caput,

421 1568 558 1604 Tamen
579 1565 759 1618 sequuntur
781 1568 896 1605 circuli
917 1570 1044 1606 redium
1069 1568 1236 1606 ordinem.

423 1622 666 1670 Septentrionis
690 1620 745 1657 isse
766 1624 870 1671 vergit
897 1621 938 1657 ad
958 1622 1089 1671 polum,

419 1675 488 1710 Hic
516 1677 546 1709 vi
573 1672 703 1724 capessit
727 1674 880 1710 humidas
904 1675 1011 1711 Austri
1033 1677 1121 1713 Vias.

419 1729 533 1776 Itaque
554 1730 588 1763 in
611 1724 785 1776 profundo
807 1741 890 1776 quae
911 1727 1013 1764 latent
1036 1725 1244 1776 perflamina.

420 1777 523 1815 Pisces
548 1779 709 1816 reuelante
735 1790 851 1816 ventus
876 1783 908 1816 in
923 1778 1066 1816 fundum
1089 1778 1208 1815 cadens

418 1833 605 1868 Conturbat
629 1831 739 1874 νηάεε,
762 1836 913 1869 nuntians
935 1832 1132 1869 mortalibus

420 1885 581 1920 Hiemem
611 1894 641 1920 et
667 1886 840 1934 procellas,
865 1886 965 1921 aestus
988 1897 1022 1922 vt
1042 1888 1242 1936 reciprocus,

422 1939 488 1984 Qi
512 1940 673 1973 vorticem
701 1937 794 1973 vndis
817 1937 907 1974 addit
931 1954 948 1974 e
969 1949 1071 1975 terrae
1086 1937 1171 1977 sinu,

422 1988 591 2025 Portendit
608 1999 694 2025 atrae
715 2000 844 2039 tempus
859 1993 976 2026 hiemis
995 1990 1158 2040 asperum.

417 2042 507 2076 Hinc
529 2040 573 2077 est
598 2041 689 2090 quod
717 2042 762 2078 illi
786 2042 909 2092 duplici
933 2057 1010 2079 cum
1036 2045 1197 2093 temporis

82 2283 146 2314 cili:
168 2294 201 2316 vt
214 2298 314 2319 centra
331 2291 416 2321 versu
448 2291 578 2332 sequenti
599 2290 742 2333 ὗδροχοδς,
774 2296 920 2332 geminata

80 2325 182 2358 vltima
205 2329 312 2364 syllaba
337 2346 372 2368 ος,
410 2334 457 2364 sed
479 2335 656 2373 degenerans
676 2339 707 2366 in
731 2350 749 2365 ω
772 2348 922 2375 magnum.

81 2367 150 2412 [¹539.
165 2370 195 2401 εἷς
210 2370 319 2404 δὶνοασιν
333 2381 421 2408 metri
435 2378 528 2408 caussa

121 2425 149 2444 v.
173 2426 228 2452 153.
255 2422 360 2456 σχῆμα
383 2426 448 2454 nx.
474 2419 584 2458 διιλέι)
621 2423 702 2465 quod
730 2423 793 2454 sunt
821 2424 922 2466 pisces.

79 2453 257 2492 Hedericus.

18 2521 23 2747 ἱ
121 2534 187 2568 Vol.
203 2538 234 2570 I.

977 2468 1014 2499 H
1014 2468 1162 2498 edericus.

1031 2534 1070 2570 M
1084 2546 1120 2568 m
1145 2544 1179 2567 m
1194 2545 1229 2568 m
1241 2546 1278 2570 m

1455 160 1527 196 Lib.
1541 161 1589 198 II.
1609 173 1686 203 c.12,
1791 173 1849 214 825

1365 464 1399 504 C
1398 464 1525 504 APRI
1527 468 1711 509 CORNV
1707 473 1739 508 S.

1455 888 1733 937 AQVARJVS.

1552 1357 1726 1402 PISCES.

1019 2219 1049 2237 v.
1073 2216 1131 2243 159.
1155 2204 1233 2243 ὁμὲν
1247 2209 1319 2245 βαρ.)
1346 2206 1423 2236 vnde
1442 2208 1528 2237 etiam
1547 2211 1595 2250 ipsi
1612 2211 1701 2251 pisces
1716 2215 1745 2244 in
1767 2215 1818 2246 bo-

976 2251 1085 2281 realem
1102 2259 1129 2281 et
1147 2249 1300 2280 australem
1317 2249 1562 2282 discriminantur.
1587 2254 1703 2286 Heder.

1020 2348 1048 2367 v.
1065 2341 1127 2375 167.
1148 2334 1225 2370 ἕθεν)
1250 2338 1318 2376 quia
1335 2338 1475 2367 nimirum
1498 2341 1527 2368 in
1543 2344 1702 2372 contrarias
1724 2353 1819 2385 partes

545 2378 699 2418 legendnm
713 2379 807 2410 censet
830 2381 921 2419 Hah]
977 2379 1113 2411 feruntur
1127 2380 1229 2422 pisces,
1253 2383 1412 2410 contrarias
1438 2384 1526 2412 ctiam
1548 2387 1615 2415 anni
1639 2389 1820 2428 tempestates

976 2425 1098 2462 fignm,
1119 2424 1199 2465 quod
1223 2431 1299 2453 certe
1323 2425 1472 2463 ingeniose
1496 2426 1561 2457 satis
1585 2431 1747 2471 expositum
1772 2435 1820 2463 est.

1483 2530 1692 2573 CAPVT
1720 2538 1828 2577 XIII
