2183 2747
155 135 217 165 Vol.
228 136 248 163 1.
255 143 281 169 Ρ·
295 135 348 168 ³⁶0
358 135 380 169 P
393 134 450 167 361.
461 135 510 167 362
887 134 1152 171 COLVTHVS.
1518 135 1590 170 Lib.
1608 136 1665 171 II.
1679 147 1704 171 c.
1722 146 1749 178 7.
1854 149 1912 182 557

153 246 232 269 oues
251 229 450 282 pascentem,
464 232 526 277 (ex
541 244 610 281 quo
626 229 696 280 ipso
710 245 752 267 ne
761 233 986 278 Smyrnaeum
1003 229 1139 280 quidem
1154 240 1244 266 certo
1258 231 1428 281 colligas,)
1445 229 1579 267 aMufis
1595 245 1728 267 carmen
1745 231 1903 267 edoctum

147 283 243 323 fuiss'e
261 284 391 334 perinde
406 294 438 320 vt
453 284 632 328 Hefiodus,
646 283 729 338 dung
748 297 830 332 puer
846 295 979 335 paterna
993 295 1138 320 armenta
1153 282 1338 326 custodiret,
1363 280 1508 335 (''A4>vocs·
1525 281 1710 334 ποιμοάνων
1726 283 1901 323 ‘Enniam

147 333 214 377 ὖπᾶ
234 337 403 386 {etQ-‘cim
430 351 449 372 a
464 336 570 373 Musis
583 348 710 374 amatus
725 334 820 372 fuisse
836 336 972 373 traditur
990 351 1007 372 a
1024 338 1168 372 Luciam
1186 347 1268 372 tom.
1280 338 1317 372 ll.
1338 350 1371 385 p.
1383 351 1445 382 3¹0·
1492 336 1584 372 Idem
1602 338 1762 384 Reinqsfus
1779 341 1811 372 in
1825 338 1902 386 Epi-

147 391 232 428 stola
247 391 285 426 ad
304 392 487 426 iohannem
503 389 698 435 Weitfium,
721 401 752 425 et
763 388 862 438 Epist.
879 391 1011 425 van.
1027 388 1066 425 ad
1075 391 1261 438 Rupertum
1276 403 1306 438 p.
1317 402 1382 436 59¹-
1400 391 1559 425 Cointum
1575 389 1726 426 nostrum
1743 387 1900 425 eumdem

148 442 210 480 esse
225 443 388 479 existimat
401 455 478 478 cum
495 443 655 479 Corintho
664 446 695 487 ¹⁴)
722 444 895 491 Smyrnaeo
913 444 1140 478 Grammatico
1156 446 1186 488 ⁰)
1212 455 1282 477 non
1298 441 1380 477 adeo
1395 446 1532 491 antiquo
1543 472 1553 486 ,
1589 445 1679 478 cuius
1704 441 1833 477 libellus
1857 441 1898 477 de

147 496 305 537 dialectis,
333 493 417 531 infra
434 493 493 531 suo
509 495 588 532 loco
606 494 924 531 commemorandus
942 494 1050 530 exstat.
1104 493 1166 530 Sed
1185 504 1257 530 vtut
1272 508 1342 530 non
1357 494 1534 544 indignum
1551 508 1673 544 poema
1691 493 1772 530 illud
1783 496 1900 530 Gram-

146 552 270 586 matico
289 547 352 585 effe
367 545 480 591 fatear,
508 561 578 584 tum
594 549 637 584 ob
658 558 907 597 argumentum,
934 559 1004 583 tum
1021 558 1157 596 propter
1179 546 1417 583 adcuratiorem
1444 559 1475 584 et
1496 545 1836 599 γραμματικώτερον
1863 550 1898 583 in

147 605 293 639 carmine
307 612 338 637 ct
352 598 620 650 descriptionibus
637 601 1042 642 locorumbcharadicsem,
1057 613 1158 648 quem
1174 601 1207 635 in
1222 598 1282 635 illo
1299 610 1456 636 notarunt
1476 604 1533 636 viri
1550 600 1664 644 doeti3
1690 602 1770 636 haec
1786 610 1897 636 tamen

144 653 287 693 Reinesii
304 655 504 696 coniectura,
519 653 585 689 leui
602 655 784 689 nominum
793 651 1008 688 similitudine
1028 655 1115 694 nixa,
1131 649 1290 688 refellitur
1302 653 1340 688 ab
1356 654 1493 689 auctore
1507 652 1712 689 scholiorum
1723 655 1898 688 minorum

143 711 179 744 in
195 709 390 742 Homerum
407 703 447 740 ad
464 704 554 741 Iliad.
570 702 620 749 β’.
637 719 707 751 219.
735 715 768 741 et
785 706 824 740 ab
840 704 1022 747 Eussathio,
1051 717 1121 741 tum
1139 719 1157 740 a
1171 705 1299 740 Tzetza
1313 707 1346 740 in
1361 704 1579 754 Chiliadibus‚
1608 716 1639 741 et
1655 705 1694 740 ad
1705 703 1898 741 Hesiodum

144 775 181 796 ac
196 761 473 807 Lymphrmxem,
498 761 555 807 qui
578 771 649 794 non
672 771 741 793 vno
763 761 798 792 in
819 757 897 793 loco
913 761 983 794 eius
998 761 1208 793 mentionem
1225 755 1392 801 facientes,
1418 755 1548 807 semper
1563 760 1698 798 Κοίντον
1714 756 1894 807 adpellant,

143 810 294 861 ipsorum
312 809 506 847 testimoniis
522 807 718 859 suffragante
730 807 887 846 consensu
905 811 1085 846 MStorum
1103 809 1258 846 codicum
1273 820 1304 845 et
1319 809 1419 853 illius,
1450 824 1518 860 quo
1547 811 1649 846 Aldus
1671 809 1743 846 vsus
1765 809 1826 852 est,
1863 820 1896 846 et

144 865 271 901 alterius
285 868 317 898 in
335 863 415 898 Bibl.
431 863 606 898 Barberina
621 860 729 912 scripti
746 876 847 898 manu
865 863 1002 913 Gemgii
1020 864 1231 911 Hcrnwnymi
1263 863 1500 911 7]qphcrnatis‚
1536 867 1590 913 qui
1614 866 1740 913 primus
1763 876 1894 913 graecas

143 917 263 953 litteras
278 915 393 951 docuit
410 916 573 959 Lutetiae,
594 925 625 951 et
640 914 817 951 Reuehlini
834 918 867 949 in
881 916 931 950 his
950 917 1064 951 litteris
1087 926 1280 964 praeceptor
1295 913 1375 963 suit5
1402 914 1520 960 (Allat.
1543 915 1584 951 de
1608 918 1762 966 Georgiis
1784 929 1815 965 p.
1832 927 1892 961 393

142 968 229 1019 sqq.)
263 968 406 1004 aliorum
427 970 506 1002 item
535 966 680 1004 duorum
706 970 742 1003 in
762 966 841 1002 Bibl.
866 965 1040 1011 Caesarea,
1078 981 1222 1016 quorum
1248 968 1404 1003 meminit
1428 968 1584 1015 Ncffilius
1608 971 1667 1004 IV.
1695 982 1728 1016 p.
1746 980 1772 1013 5.
1792 978 1823 1004 ct
1839 980 1890 1015 5²·

140 1022 261 1071 Neque
278 1020 370 1068 Cassa.
387 1021 522 1055 Bar-thid
538 1017 677 1069 suspicio
695 1019 842 1056 multum
858 1021 954 1056 habet
974 1019 1287 1066 verisimilitudinis,
1322 1023 1377 1069 qui
1397 1032 1430 1068 p.
1447 1024 1527 1066 960.
1550 1020 1577 1055 b.
1613 1023 1647 1056 in
1667 1019 1891 1056 Claudianum

139 1087 219 1111 cum
238 1075 364 1109 Cointo
381 1071 496 1108 nostro
510 1072 665 1109 eumdem
683 1069 746 1108 else
761 1082 852 1121 putat
866 1074 950 1108 Mile
961 1086 1027 1107 mm
1041 1072 1096 1121 [if]
1112 1073 1207 1109 illum
1222 1075 1460 1118 Smyrnaeum,
1487 1074 1576 1108 cuius
1597 1075 1766 1121 poeticam
1789 1070 1892 1108 facul-

139 1137 240 1164 tatem
256 1124 364 1161 laudat
381 1126 555 1172 Eunapius
570 1129 603 1166 in
619 1123 810 1162 Proaerefio
827 1139 862 1174 p.
878 1138 935 1162 121.
970 1128 1055 1161 Sane
1078 1139 1136 1174 per
1157 1136 1204 1162 tot
1226 1123 1333 1161 secula
1355 1125 1463 1173 plures
1484 1135 1664 1174 potuerunt
1686 1123 1749 1161 effe
1771 1134 1890 1174 poetae

137 1182 241 1230 patria
259 1181 448 1224 Smyrnaei,
475 1192 581 1227 neque
597 1176 638 1214 de
653 1188 756 1214 aetate
773 1180 887 1214 Cointi
905 1177 987 1213 adeo
1007 1182 1084 1214 certi
1104 1181 1281 1228 quicquam
1300 1177 1435 1223 constat,
1461 1177 1536 1214 licet
1561 1191 1603 1214 ex
1618 1179 1805 1214 charad‘iere
1820 1189 1889 1213 car·

138 1233 250 1274 minis,
276 1230 407 1267 lubrico
423 1233 522 1266 nimis
539 1241 751 1280 argumento,
778 1229 1048 1267 Rhodomannus
1064 1241 1096 1266 et
1114 1230 1186 1280 post
1209 1245 1286 1266 eum
1311 1230 1365 1265 alii
1390 1233 1620 1276 coniecerunt,
1655 1234 1887 1280 propinquum

136 1281 232 1321 fuisse
249 1286 344 1320 aetati
362 1285 492 1326 Nonni,
519 1283 679 1327 Coluthi‚
707 1283 966 1331 Tryphiodori‚
999 1294 1030 1319 et
1050 1282 1197 1326 Musaei,
1225 1286 1281 1332 qui
1305 1282 1346 1318 de
1369 1284 1436 1317 Ero
1461 1294 1491 1318 et
1510 1283 1662 1319 Leandro
1687 1284 1887 1331 poemation

135 1335 334 1386 composuit.
389 1338 553 1372 Barthius
568 1349 646 1372 vero
662 1333 728 1385 ipse
742 1335 816 1372 alibi
847 1337 903 1383 [Η.
921 1350 967 1372 10.
984 1334 1171 1383 Aduersar,]
1198 1337 1362 1371 Cointum
1377 1345 1486 1384 putat,
1520 1333 1576 1370 sub
1599 1338 1711 1383 primis
1729 1331 1887 1383 scripsisse

133 1389 403 1440 Imperatoribus‚
429 1387 529 1438 idque
544 1388 675 1437 colligit
694 1403 711 1424 e
727 1390 882 1425 vaticinio
908 1388 1096 1424 Calchantis
1121 1391 1290 1432 X111.336
1310 1386 1380 1437 sqq.
1407 1385 1461 1422 sed
1485 1387 1574 1437 quod
1599 1385 1757 1436 scripturn
1778 1384 1886 1436 potest

133 1441 196 1479 effe
210 1442 249 1478 ad
264 1443 485 1478 imitationem
511 1440 694 1477 vetustioris
712 1452 840 1490 poetae.
866 1442 998 1478 Fabi-ic.
1051 1442 1211 1491 Reliqua,
1238 1454 1322 1490 quae
1343 1439 1384 1475 de
1400 1442 1526 1476 Cointo
1552 1438 1668 1490 scripta
1687 1438 1762 1476 sunt
1788 1453 1806 1474 a
1826 1441 1884 1475 fa-

131 1497 246 1537 bricio,
272 1505 304 1530 et
319 1493 426 1530 adhuc
444 1493 484 1530 de
500 1507 554 1537 eo,
581 1495 714 1543 eiusque
732 1495 878 1530 carmine
906 1493 971 1529 dici
988 1506 1130 1543 queunt,
1155 1497 1235 1530 item
1261 1506 1344 1542 quae
1364 1491 1406 1528 de
1428 1493 1567 1530 Colutlio
1589 1506 1625 1528 ae
1653 1494 1687 1528 T
1685 1493 1884 1541 rypliiodoro

132 1557 375 1595 memorantur,
397 1561 434 1583 ea
449 1544 533 1583 infra
549 1546 629 1583 loco
644 1545 880 1583 commodiore
895 1558 1042 1596 repetam
1061 1558 1159 1598 atque
1172 1545 1299 1583 vberius
1315 1545 1511 1595 explanabo.
1536 1546 1636 1581 Harl.

165 1651 298 1679 coluthus.
374 1652 449 1686 vn.
477 1651 506 1686 C
514 1651 783 1687 OLVTHVS
811 1665 829 1688 e
846 1651 1014 1701 Lycopoli
1029 1650 1209 1688 Thebaidis
1224 1653 1260 1687 in
1273 1651 1370 1699 Aegy
1397 1659 1431 1685 to
1448 1651 1589 1691 ciuitate,
1617 1648 1722 1686 clarus
1737 1647 1796 1686 sub
1814 1651 1880 1685 Im·

130 1713 281 1752 peratore
299 1701 480 1744 Anastasio,
506 1706 580 1751 (qui
600 1708 638 1742 A.
656 1704 776 1740 Christi
794 1704 926 1740 DXVIl
932 1707 953 1739 1.
975 1705 1088 1754 ohim)
1114 1714 1241 1754 practer
1258 1710 1360 1742 Καλυ
1380 1703 1498 1740 ωιίκῶν
1516 1701 1632 1737 Libros
1648 1703 1705 1738 VI.
1720 1696 1879 1752 s’ynaifaioo

130 1753 272 1790 versibus
289 1757 427 1790 heroicis
450 1765 482 1791 et
503 1753 671 1806 ‘mem-292,
700 1770 783 1806 quae
804 1754 952 1793 vniuersa
975 1756 1095 1793 Suidae
1120 1765 1307 1793 memorata
1326 1753 1580 1797 interciderunt,
1605 1751 1728 1803 scripsit
1747 1754 1881 1799 Ἑλένης

132 1804 300 1858 αἱςποιγήγ
318 1805 384 1842 siue
406 1809 443 1841 de
456 1815 556 1852 raptu
571 1810 713 1844 Helenae
731 1823 852 1857 poema
873 1811 1050 1846 heroicum
1071 1809 1212 1847 versibus
1237 1809 1504 1848 CCCLXXXM
1531 1817 1699 1855 repertum
1724 1822 1742 1842 a
1766 1806 1879 1844 Cardi-

129 1861 198 1895 nali
220 1859 405 1906 Bvffiiriorze
425 1862 458 1893 in
474 1859 623 1895 Calabria
637 1875 699 1896 vna
717 1875 795 1897 cum
815 1865 941 1911 Qinto
961 1863 1159 1908 Smyrnaeo,
1188 1873 1219 1899 et
1237 1863 1358 1896 Graece
1375 1863 1522 1909 primum
1540 1859 1662 1894 editum
1681 1859 1720 1894 ab
1738 1860 1829 1895 Aldo
1843 1861 1878 1895 in

129 1920 159 1953 8.
178 1910 243 1946 fine
264 1913 421 1959 temporis
435 1915 617 1953 notatione,
641 1911 760 1947 deinde
777 1913 928 1950 recusum
944 1914 1146 1952 emendatius
1167 1919 1202 1951 in
1222 1915 1330 1950 Poetis
1343 1911 1554 1962 'principibus
1570 1911 1621 1948 H.
1641 1912 1796 1960 Stephani
1818 1914 1877 1948 Pa-

123 1962 173 2000 tis.
191 1966 282 2010 1566.
298 1961 360 1999 fol.
375 1975 436 2000 etc.
454 1962 514 2011 [Y]
540 1963 681 2014 Reliqua
698 1963 844 2001 inferius.
861 1980 894 2016 p.
913 1979 990 2014 715.
1725 2018 1738 2051 I
1827 2015 1838 2052 Ι

1091 2023 1265 2062 Aaaa3
1658 2019 1876 2054 VlLCou-

169 2114 205 2149 u>
236 2108 417 2142 Corinth-mn
446 2117 533 2141 vocat
553 2113 642 2142 etiam
661 2111 820 2145 Iohannes
838 2113 918 2145 Faes
942 2115 972 2145 in
1025 2115 1170 2145 Anastasio
1197 2120 1246 2144 aut
1271 2114 1430 2144 Iustiniano
1453 2113 1702 2154 Imperatoribus,
1745 2114 1777 2143 in
1797 2123 1873 2154 quac

126 2157 206 2184 notis
218 2155 254 2184 ad
271 2154 434 2189 Gymmum
449 2154 484 2183 de
506 2154 653 2196 sepultura
671 2165 804 2187 veterum
819 2168 848 2198 p.
865 2159 971 2194 692.b.
1025 2166 1160 2199 tempora
1178 2160 1265 2187 ctiam
1282 2156 1397 2187 confert
1412 2164 1536 2186 aetatem
1548 2156 1667 2188 Colutszi
1683 2165 1710 2185 et
1724 2157 1872 2196 Tryphio-

126 2197 248 2229 fabric.
310 2200 367 2228 Hie
383 2207 495 2227 tantum
511 2197 636 2228 laudabo
660 2199 775 2230 doetam
793 2210 970 2231 commenta-
1024 2201 1104 2231 riori.
1141 2202 1254 2232 Nonno
1270 2208 1376 2236 tamen,
1391 2200 1634 2236 Dionysiaconim
1651 2201 1776 2236 annoti,
1801 2209 1873 2241 pro*

126 2242 236 2270 (ioum
254 2241 288 2270 de
305 2244 410 2278 Qiuti
427 2243 578 2276 Smyrnaei
595 2242 969 2284 Paralipomenisfloincri‚
1023 2246 1150 2285 piorem,
1182 2254 1269 2285 quam
1292 2243 1439 2280 colutho,
1468 2251 1593 2274 aetatem
1616 2245 1722 2281 Quinti
1743 2242 1798 2274 csse
1818 2255 1871 2285 pu-

126 2294 182 2316 mta
209 2295 318 2315 nouam
343 2287 479 2315 carminis
509 2285 671 2315 editionem
702 2287 805 2317 indicit
836 2287 971 2318 Thomas
1023 2293 1074 2317 tat.
1096 2287 1194 2318 Harl.

68 2347 72 2350 -
124 2317 288 2370 Christian.
316 2327 458 2370 Tychsfn,
488 2330 645 2367 Gottingae
668 2335 743 2367 1783.
766 2336 791 2363 8.
828 2333 855 2360 Is
875 2341 904 2372 p.
929 2340 965 2360 11.

123 2373 252 2406 coniicit,
275 2374 415 2402 Cointum
441 2371 543 2401 vixisse
568 2372 618 2401 sub
635 2374 877 2414 Imperatoribus‚
901 2375 967 2415 post
1061 2379 1099 2408 v).
1119 2371 1312 2415 Metropolite
1328 2374 1485 2410 Corinthi,
1508 2373 1578 2404 saec.
1589 2375 1654 2406 ΧΗ.
1669 2385 1730 2416 quo
1745 2374 1866 2419 quidem

67 2408 70 2410 .
123 2413 289 2444 maslaum
304 2415 579 2456 Constantinopolin
594 2416 833 2458 imperiijedem,
856 2418 964 2447 floren·
1019 2424 1153 2458 tempore
1168 2417 1204 2446 ab
1219 2416 1281 2447 vllo
1297 2419 1488 2456 grammatico
1504 2417 1561 2448 tale
1577 2429 1684 2462 poema
1701 2422 1752 2451 vix
1776 2429 1808 2449 ac
1827 2428 1865 2448 ne

123 2457 198 2489 tibus
211 2457 306 2492 adhuc
328 2459 416 2494 rebus
438 2461 568 2492 romanis
593 2458 679 2499 forie,
699 2458 750 2491 sub
774 2460 892 2494 Iuliano
913 2468 965 2494 aut
1018 2462 1070 2492 vix
1090 2460 1211 2504 quidem
1224 2463 1323 2503 potuit
1339 2462 1453 2493 confici.
1476 2461 1574 2494 Harl.
