2183 2747
399 102 464 139 DE
489 103 733 140 cometssvs
758 104 860 141 MSS.
889 104 1113 141 EVRIPIDIS
1219 105 1291 141 Lib.
1312 107 1359 144 {L
1383 120 1407 143 c.
1421 108 1580 147 XVIII.
1642 128 1699 161 257

51 197 231 248 legendum
263 196 440 249 Οὐαλερία
469 199 600 235 Valerii
631 200 819 248 Pollionis.)
868 202 918 242 τὲ·
944 199 1040 242 αὐτ-ἒ
1075 197 1109 240 ἐξ»
1142 202 1243 250 φησὶν
1271 199 1354 251 ἅμα]
1385 207 1698 260 ἐπιγεγραμμένας

48 247 212 304 Edem-ld&
233 250 415 294 ἔπιςολοὶς.
471 252 699 288 Nihilominus
719 252 888 290 Barnessus
905 265 970 291 tam
987 256 1151 304 praeclare
1167 256 1206 290 de
1224 257 1272 290 his
1282 255 1437 305 Epistolis
1456 257 1558 300 sentit,
1577 274 1646 298 tum
1663 268 1697 301 in

46 304 212 354 Euripidis
237 309 303 340 vita
326 308 356 352 ς’.
373 306 521 340 xxvul.
537 318 570 354 p.
586 317 637 349 27.
665 312 762 349 (nou.
778 305 854 342 edit.
875 320 903 356 p.
925 308 996 352 28.)
1024 318 1096 343 tum
1123 310 1155 343 in
1177 319 1393 356 argumento,
1427 313 1582 359 Epillolis
1607 329 1695 364 prae.
1719 348 1722 351 ,

47 355 141 403 fixo,
167 368 251 394 tom.
280 360 319 394 11.
345 371 376 405 p.
393 369 457 404 523.
483 358 532 406 [p.
552 367 632 403 493.
647 356 720 392 edit.
737 359 847 406 Beck]
875 371 907 395 vt
923 358 1090 404 adfirmet,
1118 362 1288 396 neminem
1312 359 1408 398 facile
1439 361 1590 402 futurum
1617 372 1696 406 adeo

43 410 222 458 μιγῇ-ἰᾶσι
234 412 369 458 flentis
392 418 450 444 aut
475 412 582 446 iudicii
608 412 777 456 imminuti,
804 414 873 461 qui,
890 409 912 447 si
928 423 1056 462 tempus
1071 424 1103 448 et
1124 411 1255 462 phrasin
1273 428 1347 450 vere
1362 417 1491 452 atticam
1497 442 1511 459 a
1539 431 1570 454 et
1593 435 1643 458 res
1665 434 1698 459 e<

49 461 207 512 personas
228 474 260 500 et
282 460 526 512 simplicitatem
549 474 580 499 et
602 461 728 501 stilum.
753 467 893 500 minime
915 465 1139 508 elaboratum,
1171 479 1247 501 cum
1269 464 1400 504 summa
1425 479 1535 506 tamen
1558 478 1697 521 puritate

48 517 224 558 nitentem,
246 519 376 565 penitus
402 513 642 564 introspexerit,
675 514 806 552 easdem
830 517 882 552 vel
903 517 1060 567 Euripide
1082 520 1148 554 hoc
1171 518 1285 554 nostro
1311 519 1461 571 indignas
1488 532 1696 572 pronunciet,

51 567 106 604 vel
123 569 162 604 ab
177 567 243 605 alio
262 567 420 617 Euripide
439 566 582 617 scriptas,
609 567 661 604 vel
678 567 716 603 ab
735 569 803 605 vllo
819 568 898 612 alio,
921 574 1030 606 aetatis
1050 574 1279 620 niinus‘purae
1294 574 1442 617 auctore,
1471 577 1631 616 coniicias
1648 579 1696 616 su-

47 617 202 670 spicetur.
260 620 409 656 Vicillim
431 622 584 659 Ri'clmrd.
608 621 777 657 Bentleius
797 624 831 656 in
856 621 1011 672 singulari
1030 621 1099 660 diss‘.
1117 625 1244 674 anglice
1259 625 1412 663 Londini.
1431 631 1526 675 1697.
1543 638 1573 672 8.
1609 633 1696 670 edita

49 684 82 710 et
105 672 257 710 Barnefio
277 672 439 722 opposita,
462 674 532 709 illas
554 671 706 722 epistolas
728 685 759 710 et
782 678 914 710 vocauit
936 678 970 711 in
993 674 1152 718 dubium,
1185 688 1218 713 et
1238 683 1441 727 argumentis
1462 694 1531 717 non
1551 683 1695 724 absurdis

51 725 183 762 easdem
202 725 352 775 Euripidi
371 725 549 775 suppolitas
563 723 626 762 effe
643 725 824 765 contendit.
875 727 1023 764 Subiecta
1043 728 1087 764 est
1112 729 1259 766 eiusdem
1280 733 1339 766 viri
1359 730 1536 771 doetiffimi
1562 737 1696 776 diatribe

47 777 90 814 de
104 778 259 827 Epistolis
277 777 464 816 Phalaridis.
489 778 607 825 [latine
624 777 713 815 versa
728 778 771 815 ess
791 779 845 815 illa
858 778 1033 816 diss‘ertatio
1047 796 1064 816 a
1080 782 1243 828 Lennepio
1264 793 1297 819 et
1317 783 1452 822 editioni
1470 788 1694 837 Epistolasum

48 831 227 868 Phalaridis
244 829 398 874 subiecta,
426 845 457 881 p.
481 840 525 874 80
553 829 624 880 sqq.
650 831 813 868 Bentleius
838 843 965 882 praeter
986 847 1022 869 ea
1045 833 1134 870 haud
1154 848 1258 885 pauca
1283 835 1397 873 adtuli-t
1419 837 1459 874 ad
1481 842 1695 894 interpretan-

47 881 103 920 das
114 887 172 922 has
191 883 341 935 epistolas
358 895 390 920 et
407 885 448 920 ad
465 888 565 920 vitam
580 883 748 936 Euripidis
765 883 1027 935 exponendam]

419 991 476 1038 [V.
507 990 639 1026 Codices
663 990 766 1026 MSS.
796 997 827 1025 et
853 990 1009 1026 editiones
1037 991 1220 1038 Euripidis.

48 1057 122 1095 Cel.
141 1058 236 1095 Beck.
263 1056 354 1108 quod
372 1057 437 1094 vol.
457 1059 512 1094 Ill.
532 1057 686 1095 edi-ionis
702 1057 873 1108 praemilit
891 1059 1025 1109 plenam
1042 1058 1244 1110 doclamque
1259 1062 1458 1111 receifionem
1482 1065 1622 1101 codicum
1643 1069 1698 1104 vel
1734 1067 1737 1070 ⁴

0 1111 131 1147 latorum
148 1112 200 1147 vel
214 1113 354 1148 nondum
367 1112 558 1147 collatorum
571 1118 604 1147 tt
619 1113 795 1147 editionum
810 1118 907 1160 atque
922 1113 1098 1162 versionum
1114 1113 1297 1160 Euripidis,
1314 1114 1493 1150 libellorum
1510 1118 1596 1166 item,
1624 1125 1694 1167 qui-

0 1164 203 1212 ·illustratus
217 1163 271 1212 est,
307 1174 338 1200 et
361 1177 394 1213 p.
414 1177 502 1210 ¹0¹9-
525 1163 680 1200 codicum
705 1163 843 1214 collegit
865 1162 1158 1214 supplementum,
1197 1166 1292 1202 nobis
1313 1168 1421 1202 otium
1443 1165 1533 1213 fecit,
1561 1184 1695 1222 egoque

0 1219 53 1253 teis
67 1227 194 1253 tautum
211 1215 364 1253 indicabo
381 1218 450 1253 CO
461 1217 490 1251 D
501 1218 510 1249 l
522 1218 583 1251 CF
595 1218 628 1260 S,
653 1220 730 1268 quia
743 1215 857 1253 futuro
874 1217 994 1253 editori
1008 1216 1216 1268 potissimum
1234 1217 1370 1255 illorum
1385 1222 1501 1257 notitia
1522 1237 1627 1273 aeque
1649 1226 1693 1263 est

0 1266 126 1313 senaria,
152 1283 190 1306 ac
204 1267 305 1306 editio
316 1267 471 1306 Barnesio
481 1258 670 1306 -Bec'kiana.

44 1349 152 1398 Regia
165 1346 316 1397 Parisino
329 1347 531 1384 Bibliotheca
544 1347 685 1385 custodit
703 1348 874 1384 XXXXIV
891 1347 1024 1384 codices
1045 1362 1147 1385 manu
1162 1359 1324 1393 exaratos,
1353 1352 1388 1386 in
1410 1352 1527 1401 quibus
1551 1354 1604 1390 vel
1629 1369 1692 1393 vna

11 1399 121 1450 plures
138 1403 353 1437 continentur
369 1402 446 1438 Eur.
470 1399 670 1449 tragoediae,
696 1411 752 1436 aut
773 1400 961 1450 Epistolae‚
987 1412 1058 1437 tum
1085 1400 1162 1438 cod.
1187 1402 1330 1438 membr.
1359 1406 1414 1449 qui
1438 1407 1693 1455 comprehendit

2 1446 10 1457 ⁸
26 1467 112 1497 enm,
138 1453 385 1504 Hippolytum,
413 1452 557 1489 Alcestin
574 1467 592 1489 e
605 1466 727 1503 graeco
743 1456 778 1490 in
791 1452 931 1491 latinum
946 1452 1120 1490 conuersas
1138 1469 1156 1490 a
1173 1455 1290 1490 From.
1315 1455 1475 1503 Dffiwdo,
1503 1458 1694 1505 Ambrae-eo,

0 1451 83 1675 {D
103 1517 175 1543 tum
192 1507 312 1542 Franc.
334 1507 444 1549 Porti,
471 1506 648 1550 Cretensis,
672 1506 908 1556 praelectiones
923 1509 959 1542 in
973 1507 1137 1557 Euripidis
1153 1509 1260 1558 lphig.
1278 1510 1310 1543 in
1327 1509 1402 1546 Aul.
1419 1508 1561 1560 denique
1579 1511 1693 1550 editio-

39 1558 207 1601 Aldinam,
234 1564 252 1595 a
268 1560 413 1595 Puteano
431 1557 588 1595 collatam
604 1572 681 1595 cum
699 1559 826 1595 codice.

47 1638 87 1674 In
102 1637 216 1680 Italia,
238 1636 312 1673 bibl.
327 1635 474 1674 medicea
490 1638 694 1681 Florentino,
723 1638 820 1674 habet
836 1637 921 1673 XXI.
939 1635 1017 1672 cod.
1035 1632 1092 1672 scr.
1109 1636 1162 1673 vel
1185 1634 1330 1685 plurium
1351 1637 1404 1674 vel
1426 1639 1694 1688 pauciffimarum
1720 1661 1727 1681 t

0 1689 200 1744 pediarurn,
226 1688 432 1727 scholiorum
447 1700 479 1726 et
495 1689 722 1740 epistolarum,
748 1693 868 1740 pariter
884 1691 941 1726 Vl.
960 1687 1059 1726 codd.
1075 1689 1152 1726 bibl.
1171 1690 1300 1726 Veneta
1323 1692 1366 1726 D.
1383 1693 1500 1727 Marci.
1560 1697 1693 1733 Andro.

0 1741 62 1791 ua,
90 1741 219 1790 Orestes
235 1742 465 1792 etnPt'iomiffiae
479 1757 556 1779 cum
576 1741 704 1779 scholiis
718 1747 752 1779 iu
769 1742 848 1779 bibl.
871 1743 1072 1792 Tuurimnst,
1099 1752 1129 1778 et
1150 1742 1233 1778 vltra
1256 1744 1324 1781 ΧΠ.
1353 1743 1430 1780 teste
1452 1746 1692 1787 Montfaucon.

42 1797 50 1804 ”
80 1794 426 1832 {tathaee-bibliothecis:
454 1797 570 1846 quibus
587 1795 758 1838 addantur,
778 1807 811 1831 vt
826 1809 881 1831 me
895 1793 973 1830 fecit
988 1799 1163 1831 certiorem
1181 1795 1223 1831 cl.
1245 1797 1435 1839 Siebenkees,
1462 1801 1493 1833 in
1512 1800 1596 1837 bibl.
1622 1802 1693 1837 An-

33 1846 41 1853 ‘
79 1849 222 1890 Romae,
251 1851 329 1884 Eur.
351 1850 490 1884 Hecuba
522 1861 552 1885 et
579 1847 769 1885 Phoenissae
790 1862 869 1883 cum
892 1846 1025 1883 scholiis
1048 1849 1167 1896 partim
1195 1846 1342 1890 ineditis,
1376 1850 1478 1887 chart.
1505 1849 1580 1892 saec,
1606 1856 1692 1891 xm.

45 1927 73 1951 .·
97 1901 280 1937 Barberina
303 1915 336 1937 n.
361 1914 438 1946 407.
463 1899 588 1938 scholia
609 1901 731 1938 inedita
755 1901 795 1937 ad
823 1899 986 1950 Euripidis
1007 1899 1187 1940 Medeam,
1221 1899 1390 1942 Alcessen,
1420 1903 1693 1953 Andromachen,

87 1966 162 1990 iam.

12 2053 34 2082 -.·⁴
50 2032 92 2069 In
105 2031 308 2082 bibliothecis
326 2031 527 2068 Britannicis
546 2029 620 2068 sunt
640 2030 726 2068 vltra
748 2033 867 2068 xvm.
889 2029 988 2068 codd.

51 2108 91 2146 11'1
105 2109 278 2158 ffisjvnnia,
306 2111 340 2146 in
355 2108 432 2146 bibl.
455 2109 623 2152 Toletum,
649 2112 691 2146 V.
707 2109 805 2147 codd.
825 2121 857 2146 et
874 2110 1034 2157 Escorial.
1053 2107 1120 2144 duo
1137 2106 1234 2143 codd.
1255 2128 1305 2136 —-·
1326 2110 1360 2145 in
1383 2110 1459 2148 bibl.
1486 2113 1620 2152 Matrit.
1645 2129 1692 2151 re.

2 2183 4 2190 ν
39 2203 41 2205 ,
62 2183 73 2191 .
97 2175 118 2198 e
133 2164 267 2205 Iriarte,
290 2175 322 2212 p.
336 2160 610 2206 702c0d.xvtn.
628 2159 690 2198 fol.
708 2166 781 2207 236.
810 2163 985 2210 Euripidis
1005 2162 1133 2197 Hecuba
1150 2159 1218 2196 fine
1233 2158 1376 2198 scholiis.
1407 2164 1514 2207 illam,
1542 2169 1584 2202 ait
1603 2170 1693 2204 Iriar.

16 2207 163 2277 fluitur
177 2213 402 2264 Tragoediae,
428 2213 538 2250 nescio
559 2217 660 2259 cuius,
686 2213 926 2266 fragmentum,
952 2216 1111 2263 incipiens
1127 2215 1167 2249 ab
1189 2215 1255 2249 hoc
1278 2213 1390 2252 versu:
1421 2214 1449 2255 (ἶ
1468 2214 1572 2267 <bolos
1589 2217 1694 2268 οἱγνᾶν

6 2276 93 2312 :yut
113 2263 275 2318 ἶσᾶμοιςος
291 2264 369 2319 dhe,
397 2278 494 2316 atque
511 2270 542 2302 in
566 2270 654 2304 hunc
674 2267 843 2305 defluens:
876 2263 995 2312 Λῦπης
1019 2265 1220 2317 σίντίῤῥοπον
1245 2263 1373 2317 ἄχθος
1389 2291 1440 2296 -
1457 2285 1531 2321 pag.
1549 2285 1596 2319 75.
1617 2274 1690 2310 cod.

8 2321 105 2356 “Ῐ-··
119 2326 174 2361 88.
196 2321 363 2367 Epistulae
378 2322 456 2355 Eur.
473 2334 556 2368 quae
578 2320 712 2367 perinde
730 2324 782 2358 hic
807 2318 838 2356 se
863 2321 1003 2364 habent,
1033 2334 1070 2356 ac
1096 2323 1127 2354 in
1153 2319 1270 2355 Aldina
1292 2321 1510 2366 colleclioue,
1545 2338 1694 2363 narrante

100 2367 152 2400 4-
179 2385 213 2421 p.
228 2376 288 2409 160
306 2370 373 2421 sqq.
393 2372 469 2409 cod.
486 2375 616 2411 XLvn.
646 2376 820 2422 Euripidis
834 2376 908 2413 vita,
935 2373 1087 2412 Hecuba.
1109 2370 1212 2411 Ἰωνες
1229 2370 1273 2411 eis
1294 2372 1338 2413 Εὖ
1358 2371 1484 2420 Μίδην,
1511 2376 1615 2414 versus
1632 2379 1695 2415 ele·

78 2475 81 2478 .
112 2423 169 2461 nl.
195 2428 247 2474 (in
263 2424 400 2461 Anthol.
415 2425 597 2475 Steph.lib.
614 2430 667 2463 111.
685 2441 756 2478 cap.
772 2439 820 2474 25.
845 2440 876 2477 p.
898 2438 962 2514 3132
975 2423 1036 2476 sq.)
1070 2427 1148 2462 Eur.
1181 2425 1310 2473 Orestes
1345 2456 1354 2464 .
1379 2429 1513 2465 Elecira
1535 2442 1566 2466 et
1590 2433 1693 2468 Phoe-

1585 2486 1620 2518 ni
1647 2499 1693 2522 ιιι.

12 2402 73 2448 ,

161 2515 178 2534 l
