2183 2747
523 124 747 162 ORPHEVS.
920 125 995 162 Lib.
1014 125 1047 164 I.
1070 137 1095 164 t.
1110 124 1271 165 XVIII.
1730 133 1752 170 ’1
1761 142 1807 181 479

44 234 170 262 rantur.
196 224 252 250 2.
302 222 340 258 In
359 220 490 271 Neffrlii
505 221 674 273 Catalogo
695 221 792 259 codd.
808 222 906 259 MSS.
931 222 1007 259 bibl.
1023 223 1292 262 Vindobonenlis
1314 237 1397 277 part.
1415 226 1469 263 111.
1485 226 1558 263 cod.
1576 240 1626 273 30.
1651 243 1683 279 p.
1699 242 1748 274 42.
1773 241 1805 267 ct

44 278 174 315 vberius
196 278 228 311 in
244 276 402 311 Lambecii
416 278 612 312 Comment.
635 275 676 312 de
694 275 773 311 Bibl.
792 275 937 313 Vindob.
962 287 1046 313 tom.
1065 279 1121 313 VI.
1142 292 1174 328 p.
1191 286 1269 320 800.
1292 279 1366 316 cod.
1385 293 1438 324 30.
1461 294 1492 316 n.
1512 293 1537 327 5.
1560 280 1714 318 indicatio
1729 283 1804 321 cod,

47 329 173 378 Orphei
204 329 343 364 Thracis
367 329 490 364 libellus
505 329 740 378 supptfititius
760 329 799 365 de
823 330 967 365 Gemmis
993 330 1204 367 Onomacrito
1228 335 1345 378 potius
1369 334 1610 369 adtribuendus.
1689 337 1807 386 Incipit

35 384 191 435 Ὀρφέως
201 382 278 434 περὶ
292 382 410 422 λίθων.
428 381 558 421 Λίθεςὲ
574 378 780 433 Κςύςοιλλος
788 393 847 418 etc.
875 381 1020 431 ando
1037 397 1116 420 vero
1129 383 1286 432 Naeffelius
1295 387 1527 423 etLambecius
1545 383 1697 429 scribunt.
1714 389 1805 438 ..pla-

35 432 87 472 ²ne
108 438 207 486 igitur
227 433 374 471 diuersus
397 435 440 471 est
463 436 517 470 hic
541 435 666 469 libellus
687 448 704 470 a
720 443 868 481 poemate
887 437 1012 486 Orphei
1034 437 1111 487 περὶ
1134 437 1268 476 λίθων“
1295 438 1328 475 id
1344 453 1415 476 non
1432 438 1604 489 intelligo,
1630 439 1689 476 nifi
1706 438 1807 483 forte.

44 492 206 540 quoniam
223 488 343 525 dicitur
357 489 498 535 libellus,
526 491 677 524 oratione
694 485 789 539 prosa
806 486 942 538 scriptus
957 487 1003 526 fit.
1060 487 1186 526 Absunt
1203 505 1337 542 quoque
1351 495 1567 543 prooemium
1583 503 1614 529 et
1629 506 1807 542 argumen—

39 552 128 579 tum.
153 560 208 570 ·—
260 540 354 578 Idem
371 539 533 578 Ness'elius
556 551 637 591 part.
657 545 711 577 lv.
729 555 804 591 pag.
822 547 875 588 89.
891 553 940 577 nr.
958 554 1017 589 153.
1033 542 1184 580 codicem
1200 547 1375 596 antiquum
1391 557 1422 582 et
1436 549 1583 596 optimae
1599 557 1710 589 notae,
1741 547 1808 583 Or-

36 596 117 643 phei
132 595 362 643 Argonautica
381 594 724 644 comprehendentem
747 594 868 630 laudat.
922 598 961 631 ln
985 594 1060 631 cod.
1078 595 1271 634 Vindobon.
1288 599 1360 648 poss
1377 614 1405 634 v.
1424 610 1475 645 93.
1504 612 1610 635 nouus
1628 597 1736 635 versus
1753 599 1807 636 ad-

40 650 147 686 iectus
161 647 298 684 dicitur:
327 644 390 697 Ka)
407 650 506 687 κλέος
528 643 760 698 εἰιθςῶπσισιν
779 650 1030 698 ἐπεσσομένοισι
1045 646 1240 699 ‘adfice-9121.
1260 672 1310 679 -—
1350 655 1389 688 In
1405 652 1484 688 Bibl.
1500 654 1626 689 Veneta
1641 654 1684 688 D.
1699 654 1808 689 Marci

38 704 79 738 :in
94 702 329 749 Bongiovanni
344 701 512 750 Catalogo
533 700 608 736 cod.
635 709 712 745 480.
731 714 806 751 pag.
830 714 896 747 23²·
924 701 1154 749 Argonautica
1168 711 1198 739 et
1217 705 1356 753 Hymni.
1385 726 1437 732 ——
1463 704 1537 742 cod.
1555 717 1628 752 509.
1645 719 1720 756 pag.
1736 718 1806 751 273.

37 753 283 802 Aigonoeutica.
305 773 356 781 ——
384 753 458 790 cod.
479 767 547 800 4¹9·
572 767 647 803 pag.
664 766 726 800 279
745 755 874 802 Hymni.
900 775 952 781 —
981 752 1135 806 Ὀρφέως
1151 753 1298 807 τελεταὶ
1312 761 1345 794 in
1359 757 1476 794 cadem
1493 759 1642 794 biblioth.
1675 773 1704 793 v.
1721 756 1807 794 infra

36 819 72 843 t.
91 808 179 843 XIX.
200 817 271 842 not.
294 805 334 842 ad
349 805 515 846 τελετάς.
571 810 608 842 In
629 807 795 855 Catnlogo
819 806 973 842 Biblioth.
995 807 1147 858 Lugdun.
1163 811 1196 846 B.
1227 825 1302 861 pag.
1326 823 1381 857 341
1398 813 1526 862 Orphei
1547 815 1616 855 ἔπη
1635 824 1675 847 ex
1699 813 1808 847 chiro-

38 861 176 910 grapho
198 857 259 895 Ios.
277 860 447 908 Scaligeri.,
464 870 495 895 et
509 872 586 908 pag.
602 871 670 903 343.
689 861 730 895 ab
744 858 865 895 eodem
882 862 1010 909 Orphei
1033 865 1120 897 varia
1137 861 1236 899 versa.
1292 863 1418 900 Ibidem
1433 877 1508 914 pag.
1528 873 1602 910 398.
1627 868 1709 900 inter
1726 862 1808 900 Vos⁴

35 911 153 950 §Ianos
174 910 272 947 codd.
290 911 414 958 Orphei
427 912 656 960 Argonautica
676 923 707 948 et
722 913 859 960 Hymni.
889 933 939 939 —
995 916 1032 949 In
1050 915 1220 964 Sylburgii
1237 917 1343 952 Catal.
1363 918 1461 954 MSS.
1483 931 1590 966 graec.
1610 917 1690 952 Bibl.
1705 917 1805 953 Palat.

43 979 134 1002 nunc
149 967 254 1000 Vatic.
279 977 354 1014 pag.
373 977 421 1009 43.
445 979 477 1000 n.
494 977 560 1010 139.
582 976 615 1001 et
638 979 671 1014 p.
691 977 735 1011 53.
756 978 805 1000 nr.
832 977 901 1012 ¹79·
957 966 1188 1014 Argonautica
1210 979 1241 1005 et
1263 970 1444 1017 Hynmiad
1464 970 1638 1018 Musaeum
1659 983 1736 1020 pag.
1749 983 1806 1017 99.

41 1032 94 1054 nr.
116 1030 182 1064 319.
248 1017 374 1064 Orphei
396 1030 509 1064 poema
529 1019 567 1052 de
587 1017 766 1063 Lapidibus
788 1039 842 1044 ——-
894 1021 933 1053 111
949 1019 1041 1055 Pln‘l.
1074 1020 1238 1068 Tomnsini
1259 1022 1339 1058 Bibl.
1362 1025 1507 1059 Patauin.
1528 1025 1633 1069 (Vtini
1656 1027 1744 1069 1639.
1768 1025 1806 1068 4)

42 1083 121 1121 pag.
142 1073 196 1113 86.
224 1070 349 1116 Orphei
363 1070 500 1118 Hymni.
525 1089 576 1098 —
630 1072 669 1105 111
692 1071 801 1105 Labbe
822 1071 922 1106 Noua
942 1071 1023 1107 Bibl.
1047 1086 1079 1122 p.
1100 1086 1165 1109 122.
1221 1075 1436 1124 Prognostica
1461 1089 1502 1112 ex
1520 1076 1652 1122 Orpheo
1672 1076 1810 1126 aliisque

45 1124 195 1160 collecta.
218 1134 294 1172 pag·
313 1129 379 1164 128.
436 1122 560 1169 Orphei
568 1122 766 1169 fiugnwnta
787 1124 954 1169 quaedam.
980 1138 1055 1173 pag.
1074 1128 1144 1167 168.
1197 1127 1442 1176 Anotequmala
1461 1129 1585 1175 Orphei
1607 1130 1810 1176 aliorumque

38 1189 120 1227 pag.
140 1187 212 1220 273.
270 1174 425 1221 Orpbeus
447 1175 487 1210 de
504 1175 666 1221 lapidibus
687 1188 764 1210 cum
788 1172 939 1224 glossulis
955 1177 1121 1213 Demetrii
1135 1180 1276 1228 Illosclzi.
1303 1201 1355 1208 —
1407 1183 1444 1216 In
1468 1181 1629 1230 Tomtfini
1646 1181 1726 1217 Bibl.
1744 1184 1808 1218 Ve-

43 1232 125 1264 netis
139 1241 214 1278 pag.
230 1234 276 1269 ¹8-
335 1226 462 1273 Orphei
482 1229 622 1262 tarmirm
637 1238 669 1263 et
687 1228 814 1275 Hymni
837 1230 881 1263 ad
894 1230 1079 1277 Musaeum.
1106 1251 1157 1258 —
1210 1235 1247 1267 In
1261 1233 1387 1280 Reiseri
1401 1232 1512 1269 Indice
1525 1235 1623 1270 MSS.
1637 1233 1718 1270 Bibl.
1739 1237 1806 1270 Au:-

42 1281 155 1332 gussae
172 1279 303 1317 Vindel.
325 1293 400 1330 pag.
415 1283 470 1327 69.
531 1280 656 1326 Otplzei
674 1277 829 1316 versuum
849 1278 1080 1331 fragmentum
1103 1293 1135 1318 et
1154 1286 1463 1333 Argonauticorum
1484 1283 1727 1335 staginentum.
1755 1306 1809 1315 —·

44 1334 208 1383 Gesner-us
231 1331 303 1369 vsus
325 1333 370 1369 est
392 1336 487 1369 variis
508 1332 706 1369 lec‘Iionibus
721 1333 796 1370 eod.
814 1333 962 1371 Vossiani
983 1346 1016 1371 et
1030 1335 1115 1371 Ant.
1132 1336 1271 1384 Askar),
1292 1342 1373 1374 item
1388 1339 1626 1385 Thiyllitiani:
1653 1339 1706 1375 Cl.
1727 1352 1809 1375 vero

42 1387 208 1424 Ruhnken.
230 1389 263 1422 in
278 1386 381 1437 Epist.
396 1389 436 1422 11.
459 1389 589 1427 critica..
617 1387 669 1422 vbi
690 1400 709 1422 a
723 1400 800 1437 pag.
815 1395 880 1430 228
896 1385 964 1438 sqq.
1020 1391 1246 1437 Argonautica
1268 1401 1300 1426 et
1315 1392 1478 1437 Hymnos
1497 1389 1653 1440 sagaciter
1668 1390 1809 1428 erudite-

43 1454 108 1490 que
135 1437 337 1490 percensuit,
369 1449 500 1489 praeter
521 1438 618 1475 codd.
644 1453 712 1489 reg.
735 1438 831 1475 Paris.
855 1449 887 1476 et
911 1439 1129 1483 Vossianum7
1166 1442 1282 1479 codice
1300 1457 1372 1479 non
1393 1443 1490 1480 valde
1511 1443 1646 1493 quidem
1670 1447 1809 1494 antiquo

40 1505 262 1529 veruntamen
283 1493 459 1535 omnibus⁷
483 1495 539 1542 qui
560 1491 668 1528 adhuc
693 1491 812 1528 excnssi
832 1490 926 1536 sunt,
951 1491 1048 1530 facile
1071 1491 1312 1544 praeferendo,
1339 1510 1440 1546 quem
1463 1511 1481 1532 a
1506 1497 1691 1544 Christiano
1707 1497 1809 1532 Fred.

40 1545 227 1587 Matthaei.
254 1548 326 1581 viro
346 1543 586 1581 hnmaniffimo
606 1556 637 1581 et
659 1549 792 1595 egregia
816 1546 999 1582 litterarum
1025 1544 1156 1582 scientia
1176 1548 1343 1598 praedito,
1365 1548 1496 1586 donum
1511 1560 1700 1600 acceperat3
1726 1551 1809 1586 item

43 1602 139 1635 variis
155 1599 352 1636 lectionibus
368 1597 466 1634 codd.
482 1595 749 1634 Vratislauienfis
769 1612 806 1634 ac
822 1598 1099 1636 vindobonensis.

78 1683 223 1711 miriones.
307 1668 362 1704 ‘De
376 1669 528 1718 Principe
548 1666 694 1704 editione
715 1666 790 1704 vide
811 1670 1085 1718 Hambergerurn
1105 1679 1136 1705 et
1159 1667 1344 1706 Gefiierum
1368 1672 1404 1706 in
1422 1668 1630 1720 praefatione
1645 1670 1686 1707 ad
1700 1670 1808 1722 poste-

331 1723 426 1756 rioris
447 1720 629 1756 editionem
646 1734 722 1770 pag.
741 1724 829 1757 VIII.
844 1719 890 1772 sq.
943 1721 1003 1758 Illa
1025 1725 1179 1772 quamuis
1196 1720 1316 1758 scateat
1335 1723 1486 1766 mendis,
1514 1734 1628 1760 tamen
1642 1723 1723 1760 basis
1739 1734 1808 1761 erat

46 1769 231 1808 editionum
260 1769 291 1809 se
317 1776 468 1809 nentium
489 1771 590 1824 vsque
614 1773 656 1810 ad
680 1775 897 1825 Stephanum.
966 1776 1077 1811 Habet
1101 1785 1214 1812 autem
1237 1779 1464 1826 Argonautica
1487 1785 1619 1813 tantum
1641 1788 1674 1814 et
1693 1779 1808 1825 Hym-

45 1837 125 1867 1108,
151 1836 182 1860 et
199 1825 244 1861 est
263 1787 435 1876 inieripta:

216 1894 341 1941 Orphei
364 1894 610 1943 Argonautica,
637 1894 782 1943 Hymni,
809 1902 840 1931 ct
859 1895 976 1931 Procli
998 1896 1093 1945 Lycii
1109 1896 1296 1944 philofhplzi
1316 1896 1462 1946 Hymni,
1491 1909 1629 1947 graece,
1659 1897 1806 1935 Florent.

43 1958 137 1993 1500.
156 1958 188 1991 4.
216 1949 254 1982 In
277 1946 366 1983 calce
385 1947 524 1997 legitur:
556 1975 571 1989 „
584 1949 685 1983 Anno
704 1948 744 1983 ab
765 1950 992 1985 incarnatione
1010 1951 1216 1985 MCCCCC.
1237 1948 1291 1985 die
1311 1951 1399 1985 XIX.
1420 1951 1639 2000 Septembris:
1665 1949 1808 2001 Impres-

44 1997 118 2035 sum
135 2000 321 2036 florentiae
344 1997 491 2050 impensa
510 1999 651 2049 Philippi
667 2003 782 2036 Iuntae
805 2001 1017 2051 bibliopolae.
1073 2003 1104 2037 Si
1131 2016 1214 2051 quos
1235 2015 1363 2038 errores
1376 2005 1410 2038 in
1432 2003 1500 2039 hoc
1519 2016 1622 2053 opere
1636 2002 1744 2040 leflor
1757 2007 1807 2040 in-

43 2056 178 2096 uenies,
203 2055 258 2102 qui
280 2064 495 2103 properantes
516 2052 634 2089 oculos
655 2053 787 2090 nostros
809 2051 1085 2104 subterfugerint,
1117 2068 1175 2090 eos
1196 2068 1260 2104 pro
1279 2053 1403 2092 indicio
1424 2065 1484 2092 tuo
1504 2054 1714 2092 emendabis:
1751 2059 1807 2093 vix

44 2106 115 2142 fieri
139 2105 262 2155 potest,
288 2116 322 2141 vt
342 2120 414 2142 non
434 2105 513 2142 tales
531 2109 789 2142 interueniant‘⁴.
818 2121 849 2142 v.
872 2121 1008 2157 quoque
1021 2109 1114 2143 Bure
1135 2107 1288 2157 bibliogr.
1311 2107 1513 2145 instrudliue.
1568 2108 1675 2145 Belles
1694 2108 1806 2146 lettres

43 2169 128 2196 tom.
143 2161 168 2195 1.
192 2173 224 2195 n.
242 2171 259 2194 2
282 2170 328 2201 23.

215 2171 324 2247 Prgss‘o
347 2208 417 2247 fere
440 2210 526 2261 pede
545 2208 691 2262 sequitur
705 2212 793 2248 illius
809 2211 969 2250 lectiones
981 2211 1110 2248 Aldina
1132 2224 1210 2259 1517.
1227 2219 1260 2254 8.
1279 2214 1374 2250 aneia
1389 2223 1503 2250 tamen
1517 2217 1667 2251 carmine
1681 2214 1808 2263 Orphei

36 2264 83 2301 «de
96 2263 257 2311 lapidibus
279 2261 423 2310 (confer.
439 2266 659 2315 H.Stepha11.
677 2264 718 2301 ad
732 2269 862 2315 Argon.
884 2280 915 2300 v.
938 2267 1027 2310 420.)
1079 2262 1240 2315 Inscripta
1261 2265 1324 2303 est:

212 2342 342 2390 Bsusaei
368 2342 566 2390 Opufiulum
592 2344 631 2380 dc
651 2344 787 2379 Herone
810 2350 842 2379 et
868 2343 1043 2378 Leandro:
1079 2342 1206 2390 Orphei
1232 2343 1481 2393 Argonautica)
1538 2345 1695 2394 Eiigl‘dem
1729 2347 1805 2396 Hy-

34 2398 122 2432 uni.
177 2394 330 2442 Orpheus
344 2396 383 2430 de
397 2396 568 2441 lapidibus.
624 2396 743 2431 Omnia
753 2408 879 2444 graece.
916 2398 1061 2433 Venetiis
1075 2394 1164 2446 apud
1178 2395 1396 2444 Aldum1517.
1410 2405 1442 2440 8.
1468 2412 1500 2434 v.
1514 2395 1614 2450 supra
1627 2399 1804 2446 Mufizeum

44 2447 86 2485 de
99 2448 183 2492 aliis,
208 2451 385 2500 praecipue
398 2446 440 2484 de
461 2450 570 2499 prima
586 2459 618 2485 et
634 2445 789 2500 sequente
807 2447 887 2486 edit.

1078 2501 1116 2539 T
1140 2513 1161 2548 3
1678 2504 1805 2553 Orphei
