2183 2747
107 154 167 183 ⁸⁷0¹-
182 156 203 184 ¹-
220 163 244 188 ν·
255 156 389 190 wrm
755 157 1214 198 PYTHAGORICORVM.
1458 163 1533 198 Lab.
1546 163 1600 199 II.
1618 175 1642 200 c.
1660 154 1698 211 15',
1803 174 1861 211 83¹

206 254 301 291 lonio
316 252 432 305 stripta
449 251 612 291 confudit.
665 255 818 306 Denique
835 256 881 293 illi
903 255 1029 294 censori
1045 257 1243 304 Apollonius
1265 257 1281 298 ὅ
1303 260 1399 304 Μῦς,
1427 273 1527 310 quem
1551 258 1706 297 Meiners.
1733 275 1750 297 e
1772 263 1858 299 Stra.

202 309 288 343 bom·
308 310 394 345 xlv.
419 322 451 358 p.
470 319 541 354 954.
570 307 647 343 edit.
666 309 835 348 Almelou.
851 322 1038 354 memorat,
1064 310 1167 360 longe
1183 312 1264 348 alius
1283 323 1380 362 atque
1400 314 1440 348 ab
1461 316 1528 350 hoc
1550 314 1627 350 loco
1649 314 1772 351 alienus
1798 315 1853 352 est.

203 361 306 398 Harl.

101 430 362 481 Apollophanes.
390 426 504 466 Euseb.
522 431 578 464 Vl.
593 442 641 476 19.
659 429 744 466 Hist.
779 430 893 467 Suidas
912 435 943 467 in
961 429 1150 484 'ssei‘ye‘vnn
1181 434 1311 469 Fabric.
1366 434 1552 485 Apolloph.
1570 446 1682 473 tamen
1705 451 1774 473 non
1790 439 1854 483 Py-

201 486 412 532 thagoricum
426 510 435 525 ‚
462 480 515 518 sed
532 484 680 518 Stoicum
698 481 792 518 fuiffe
814 482 1075 535 philosophum,
1105 498 1222 522 contra
1244 487 1431 523 Fabricium
1456 488 1597 525 ostendit
1623 490 1664 527 cl.
1683 491 1853 527 Ruhnkcn,

199 539 235 572 in
258 534 328 572 diff.
352 535 392 571 de
417 538 583 585 Longino.
611 539 641 578 §.
659 548 689 580 7.
715 550 747 586 p.
766 549 811 582 17.
839 538 938 574 Harl.

98 608 196 656 Appii
215 608 317 642 Coeci
334 618 470 640 carmen
486 606 800 654 Pythagoraeorum
816 605 918 642 videri
933 606 1011 653 fibi,
1038 610 1081 645 ait
1099 607 1208 644 Cicero
1225 609 1286 645 lv.
1299 604 1486 646 Tusculan.
1511 623 1584 661 cap.
1600 623 1630 647 2.

96 678 216 711 Arcens
234 676 450 710 Tarentinus.

97 741 246 780 Aret-sus.
283 743 446 781 Plutarch.
466 741 506 778 de
521 746 621 792 genio
639 744 780 779 Socratis
794 741 817 779 s.
833 751 901 790 583.

96 814 343 849 ,archemachus
367 813 582 847 Tarentinus.

95 881 321 920 Archessratus
341 880 464 916 Gelous
480 879 566 930 apud
584 883 792 917 Athenaeum
812 882 884 916 VH.
900 895 931 930 p.
950 888 1024 923 288.
1042 895 1100 930 per
1118 884 1260 918 ironiam
1277 884 1518 933 Pythagoricus
1535 882 1742 933 adpellatur‚
1769 895 1850 921 cum

199 931 276 969 effet
297 934 444 969 luxuriae
460 933 613 982 magister
633 945 664 969 et
678 935 785 983 gulae.
814 935 942 969 Fabric.
998 935 1127 969 Multus
1142 935 1185 970 est
1201 935 1241 970 de
1260 938 1342 979 hoc,
1371 935 1437 972 siue
1454 935 1628 982 Syracusio
1644 936 1710 972 flue
1725 936 1849 979 Geloo‚

197 987 248 1022 Mt
264 990 376 1035 :igitur
395 989 427 1020 in
444 988 639 1021 bibliotheca
659 987 767 1022 Sicula
783 988 808 1023 1.
833 1001 865 1036 p.
883 995 925 1031 78
946 983 989 1035 sq.
1008 986 1105 1022 docet
1121 988 1193 1036 post
1211 986 1364 1024 Crall'um
1382 988 1422 1024 de
1444 992 1550 1039 poetis
1565 1002 1614 1037 gr.
1640 1003 1671 1039 p.
1692 995 1741 1033 58.
1769 1001 1848 1025 eum

194 1040 268 1090 post
288 1038 513 1074 Alexandrum
533 1037 695 1082 noi-uiss‘e.
722 1038 772 1075 sed
789 1050 863 1074 ante
879 1037 1107 1089 Chrysippum
1119 1069 1130 1082 ⁷
1158 1043 1211 1089 qui
1229 1054 1305 1076 eum
1317 1070 1327 1084 ⁷
1353 1042 1431 1077 teste
1451 1041 1614 1077 Athenaeo
1629 1041 1683 1077 lib.
1700 1042 1758 1075 VI.
1774 1054 1845 1089 cap,

194 1105 221 1139 5.
250 1107 282 1141 p.
300 1105 372 1136 275.
391 1091 489 1128 dixit.
518 1094 650 1140 Epicuri
666 1095 799 1141 eiusque
815 1089 1054 1141 discipulorum
1074 1093 1268 1141 magistrum
1288 1105 1319 1129 et
1334 1093 1454 1130 ducem
1470 1092 1584 1137 suiffe,
1611 1105 1643 1129 et
1660 1093 1784 1129 librum
1808 1093 1846 1129 il-

194 1145 274 1185 lius,
303 1144 561 1190 (Jqstronomiam
579 1142 631 1180 seu
651 1145 911 1191 Hedypatlzimn,
937 1150 1069 1181 vocauit
1095 1145 1180 1194 apud
1198 1147 1396 1182 Athenaeum
1422 1149 1479 1182 lll.
1506 1161 1578 1196 cap.
1597 1158 1649 1192 24.
1677 1159 1752 1195 pag.
1770 1158 1843 1190 104.

193 1197 400 1246 metropolin
420 1194 651 1245 philosophiae
668 1199 857 1246 Epicureae.
913 1200 962 1232 Ex
978 1200 1026 1232 his
1044 1208 1074 1233 et
1091 1199 1159 1233 aliis
1175 1201 1333 1234 Athenaei
1353 1199 1452 1241 locis,
1480 1213 1563 1249 quos
1584 1200 1765 1247 Mongitor
1787 1197 1844 1234 ad·

192 1248 275 1286 sert.
304 1252 357 1284 hic
372 1252 437 1284 iam
456 1248 598 1284 iudicare
612 1249 785 1289 debuerat,
812 1249 1058 1295 Arclzestratmu
1081 1265 1150 1286 non
1170 1248 1264 1286 fuiffe
1291 1249 1531 1301 philosophum
1559 1253 1843 1301 pythagoricum3

192 1299 246 1338 sed
271 1299 354 1341 κατ’
378 1300 588 1353 α’ντίφςασιν
611 1303 650 1338 ab
672 1304 847 1338 Athenaeo
869 1301 912 1337 fic
933 1302 1151 1352 adpellatum.
1205 1304 1451 1339 Archessratum
1470 1305 1605 1340 Platone
1621 1304 1841 1352 posteriorem

186 1352 280 1391 suiss'e
292 1366 416 1395 aetate,
443 1369 482 1390 ex
498 1357 667 1391 Athenaeo
686 1355 806 1391 confici
824 1353 935 1404 posse,
962 1355 1064 1392 credit
1087 1355 1250 1392 Bentleius
1278 1359 1309 1391 in
1336 1354 1495 1406 Respons.
1519 1356 1558 1392 ad
1574 1357 1668 1401 Boyl.
1692 1369 1766 1405 pag.
1784 1363 1840 1399 48.

187 1405 269 1444 vers.
286 1409 454 1456 Lennepii.
509 1409 635 1457 Scripta
650 1408 735 1443 illius
751 1407 885 1444 celebris
900 1419 1019 1457 poetae
1035 1409 1136 1445 Siculi
1160 1409 1286 1459 reliqua
1308 1419 1481 1446 enumerat
1498 1410 1694 1457 Mongitor‚
1718 1418 1750 1444 et
1765 1407 1840 1458 plu·

186 1473 236 1496 res
252 1459 363 1496 laudat
379 1463 466 1496 viros
486 1459 614 1497 doctos.
640 1461 742 1496 Harl.

80 1527 256 1565 'Archihius
271 1528 418 1565 medicus
430 1556 440 1570 ‚
463 1527 545 1576 (vid.
566 1526 651 1563 infra
667 1528 735 1564 vol.
752 1531 836 1565 XIII.
853 1543 884 1578 p.
900 1541 953 1576 79.
976 1539 1007 1565 et
1026 1530 1203 1564 Luciamtm
1227 1533 1260 1564 in
1283 1529 1402 1574 Gallo,
1426 1544 1499 1580 cap.
1516 1529 1581 1573 ro.)
1605 1528 1838 1565 celeberrimus

184 1592 322 1618 vocatur
345 1584 602 1630 Pythagoricus,
627 1592 658 1616 et
682 1581 788 1631 lepide
811 1580 1002 1617 describitur
1026 1585 1092 1617 eius
1114 1580 1211 1617 facies
1236 1583 1275 1616 ab
1301 1582 1494 1628 Alsiplzronc
1517 1585 1551 1618 in
1575 1582 1676 1631 Epist.
1698 1582 1754 1618 lib.
1778 1584 1836 1618 111.

184 1634 274 1684 epist.
294 1646 338 1680 55.
367 1648 399 1684 p.
414 1637 492 1681 406.
518 1633 592 1669 edit.
610 1634 775 1683 Bergleri,
809 1637 899 1670 cuius
921 1645 1036 1669 notam
1060 1632 1220 1671 consules.
1252 1635 1352 1670 Harl.

84 1703 320 1745 Archilochus,
347 1705 438 1738 cuius
465 1700 641 1738 sententiae
664 1702 789 1738 exstant
811 1705 843 1738 in
864 1699 990 1738 Arsenii
1012 1705 1107 1739 Ionia
1129 1702 1217 1754 apud
1244 1702 1462 1750 Bandinium,
1496 1701 1648 1750 Catalog.
1665 1701 1762 1739 MSS.
1782 1713 1834 1750 gr,

184 1755 335 1790 biblioth.
360 1757 512 1792 Laurent.
533 1757 557 1791 1.
584 1769 616 1805 p.
630 1768 703 1801 549.
738 1756 838 1790 Harl.

81 1823 291 1860 Archimedes
308 1821 437 1859 videtur
454 1821 517 1860 esse
533 1821 726 1863 referendus
742 1826 828 1861 inter
842 1826 1103 1874 Pythagoricos,
1129 1827 1202 1874 pari
1215 1827 1286 1861 iure
1297 1849 1309 1865 ‚
1337 1837 1404 1875 quo
1421 1823 1596 1869 Archytas.
1622 1821 1808 1858 Heumann,

82 1893 269 1941 Archippus
284 1892 424 1926 Samius.

83 1962 270 2010 Archippus
284 1961 499 1994 Tarentinus.
553 1960 682 1996 Thebis
695 1957 823 1996 scholas
839 1961 954 1998 habuit
970 1961 1046 1998 teste
1060 1963 1203 1998 Hieron.
1220 1964 1253 1998 in
1268 1960 1382 1997 Rufin.
1438 1961 1526 1994 Inter
1540 1961 1668 2009 primos
1681 1959 1735 1994 hic
1755 1957 1831 2001 suit,

185 2015 240 2063 qui
261 2026 336 2048 cum
356 2010 472 2057 Lyside
490 2016 750 2048 commentarios
765 2013 996 2063 philosophiae
1011 2017 1250 2064 pythagoricae
1265 2013 1375 2050 edidit.
1427 2011 1513 2047 Vide
1530 2013 1699 2059 Porplzyr.
1718 2025 1749 2061 p.
1769 2023 1828 2055 40.

184 2076 215 2102 et
230 2062 315 2100 infra
334 2067 366 2099 in
382 2064 506 2109 Cylon.
560 2066 612 2100 De
627 2067 738 2100 anima
757 2065 919 2114 quaedam
944 2065 1064 2116 scripto
1093 2065 1269 2115 prodidisse
1285 2068 1516 2115 Archippum,
1543 2062 1828 2113 Epaminondam,

180 2117 386 2160 Aristaeum,
414 2116 621 2162 Gorgiadem
642 2128 673 2153 et
694 2117 909 2165 Diodorum,
943 2131 1036 2156 notat
1062 2121 1262 2157 Claudianus
1283 2121 1471 2154 Mamertus
1492 2117 1607 2153 lib.11.
1637 2130 1709 2167 cap.
1727 2128 1757 2161 7.
1785 2114 1829 2153 de

181 2170 264 2206 statu
282 2173 424 2205 animae.
451 2168 508 2216 [lf]

14 2258 17 2274 s
78 2240 310 2278 ARCHYT
321 2242 345 2274 A
357 2240 378 2273 S
407 2239 611 2272 Tarentinus
628 2235 885 2289 πρεσβύτερος,
910 2250 1106 2289 praeceptor
1123 2238 1153 2284 ¹¹)
1171 2240 1334 2279 Platonis,
1357 2249 1388 2275 et
1405 2252 1424 2274 a
1440 2240 1632 2286 Pythagora
1657 2240 1690 2272 in
1706 2233 1828 2272 succes-

180 2289 274 2328 fione
291 2293 438 2327 ochuus.
492 2293 665 2336 Anonym.
692 2292 779 2340 apud
800 2294 896 2327 Phot.
916 2303 984 2337 259.
1010 2292 1242 2328 Aristoxenum
1267 2295 1300 2327 in
1323 2293 1488 2337 Archytae
1511 2295 1575 2327 vita
1599 2289 1711 2326 laudat
1726 2291 1828 2325 Athe-

1726 2355 1827 2378 naeus

122 2412 154 2448 d)
182 2410 341 2452 Archytae
362 2410 477 2441 seruum
506 2409 589 2441 fuisse
611 2410 780 2448 Platonem,
814 2419 926 2442 emtum
981 2412 1051 2442 sium
1070 2420 1236 2447 tyrannum.
1260 2411 1299 2442 id.
1317 2414 1352 2442 X.
1377 2412 1441 2442 hist.
1459 2422 1520 2449 359.
1536 2412 1572 2442 ab
1589 2412 1713 2446 Archyta
1729 2409 1828 2440 scrua-

77 2455 209 2486 hPolide
231 2456 396 2487 nauarcho,
423 2455 498 2493 legas
522 2455 599 2496 apud
621 2457 769 2485 'l'zrram
788 2458 836 2485 XI.
859 2457 925 2485 hist.
980 2466 1041 2486 nnn
1060 2456 1230 2491 Platonem,
1253 2467 1312 2497 quo
1334 2458 1432 2485 minus
1457 2467 1472 2486 a
1489 2457 1631 2491 Dionysio
1648 2456 1827 2485 interficere-

77 2502 144 2534 362.
165 2499 263 2532 Polidi.
282 2498 370 2531 illum
390 2498 516 2538 dedisse,
547 2499 606 2530 fine
625 2498 786 2531 vendidisse
810 2502 924 2535 Diony·
977 2509 1034 2531 tur.
1059 2500 1138 2531 Suid.
1155 2497 1273 2542 Ἀρχύτ.
1303 2500 1378 2539 [vid.
1394 2508 1491 2532 tamen
1508 2500 1672 2532 Staueren.
1693 2499 1728 2529 ad
1749 2500 1826 2571 ξω·-

1710 2552 1746 2573 ne
1760 2551 1826 2572 lum
