2183 2747
82 92 144 121 vot.
160 93 180 120 r·
196 101 222 127 tt-
240 94 366 127 2531'254
582 91 877 130 HERODOTVS
905 92 967 128 DE
993 92 1106 128 VITA
1136 91 1337 128 HOMERI.
1472 92 1543 128 Lib.
1559 93 1611 131 ΙῙ.
1635 104 1660 130 c.
1675 105 1696 127 ι.

1774 104 1832 138 3¹9

81 189 220 226 verbulo
235 187 265 222 θ)
279 188 414 239 quidem
433 191 632 224 meminerit.
686 191 776 224 Hinc
792 187 872 224 Lud.
893 188 1123 224 Cassehietrius
1145 191 1177 223 in
1199 191 1459 225 Commentario
1484 187 1524 224 ad
1550 188 1729 223 Arislotcli5
1753 190 1832 223 Poe·

82 246 203 290 ticam,
231 255 305 292 pag.
323 253 389 286 129.
416 241 625 291 reprehendit
643 243 786 278 Dantem
805 241 952 291 aliosque
967 252 1098 290 primax,
1125 241 1229 290 longe
1246 255 1344 291 quam
1363 244 1533 278 Homerus
1556 238 1747 285 inferiores,
1776 242 1832 290 qui

81 298 181 330 etiam
197 299 431 331 nominetenus
451 293 482 329 se
499 297 530 329 in
549 296 686 330 heroico
702 298 849 330 carmine
873 294 1097 342 compellare,
1123 293 1300 344 laudesque
1323 292 1393 329 suas
1417 294 1582 330 celebrare
1604 292 1662 342 ipsi
1686 307 1754 328 non
1775 293 1832 328 du-

80 349 233 384 bitarunt.
287 350 403 398 Neque
421 358 531 382 tamen
548 346 775 396 ‹ligiiitlimum
798 344 894 382 laude
910 358 1035 389 vatem,
1064 358 1178 396 atque,
1207 356 1238 381 vt
1262 346 1403 382 ‘I‘zetzcs
1421 347 1509 382 Cliil.
1532 346 1668 384 10.liitl.
1687 357 1753 389 319.
1777 359 1832 380 vo-

78 411 131 436 tat
147 396 441 452 χρυσί’γλωττσν,
469 397 568 435 Musa
585 403 672 436 mori
691 415 761 435 non
777 403 888 442 vetuit,
915 411 969 435 aut
987 402 1187 435 memoriam
1203 402 1270 434 eius
1285 399 1448 435 obliterari
1472 397 1634 447 permisit:
1659 395 1712 433 scd
1730 411 1832 447 quain

77 453 143 491 late
156 457 280 502 graecis
297 451 404 502 gloria
419 450 482 489 suit
497 452 619 494 litteris,
648 467 706 502 per
719 456 832 488 omnia
851 466 953 502 paene
975 449 1099 488 saecula
1122 452 1338 488 admiratores
1361 452 1418 500 [if]
1436 452 1483 487 illi
1505 455 1700 487 innumeros
1726 462 1757 486 ct
1779 464 1834 485 en-

78 506 253 542 coiniassas
271 508 441 548 excitauit,
469 519 613 556 quorum
637 506 791 542 nonnulli
815 508 914 542 etiam
932 509 1033 541 vitam
1049 509 1115 542 eius
1140 503 1359 555 singularibus
1380 503 1505 555 scriptis
1527 502 1720 540 tradendam
1747 506 1780 538 in
1802 500 1833 538 se

78 555 288 610 susceperunt
312 558 349 596 ‘).

83 637 235 664 Herodotus
257 647 318 664 mem

81 676 168 702 eitam
203 677 314 702 Homeri·

74 715 225 750 strists'eris,
233 724 313 750 quae-

80 755 166 782 titur.

394 639 434 673 ll.
463 639 511 673 Ex
535 639 584 673 his
608 636 792 674 notiss'imus
815 636 858 672 est
879 636 1088 676 Htw-odorus,
1117 638 1208 672 cuius
1233 635 1315 672 liber
1336 635 1377 672 de
1398 639 1461 672 vita
1484 638 1649 676 Homeri,
1678 633 1729 670 ccli
1753 631 1836 671 solet

337 704 400 725 vna
415 705 493 726 cum
513 687 635 740 scriptis
649 689 859 740 antiquilliini
873 700 903 725 et
919 686 1095 724 siiauiffimi
1113 686 1269 725 Historici
1289 688 1456 725 Herodoti
1473 686 1721 729 Halicariiail'ei.
1761 689 1832 722 Nec

338 744 469 779 Ionicae
486 742 635 787 dialem,
661 757 724 793 qua
739 741 934 778 Herodotus
950 739 1021 777 vsus
1037 741 1102 788 est,
1130 743 1162 776 in
1177 743 1244 777 hoc
1260 741 1374 778 libello
1391 740 1508 777 desunt
1523 742 1655 790 vesligia
1667 769 1676 783 ,
1701 751 1732 775 et
1756 742 1832 774 inei-

93 801 130 833 ¹it
145 799 194 831 his
207 797 331 831 verbis:
356 791 535 846 Ὶ-Ιςὲὃοτος
553 796 568 834 ὁ
584 794 876 846 Ἀλικαςνασσειὶς
890 795 966 846 περὶ
982 791 1113 845 Ὀμῆξε
1127 796 1292 841 γενέσιος,
1319 811 1376 843 χρη
1391 794 1518 839 ἡλικίης
1533 791 1592 842 »(ςᾷ
1607 793 1740 838 βιοτῆς,
1769 787 1835 830 τά·

81 811 279 899 lsizc'gnius,
305 861 387 898 quae
405 849 503 898 plane
519 860 664 885 veterem
680 848 922 898 simplicitatem
942 846 1101 883 redolent.

1156 846 1298 883 Alterius
1313 858 1425 883 tamen
1447 845 1612 897 scriptoris
1633 846 1700 882 siue
1726 848 1834 894 potius

81 903 161 939 alius
183 900 367 945 Herodoti,
395 900 523 937 videtur
547 905 620 937 viris
644 901 768 945 docus,
805 901 997 948 Tanaquillo
1018 901 1128 935 Fabi-o
1151 899 1192 936 de
1216 903 1321 951 poetis
1349 902 1479 936 Graecis
1498 914 1531 951 p.
1549 913 1575 947 5.
1598 910 1629 936 et
1650 914 1682 950 p.
1699 911 1769 944 199.
1791 895 1834 933 ad

126 1033 227 1067 L'clm·
249 1033 384 1066 Homer-5
405 1034 505 1067 Letum
525 1033 592 1066 mid
609 1033 756 1077 Gaeffi'inge.
796 1034 867 1068 Von
888 1033 931 1066 lo.

79 1078 220 1110 Hem-isli
236 1077 301 1121 Just
315 1079 453 1120 Ki'ippcn,
476 1080 614 1110 Direc‘lor
628 1079 680 1110 der
693 1077 798 1110 Schule
814 1090 850 1109 zu
864 1078 930 1109 Hil-

32 1133 36 1140 ·
80 1123 222 1153 demi-ini.
247 1125 418 1153 Hannover.
444 1129 520 1161 1783.
546 1128 571 1156 8.

123 1169 178 1201 (M.
193 1166 316 1200 Scliott)
332 1166 433 1198 Uellei·
446 1167 507 1198 das
521 1165 669 1197 Studium
684 1164 737 1196 des
751 1165 888 1198 Homers
900 1167 931 1197 in

77 1211 207 1242 nie-dero
223 1210 287 1240 und
302 1209 434 1240 licilicren
448 1209 588 1241 Scliulen.
612 1210 734 1250 Lipsiae.
760 1216 835 1247 1783.
860 1216 885 1243 8.

76 1283 78 1286 ,
123 1257 155 1285 ln
174 1254 218 1283 his
234 1252 346 1294 scriptis
362 1253 454 1283 multa
478 1255 686 1295 reperiuntur,
710 1265 786 1295 quae
807 1253 843 1283 ad
865 1252 926 1294 ple-

78 1300 194 1328 niorem
209 1295 424 1338 melioremque
452 1299 614 1327 carminum
628 1299 860 1328 Hoinericorum
882 1299 926 1327 'm-

71 1340 269 1381 -telligentiain
287 1343 494 1382 praemuniant
511 1343 600 1371 viam.
649 1340 744 1371 Multa
760 1340 827 1377 alia,
851 1351 926 1382 quo-

76 1395 144 1416 rum
169 1384 276 1414 nubem
299 1387 406 1426 partini
429 1387 486 1414 iam
510 1386 674 1415 excitarunt
697 1384 862 1416 Fabricius
885 1391 927 1414 at-

75 1439 134 1471 que
149 1429 246 1458 nostra
261 1436 355 1458 aetate
371 1427 422 1458 cel.
439 1428 665 1469 Blankenburg
679 1428 716 1458 ad
728 1428 855 1460 Sulzeri
869 1427 927 1458 All-

73 1473 209 1512 gemeine
230 1472 369 1502 Theorie
392 1472 445 1502 der
464 1472 591 1503 sch'dnen
607 1474 740 1509 'Ki'inste‚
778 1483 844 1503 voc.
864 1471 929 1503 Ho-

74 1526 159 1554 mer,
188 1524 269 1557 parte
285 1517 320 1546 11.
344 1527 374 1556 p.
391 1520 452 1551 506
468 1534 511 1540 —
525 1526 593 1554 517,
625 1516 677 1546 suo
700 1516 828 1558 quoduis
850 1515 929 1553 loco,

76 1570 127 1591 aut
146 1560 244 1590 oblata
266 1561 436 1597 occatione,
460 1561 782 1599 commemorabuntur.
811 1559 908 1591 Harl.

118 1604 150 1640 b)
174 1603 238 1635 Dio
255 1603 401 1646 Clnysost.
415 1606 550 1635 XXXVI.
574 1615 602 1645 p.
619 1614 692 1640 440.
714 1607 757 1642 [et
776 1612 850 1634 orat.
866 1605 927 1634 LV.

69 1652 104 1691 ‘p.
124 1653 172 1684 558
188 1646 248 1688 sqq.
265 1655 316 1676 aut
331 1647 376 1677 ed.
393 1649 518 1685 Reiske,
542 1656 615 1677 tom.
632 1651 668 1679 11.
694 1659 722 1690 p.
739 1654 790 1683 283
806 1647 882 1689 sqq.]

72 1706 76 1709 ·
116 1695 144 1726 c)
169 1691 340 1722 Homerum
361 1703 522 1734 numquam
545 1691 630 1721 fuiss'e
643 1694 674 1722 in
694 1702 794 1722 rerum
810 1700 925 1727 natura,

73 1734 275 1766 ‹linei-tatione
298 1735 424 1775 quadam
448 1735 600 1766 contendit
619 1735 805 1777 Franciscus
825 1735 926 1766 Hede-

74 1780 175 1814 1inus,
198 1778 293 1808 Akbas
310 1779 506 1818 ci'Aiibignae.
530 1779 599 1810 vide
614 1781 774 1810 Menioires
797 1779 834 1808 de
847 1780 925 1809 Lite-

76 1832 192 1857 rature,
222 1831 294 1850 tom.
310 1824 332 1852 1.
363 1834 390 1863 p.
409 1833 456 1862 317
480 1823 520 1865 sq.
566 1825 687 1854 Nouam
711 1822 925 1853 Bibliothecam

73 1866 240 1905 germanice
263 1864 418 1906 scriptam,
448 1875 521 1908 part.
541 1870 584 1901 63.
606 1878 634 1908 p.
650 1875 711 1904 477
726 1866 787 1908 sqq.
843 1866 925 1898 Heu-

73 1907 357 1945 marim-Hedclinus
372 1911 402 1939 in
421 1911 609 1948 Conjeflures
624 1910 784 1951 academiq.
801 1921 840 1939 ou
859 1909 923 1940 Dis-

73 1954 214 1985 sertation
243 1951 292 1981 sur
319 1952 459 1990 l‘sstade,
497 1956 586 1984 Paris.
614 1962 687 1991 1715.
713 1964 757 1983 12:
777 1954 923 1990 adfirmat,

72 1997 188 2028 nullum
204 2006 344 2036 vmquain
358 1997 494 2027 exstitisse
509 2000 694 2033 Homerum,
717 1999 768 2038 qui
784 2006 871 2039 poeta
894 2005 924 2028 ct

75 2042 238 2072 carminum
256 2039 378 2070 illorum
392 2040 553 2071 celebrium
569 2043 672 2072 auetor
687 2040 798 2072 fuisset:
824 2051 839 2071 e
853 2052 922 2071 con-

73 2087 165 2116 trario
191 2093 345 2126 poemata,
382 2095 457 2126 quae
481 2085 547 2115 Ilias
570 2093 600 2115 et
617 2084 744 2120 Odyffea
765 2094 921 2122 vocantur,

72 2128 277 2160 colleetioncm
302 2128 375 2164 effe,
406 2137 507 2170 putat,
543 2128 729 2159 diuersorum
758 2131 922 2159 carminum

72 2182 123 2203 aut
141 2172 376 2209 tragoediarum,
401 2183 475 2213 quae
492 2176 522 2203 in
545 2175 667 2203 Graecia
688 2175 850 2215 antiquitus
871 2173 920 2202 de-

72 2224 186 2246 cantata
209 2214 344 2251 fument,
375 2226 469 2256 iicquc
492 2219 620 2246 carmina
641 2216 727 2246 laude
752 2228 805 2252 ea,
829 2227 919 2257 quam

70 2259 250 2300 consequuta
268 2259 330 2294 sint,
355 2259 441 2298 (ligna
458 2260 509 2289 fibi
526 2260 631 2290 videri.
681 2260 846 2291 Perraltns
859 2262 918 2290 iam

71 2307 103 2335 in
119 2301 258 2334 Parallele
279 2302 327 2332 des
349 2306 463 2333 anciens
486 2311 514 2332 et
535 2303 584 2333 des
603 2303 758 2334 modernes
779 2313 852 2334 tom.
867 2305 918 2334 111.

93 2347 200 2378 lurima
225 2348 255 2375 in
275 2346 462 2387 poematibus
488 2349 613 2377 Homeri
635 2349 744 2388 epicis,
783 2356 811 2377 ct
832 2347 869 2378 P.
893 2347 920 2378 le

70 2388 185 2432 Boſjic,
210 2388 329 2419 illorum
347 2390 557 2431 admiratorem
578 2393 606 2421 in
629 2390 707 2421 libro
730 2390 866 2430 singulari
882 2390 918 2420 de

71 2436 198 2465 carmine
215 2435 317 2475 epieo,
341 2434 533 2475 reprehendit
545 2434 722 2472 immodice,
746 2444 775 2465 et
797 2445 831 2466 ex
849 2446 917 2466 con-

1690 953 1762 986 Lon
1766 953 1833 1000 gin.

984 1033 1104 1064 ieetiiris
1127 1031 1286 1064 admodum
1309 1031 1460 1063 fallacibus
1483 1030 1616 1071 collegit,
1642 1029 1689 1060 illa
1705 1030 1832 1060 Homeri

984 1084 1119 1119 poemata
1143 1089 1202 1108 non
1225 1086 1284 1107 tani
1306 1079 1432 1108 Homeri
1455 1087 1547 1117 opuS,
1571 1085 1659 1116 quam
1675 1075 1830 1103 variorum

983 1128 1139 1162 poetarum
1173 1123 1302 1152 carmina
1333 1120 1389 1151 effe
1424 1119 1555 1150 collee'ta.
1623 1117 1677 1148 Sed
1708 1115 1830 1147 illorum

983 1164 1114 1201 somnia,
1151 1176 1226 1206 quae
1247 1176 1364 1195 omnem
1389 1164 1475 1195 fidem
1499 1163 1636 1201 frangunt
1663 1161 1829 1201 tolluntque

983 1209 1170 1245 historicam,
1207 1210 1243 1238 ab
1270 1208 1334 1238 aliis
1365 1211 1422 1238 iam
1456 1207 1519 1237 sunt
1549 1206 1665 1236 abunde
1692 1204 1828 1234 refutata.

981 1251 1059 1282 conf.
1085 1252 1201 1292 Georg.
1223 1253 1322 1283 Heiir.
1343 1252 1450 1292 Ayrcr
1485 1254 1515 1281 in
1548 1249 1763 1284 dissertatione,
1793 1247 1830 1276 de

980 1298 1202 1338 comparatione
1229 1295 1404 1326 eruditionis
1427 1298 1564 1336 antiquae
1585 1305 1618 1324 ac
1645 1293 1829 1324 recentioris.

980 1338 1134 1370 subiuneta
1148 1339 1226 1370 Ant.
1242 1339 1432 1370 Blackmallii
1449 1339 1485 1368 de
1509 1339 1681 1380 praestantia
1703 1335 1829 1365 claffico-

982 1394 1048 1414 rum
1063 1384 1217 1414 auCtorum
1234 1385 1496 1418 commentationi,
1520 1382 1609 1412 latine
1626 1379 1736 1415 versae,
1759 1380 1827 1419 Lip-

982 1428 1038 1458 siae
1057 1436 1132 1465 1735.
1157 1433 1182 1460 8.
1206 1438 1234 1469 p.
1251 1431 1320 1463 263-
1332 1433 1388 1465 278
1407 1426 1466 1468 sqq.
1481 1435 1534 1462 305
1551 1425 1611 1466 sqq.
1656 1426 1764 1464 Neque
1781 1422 1831 1451 de·

982 1470 1103 1502 fuerunt
1127 1473 1209 1501 omni
1230 1470 1292 1501 fere
1318 1477 1452 1512 tempore
1481 1469 1767 1503 Homeromastices,
1796 1465 1834 1495 de

983 1515 1091 1557 quibus
1109 1514 1185 1545 infra
1201 1517 1237 1545 11.
1253 1524 1283 1553 7.
1299 1525 1342 1544 10.
1365 1514 1440 1544 adde
1456 1513 1533 1543 infra
1547 1513 1583 1543 ad
1606 1511 1630 1553 6.
1647 1514 1696 1542 XI.
1715 1521 1777 1552 cap.
1794 1512 1830 1540 ΙΙ.

970 1558 1045 1589 ἠοῖ.
1084 1558 1249 1590 Nouvelles
1264 1558 1386 1589 litei-air.
1403 1567 1476 1596 1715.
1495 1557 1584 1587 niens.
1602 1559 1684 1587 Nou.
1716 1553 1831 1594 Goujet

982 1601 1123 1633 Biblioth.
1145 1602 1234 1633 franc.
1257 1610 1328 1632 toni.
1346 1603 1396 1632 IV.
1425 1613 1453 1642 p.
1470 1611 1525 1637 104
1547 1600 1607 1641 sqq.
1668 1597 1830 1644 Niceroizii

981 1647 1183 1678 Nachrieliten
1207 1658 1267 1676 von
1290 1645 1345 1675 <len
1368 1645 1602 1683 Begcbenheiten
1631 1641 1692 1672 und
1720 1642 1828 1671 Selirit-

980 1698 1029 1720 tcn
1053 1691 1225 1721 beriihmter
1241 1689 1409 1720 Gelehrten.
1429 1688 1502 1720 ,Vol.
1519 1690 1569 1718 lv.
1591 1697 1656 1728 pag.
1674 1695 1733 1721 312.
1766 1684 1827 1715 La-

978 1735 1022 1765 mi
1044 1733 1216 1764 deliciarum
1239 1741 1292 1764 etc.
1315 1733 1383 1763 Vol.
1401 1735 1423 1763 1.
1467 1732 1596 1763 Homer.
1621 1741 1664 1760 nr.
1681 1732 1730 1760 IV.
1761 1738 1826 1770 pag.

980 1787 1037 1813 205
1053 1778 1112 1819 sqq.
1158 1781 1192 1809 ln
1207 1779 1420 1808 Transaetions
1435 1775 1474 1806 of
1484 1777 1532 1806 the
1547 1773 1641 1809 Royal
1657 1774 1771 1807 Society
1795 1770 1835 1800 of

980 1822 1169 1860 Edinburgh,
1194 1821 1262 1852 Vol.
1278 1823 1300 1852 1.
1316 1823 1385 1851 mai.
1401 1831 1430 1856 4.
1449 1826 1525 1858 1788.
1544 1819 1610 1849 sefi.
1628 1820 1684 1853 111„
1700 1826 1774 1857 quae
1787 1816 1828 1845 est

978 1865 1132 1902 litteraria,
1147 1865 1225 1897 Iolm
1235 1865 1415 1896 lllaclaurin
1435 1863 1613 1905 probaturus
1629 1862 1679 1897 est,
1695 1862 1826 1890 Troiam

977 1920 993 1939 a
1016 1911 1134 1939 Graecis
1160 1920 1219 1939 non
1241 1907 1296 1939 esse
1316 1915 1447 1950 captam,
1471 1909 1539 1948 quia
1560 1909 1590 1936 iii
1604 1907 1740 1935 Homero
1755 1914 1824 1933 con-

977 1953 1169 1984 tradietiones
1198 1960 1370 1988 occurrant,
1406 1961 1483 1992 quae
1510 1953 1569 1981 iani
1605 1948 1825 1989 antiquioribus

975 1997 1168 2038 scriptoribus
1190 1996 1318 2038 suspecta
1338 1995 1533 2026 videbantur:
1556 1993 1684 2033 ideoque
1703 2001 1823 2032 excerp-

975 2041 1026 2078 fit,
1050 2041 1152 2071 addito
1174 2041 1305 2076 iudicio,
1329 2047 1404 2069 orat.
1423 2041 1472 2070 xl.
1496 2040 1601 2069 Dionis
1624 2035 1770 2070 chrysost.
1791 2037 1823 2064 iii

975 2096 1032 2126 qua
1048 2086 1095 2115 hic
1111 2087 1295 2119 Homerum,
1328 2094 1386 2124 qua
1408 2083 1580 2113 historicum
1602 2090 1695 2121 aeque
1716 2078 1823 2108 diserte

974 2128 1088 2170 culpat,
1112 2139 1144 2158 ac
1170 2127 1271 2164 illum,
1303 2137 1360 2168 qua
1381 2134 1516 2168 poetam,
1540 2128 1570 2155 in
1591 2133 1664 2155 orat.
1683 2125 1733 2153 IV.
1758 2122 1820 2152 lau-

974 2173 1031 2202 dat.
1073 2174 1232 2202 Enimuero
1245 2170 1391 2200 sermones
1407 2178 1496 2212 atquc
1511 2171 1693 2199 narrationes
1709 2169 1738 2196 in
1756 2166 1822 2196 vul-

972 2227 1011 2255 go
1025 2224 1198 2256 propagatas
1214 2222 1302 2256 poeta
1324 2224 1443 2256 quoque
1465 2213 1518 2243 suo
1541 2215 1605 2243 iure
1621 2211 1702 2252 sequi
1726 2211 1821 2250 potest

973 2269 1001 2290 et
1023 2259 1113 2295 solet,
1144 2269 1196 2288 nec
1220 2257 1288 2288 illae
1309 2257 1481 2288 traditiones
1501 2256 1634 2294 vulgares
1661 2253 1818 2284 secundum

973 2314 1036 2333 earn
1065 2301 1213 2341 regulam,
1235 2313 1269 2332 ac
1290 2312 1377 2332 verne
1391 2302 1547 2336 historiae,
1572 2299 1635 2329 sunt
1649 2297 1820 2336 exigendae.

973 2348 1102 2377 Troiam
1128 2348 1219 2384 igitur
1245 2354 1357 2388 captam
1390 2344 1464 2381 effe,
1501 2345 1602 2382 negari
1629 2353 1688 2371 non
1711 2342 1816 2382 potest,

973 2400 1150 2430 quamquam
1171 2392 1202 2419 in
1221 2397 1356 2431 poemate
1379 2390 1504 2420 Homeri
1530 2388 1596 2419 fleta
1617 2384 1744 2427 falsaque
1767 2394 1815 2414 oc-

971 2443 1101 2475 currunt.
1127 2433 1222 2465 Harl.
