2183 2747
131 141 224 169 Vol-¹·
242 151 266 178 Ρ-
276 147 319 178 4²¹
335 146 356 180 P
371 148 418 180 ⁴⁴33
659 147 722 185 DE
767 149 974 188 SPHAERA
1019 152 1326 194 EMPEDOCLIS.
1492 164 1562 200 Lib.
1579 166 1627 200 ΙΙ.
1645 179 1667 202 r.
1687 181 1727 204 ιε,
1834 181 1892 220 319

470 244 513 280 Et
542 241 607 293 ipse
634 242 767 282 Perseus
793 246 950 298 celeripes
979 246 1101 287 falcem
1128 261 1254 296 tenens,

471 296 677 347 pedibusque
705 309 793 350 terga
818 298 913 337 sortis
943 304 1083 353 Aurigae
1110 318 1277 354 premens.

371 362 414 398 35
471 353 572 400 Equo
601 353 782 388 cohaerens
810 364 897 404 aptat
927 354 1162 394 Andromedae
1187 370 1298 410 caput,

474 405 566 440 Cum
593 416 705 440 ventre
728 409 852 456 equino
879 407 967 444 stella
991 408 1105 446 eadem
1129 409 1314 462 fulguranS.

469 459 623 507 Interque
650 459 792 495 Olorem
821 471 852 496 et
879 461 982 497 altero
1007 464 1134 500 Nixum
1159 477 1248 515 genu

467 511 558 556 Lyra
581 510 745 548 collocata
769 512 829 549 est:
853 515 992 564 Delphis
1019 527 1050 551 at
1076 528 1192 554 contra
1217 517 1329 556 sedens

466 564 506 598 In
532 562 644 599 medio
669 563 708 600 ad
732 577 823 602 ortus
846 565 991 603 siderum
1014 570 1139 606 horum
1161 570 1282 609 visitur.

364 627 415 659 40
471 617 568 652 Tum
596 630 674 654 vero
701 622 861 668 equinum
889 624 1048 670 proxime
1073 635 1206 672 apparet
1233 636 1338 676 caput.

468 671 511 704 At
525 672 749 719 Capricornus
770 669 867 722 supra
888 673 1010 709 habens
1033 678 1220 724 Aquarium

467 721 618 759 Caudam
639 736 744 773 prope
769 723 873 774 ipsam
896 730 1016 762 vertice
1041 726 1182 766 adfectat
1202 728 1280 768 suo:

463 777 634 825 Supraque
662 778 808 826 Delphin
836 789 868 814 et
888 780 1022 829 Sagitta,
1053 782 1173 831 Aquila
1196 795 1228 820 et
1251 784 1361 824 finiul.

461 830 572 864 Tenet
598 830 796 878 Ophiuchus
818 829 885 880 ipse
909 843 1046 881 vtraque
1071 837 1227 883 Anguem
1251 853 1364 876 manu.

360 892 403 924 ⁴5
460 879 533 929 Ipse
561 885 687 930 Anguis
713 881 798 919 infra
826 883 935 933 [quod
963 885 1088 922 volenti
1112 901 1244 928 cernere
1269 891 1329 939 est]

460 936 571 984 Caput
597 934 725 971 videtur
752 950 830 973 eum
859 940 998 974 Corona
1026 942 1172 990 iungere.

544 989 595 1023 En
624 986 725 1024 sidera
752 991 836 1025 haee
859 988 932 1026 sunt
958 995 1056 1040 partis
1081 993 1119 1029 ad
1149 996 1290 1032 Boream
1321 995 1414 1034 sitae:

456 1041 549 1090 Qae
575 1038 684 1077 versus
714 1042 883 1087 Austrum,
909 1045 1001 1080 hunc
1028 1044 1181 1083 ordinem
1211 1059 1328 1086 contra
1358 1050 1526 1088 obtinent:

459 1093 527 1127 Sub
553 1092 657 1143 ipsum
690 1108 833 1131 acumen
858 1098 986 1146 Scorpii
1012 1100 1077 1134 Ara
1098 1098 1220 1137 visitur.

355 1156 402 1188 50
457 1146 570 1180 Chelis
593 1143 648 1181 sub
681 1146 753 1196 ipfis
776 1159 808 1184 et
836 1150 942 1198 Nepai
969 1162 1110 1199 corpore

453 1199 566 1233 Priora
588 1211 703 1248 parent
723 1202 872 1237 membra
900 1204 1057 1239 Centauri
1083 1202 1183 1240 senis:

456 1252 589 1300 Corpus
613 1249 759 1289 ferinum
788 1251 933 1291 noscitur
960 1253 1066 1291 subter
1093 1271 1224 1296 manus.

454 1305 579 1340 Verum
609 1302 666 1340 sub
693 1309 815 1343 anticas
840 1307 992 1357 Sagittari
1020 1323 1139 1345 manus

450 1356 590 1393 Rotatus
620 1359 708 1394 orbis
732 1359 878 1397 siderum
905 1361 1133 1401 conuoluitur.
1163 1364 1220 1412 [if]

349 1422 393 1456 55
449 1411 540 1445 Hinc
563 1412 650 1446 orbis
678 1412 762 1449 alius
790 1416 848 1462 qui
871 1425 1009 1451 vocatur
1038 1415 1190 1452 Circulus

448 1462 631 1507 Aufidum,
655 1464 735 1500 alius
762 1465 969 1517 Pisciumque
997 1471 1150 1504 cernitur.

538 1519 581 1552 At
602 1519 732 1567 Virgini
749 1529 780 1555 et
801 1521 915 1556 medio
938 1522 1042 1557 Leoni
1070 1519 1212 1558 subiacet

445 1569 528 1604 Dira
554 1569 688 1614 Hydra,
713 1570 754 1607 ad
783 1570 915 1622 asprum
945 1587 1028 1624 quae
1056 1585 1152 1624 caput
1180 1577 1348 1613 Cancrum
1377 1577 1484 1618 refert.

446 1620 667 1672 Caudamque
695 1627 852 1662 Centauri
878 1626 917 1662 ad
945 1626 1044 1676 pedes
1074 1639 1162 1664 retro
1191 1628 1339 1666 vltimos.

342 1676 391 1709 60
448 1676 548 1723 Spiris
578 1673 634 1711 sub
662 1676 738 1725 ipsrs
766 1681 914 1716 maxime
944 1679 1073 1717 illustris
1102 1691 1214 1716 manet

445 1729 574 1771 Crater,
601 1738 633 1764 et
660 1730 737 1767 inde
765 1736 916 1768 membra
944 1736 1103 1769 Centauri
1134 1746 1239 1783 prope

447 1780 517 1815 Stat
544 1783 690 1829 Coruus,
717 1785 856 1821 Orionis
879 1785 918 1821 ad
945 1785 1076 1822 laeuam
1104 1784 1193 1822 sedet
1287 1807 1290 1809 Δ

447 1831 602 1874 Flumen,
629 1831 684 1870 sub
712 1835 787 1885 ipsis
814 1837 951 1886 pedibus
977 1838 1022 1875 est
1046 1838 1171 1889 leuipes
1200 1841 1321 1890 Lepus,

443 1884 509 1932 Qi
532 1882 757 1934 fulgerantem
781 1891 904 1926 Sirium
929 1889 1015 1941 fugit
1036 1895 1175 1928 Canem.

343 1936 389 1978 65
444 1935 581 1971 Pedibus
607 1943 813 1989 propinquat
838 1943 962 1980 vltimis
994 1945 1188 1986 Caniculae,

446 1987 662 2027 Seruaculum
683 1996 812 2042 Argus5
837 2004 869 2031 et
897 1998 1053 2034 cohaeret
1081 1998 1214 2034 artubus

1041 2052 1068 2088 L
1082 2051 1093 2087 l
1116 2049 1178 2088 lll
1203 2060 1222 2083 2
1697 2060 1859 2103 Flammis

143 2153 171 2172 v.
188 2151 238 2180 47.
262 2138 356 2178 :dmm
374 2143 471 2173 minus
494 2142 579 2174 bene.
602 2144 721 2178 Heder.
1049 2163 1078 2184 v.
1095 2162 1141 2189 50.
1169 2151 1207 2184 al.
1227 2150 1271 2180 6⁷1²
1288 2151 1385 2188 ath-ok,
1410 2156 1491 2196 quod
1501 2161 1674 2202 neutiquam
1690 2167 1855 2207 rdecerim,

142 2213 171 2232 v.
189 2209 236 2239 48.
260 2200 293 2231 τὸ
310 2200 372 2242 ,τρᾶς
390 2200 478 2240 νότον)
504 2202 607 2234 Malim
625 2202 662 2233 nl
680 2203 752 2247 ‚ql-0¹5·
804 2209 877 2240 Mox
893 2221 949 2252 pro
1003 2198 1056 2246 nili
1074 2208 1144 2227 mox
1161 2208 1216 2238 pro
1233 2194 1352 2246 σώματα
1366 2199 1579 2250 εῑιεηι.σῶματι
1593 2216 1659 2236 cum
1677 2208 1754 2241 Flor.
1769 2213 1855 2244 Chri·

99 2243 230 2282 σόματοι,
253 2245 358 2276 melius
377 2245 498 2282 σώματι,
523 2250 593 2288 quia
614 2248 689 2280 dixit
710 2253 829 2287 χηλαῖς,
853 2265 949 2295 neque
1003 2241 1097 2271 st¹²¹¹⁰
1112 2240 1209 2280 legere
1222 2239 1316 2270 “¹³¹ss
1342 2241 1506 2278 Hedem‘h·
1718 2256 1721 2257 ⁷

99 2292 177 2320 enim
193 2293 279 2332 Nepa
296 2290 402 2331 duplex
420 2291 508 2320 habet
524 2301 642 2333 corpus,
663 2295 714 2323 nifi
733 2295 838 2326 Chelas
861 2297 947 2339 ipsas,
1046 2309 1075 2329 v.
1092 2303 1141 2329 60.
1165 2301 1292 2335 καμπαῖς
1307 2297 1332 2329 δ’
1353 2298 1399 2330 ὄπ’
1416 2302 1526 2341 αὐταῖς)
1545 2308 1645 2346 Qid3
1669 2311 1689 2341 fi
1713 2310 1791 2352 legas
1807 2316 1856 2345 ἒπῖ

99 2343 173 2375 quae
190 2345 245 2376 pro
262 2333 338 2364 libra
354 2333 546 2376 viiii-paritur,
581 2347 686 2378 corpus
712 2337 794 2368 aliud
816 2339 886 2371 facis
909 2342 946 2373 ab
1002 2352 1058 2384 pro
1074 2340 1136 2373 ὑπ’.
1181 2345 1289 2385 Neque
1312 2347 1390 2375 enim
1407 2346 1458 2377 sub
1471 2348 1565 2391 spira,
1597 2351 1645 2383 sed
1666 2354 1753 2398 supra
1773 2369 1851 2390 eam-

98 2376 161 2419 ipso
177 2388 314 2421 corpore,
337 2378 368 2409 id
384 2380 434 2416 est,
458 2388 555 2420 partes
570 2379 696 2419 seiungis
711 2392 727 2411 a
743 2390 817 2414 toto.
1000 2385 1068 2416 dem
1083 2388 1186 2418 Crater
1201 2397 1294 2429 aeque
1308 2399 1340 2420 ac
1350 2391 1467 2423 Coruus
1485 2395 1715 2437 conspiciuntur.
1733 2401 1850 2434 Heder.

139 2457 168 2476 v.
189 2457 240 2484 49.
270 2449 346 2484 τέως)
391 2459 462 2479 num
482 2449 624 2480 mendum
655 2449 761 2488 lateat,
797 2463 835 2484 an
856 2456 945 2487 metri
1043 2466 1073 2485 v.
1097 2459 1143 2491 63-
1167 2455 1307 2493 ποταμδν)
1342 2458 1525 2494 Eridanum
1547 2475 1670 2509 nempe,
1702 2469 1762 2501 fine
1782 2472 1850 2504 Pa-

97 2486 189 2522 tolum
203 2493 298 2531 gratia
311 2492 446 2525 additum
462 2494 508 2532 fit,
532 2495 652 2527 haefitat
676 2495 792 2529 Heder.
997 2498 1086 2537 dum,
1107 2498 1176 2532 licet
1191 2500 1256 2533 ains
1277 2505 1368 2534 etiam
1382 2505 1479 2539 Nilus
1492 2506 1544 2541 ille
1558 2510 1709 2545 habeatur.
1733 2515 1852 2549 Heder.
